Time,Bid,Ask
2013.03.10 21:00:08.361,1.04978,1.05032
2013.03.10 21:00:08.482,1.04973,1.05032
2013.03.10 21:00:45.983,1.04979,1.05038
2013.03.10 21:01:06.207,1.04982,1.05038
2013.03.10 21:01:19.825,1.04988,1.05038
2013.03.10 21:01:20.236,1.0499,1.05038
2013.03.10 21:01:21.085,1.0499,1.05043
2013.03.10 21:01:39.688,1.04994,1.05043
2013.03.10 21:01:40.330,1.04994,1.05028
2013.03.10 21:01:40.453,1.04987,1.05028
2013.03.10 21:02:21.342,1.04985,1.05028
2013.03.10 21:02:40.347,1.04985,1.0504
2013.03.10 21:02:49.072,1.04993,1.05041
2013.03.10 21:02:49.133,1.04993,1.05044
2013.03.10 21:02:49.299,1.04993,1.05029
2013.03.10 21:02:49.683,1.04993,1.05043
2013.03.10 21:02:49.849,1.04993,1.05028
2013.03.10 21:02:50.502,1.04992,1.05028
2013.03.10 21:02:50.564,1.04986,1.05028
2013.03.10 21:02:52.870,1.04986,1.05039
2013.03.10 21:02:52.935,1.04992,1.05041
2013.03.10 21:02:52.994,1.04992,1.05044
2013.03.10 21:02:53.053,1.04992,1.05029
2013.03.10 21:02:54.799,1.04992,1.05043
2013.03.10 21:02:55.193,1.04992,1.05029
2013.03.10 21:02:55.313,1.04985,1.05029
2013.03.10 21:03:00.249,1.04983,1.05029
2013.03.10 21:03:00.303,1.04979,1.05029
2013.03.10 21:03:08.933,1.04976,1.05014
2013.03.10 21:03:08.994,1.04971,1.05014
2013.03.10 21:03:23.663,1.04972,1.05018
2013.03.10 21:03:23.723,1.04975,1.05018
2013.03.10 21:03:40.353,1.04976,1.05025
2013.03.10 21:03:40.413,1.04982,1.05028
2013.03.10 21:03:41.197,1.04982,1.05029
2013.03.10 21:03:53.319,1.04982,1.05028
2013.03.10 21:04:01.313,1.04984,1.05028
2013.03.10 21:04:19.663,1.04988,1.05041
2013.03.10 21:04:40.204,1.04987,1.0504
2013.03.10 21:04:53.376,1.04987,1.05041
2013.03.10 21:05:00.193,1.04987,1.05042
2013.03.10 21:05:18.075,1.04992,1.0505
2013.03.10 21:05:38.203,1.04994,1.05053
2013.03.10 21:05:38.263,1.04996,1.05053
2013.03.10 21:05:40.359,1.04988,1.05051
2013.03.10 21:05:40.429,1.04988,1.05048
2013.03.10 21:05:42.518,1.04988,1.05048
2013.03.10 21:05:55.283,1.04993,1.05048
2013.03.10 21:05:59.854,1.04993,1.05046
2013.03.10 21:06:00.024,1.04985,1.0504
2013.03.10 21:06:09.344,1.04987,1.0504
2013.03.10 21:06:09.404,1.04993,1.05043
2013.03.10 21:06:13.412,1.04988,1.05038
2013.03.10 21:06:13.474,1.04985,1.05038
2013.03.10 21:06:33.604,1.04986,1.05039
2013.03.10 21:06:54.195,1.04988,1.05041
2013.03.10 21:07:06.824,1.04988,1.05041
2013.03.10 21:08:06.827,1.04988,1.05042
2013.03.10 21:08:37.245,1.04988,1.05042
2013.03.10 21:08:57.740,1.04986,1.05044
2013.03.10 21:08:57.794,1.04991,1.05047
2013.03.10 21:09:10.670,1.04985,1.05044
2013.03.10 21:09:10.784,1.04985,1.05039
2013.03.10 21:09:29.634,1.04985,1.05038
2013.03.10 21:09:30.552,1.04986,1.05039
2013.03.10 21:09:31.357,1.04989,1.05041
2013.03.10 21:09:35.314,1.04988,1.05041
2013.03.10 21:09:35.675,1.04982,1.05034
2013.03.10 21:09:41.114,1.04982,1.05036
2013.03.10 21:09:41.354,1.04982,1.05033
2013.03.10 21:09:43.863,1.04987,1.05038
2013.03.10 21:09:43.924,1.04989,1.05041
2013.03.10 21:10:04.543,1.04991,1.05044
2013.03.10 21:10:35.341,1.04995,1.05048
2013.03.10 21:10:35.592,1.04999,1.05053
2013.03.10 21:10:35.833,1.04994,1.05047
2013.03.10 21:10:56.223,1.04997,1.05048
2013.03.10 21:10:59.871,1.04997,1.05048
2013.03.10 21:11:16.313,1.04995,1.05047
2013.03.10 21:11:33.310,1.04995,1.05049
2013.03.10 21:11:33.613,1.05003,1.05056
2013.03.10 21:11:37.413,1.05,1.05054
2013.03.10 21:11:43.112,1.05003,1.05056
2013.03.10 21:11:48.837,1.05007,1.05059
2013.03.10 21:11:48.893,1.05017,1.0507
2013.03.10 21:11:51.382,1.05017,1.0507
2013.03.10 21:11:53.549,1.05017,1.0507
2013.03.10 21:11:53.723,1.05011,1.05061
2013.03.10 21:11:53.782,1.05009,1.05061
2013.03.10 21:11:56.333,1.05009,1.05061
2013.03.10 21:12:02.003,1.05002,1.05054
2013.03.10 21:12:42.813,1.04998,1.0505
2013.03.10 21:12:56.381,1.04996,1.05052
2013.03.10 21:13:02.899,1.04996,1.05052
2013.03.10 21:13:36.067,1.05,1.05052
2013.03.10 21:13:36.796,1.05006,1.05059
2013.03.10 21:13:57.195,1.05006,1.05057
2013.03.10 21:14:03.803,1.05003,1.05057
2013.03.10 21:14:07.653,1.05001,1.0505
2013.03.10 21:14:07.713,1.04999,1.0505
2013.03.10 21:14:18.883,1.05001,1.05051
2013.03.10 21:14:19.297,1.04998,1.05051
2013.03.10 21:14:19.627,1.04998,1.05054
2013.03.10 21:14:20.233,1.04991,1.05051
2013.03.10 21:14:21.393,1.04991,1.05049
2013.03.10 21:14:30.847,1.04992,1.05049
2013.03.10 21:14:31.067,1.04993,1.05049
2013.03.10 21:14:31.515,1.04998,1.05051
2013.03.10 21:14:51.183,1.05001,1.05055
2013.03.10 21:15:03.627,1.05001,1.05055
2013.03.10 21:15:03.748,1.04991,1.05045
2013.03.10 21:15:06.047,1.04991,1.05045
2013.03.10 21:15:07.806,1.04991,1.05045
2013.03.10 21:15:07.984,1.04999,1.05049
2013.03.10 21:15:08.044,1.04999,1.05054
2013.03.10 21:15:08.122,1.04999,1.05043
2013.03.10 21:15:08.184,1.04983,1.05033
2013.03.10 21:15:08.914,1.04985,1.05033
2013.03.10 21:15:13.663,1.04985,1.05035
2013.03.10 21:15:13.854,1.04994,1.05047
2013.03.10 21:15:13.913,1.04993,1.05047
2013.03.10 21:15:18.590,1.04993,1.05046
2013.03.10 21:15:18.714,1.04987,1.05037
2013.03.10 21:15:19.357,1.04984,1.05037
2013.03.10 21:15:19.473,1.04978,1.0503
2013.03.10 21:15:19.593,1.0498,1.0503
2013.03.10 21:15:19.814,1.04986,1.05038
2013.03.10 21:15:22.546,1.04986,1.05038
2013.03.10 21:15:39.596,1.04986,1.05039
2013.03.10 21:15:40.101,1.04994,1.05042
2013.03.10 21:16:39.628,1.04991,1.05045
2013.03.10 21:16:39.984,1.04964,1.05055
2013.03.10 21:16:40.145,1.04982,1.05049
2013.03.10 21:16:40.676,1.04995,1.05047
2013.03.10 21:16:41.928,1.04995,1.05047
2013.03.10 21:16:42.295,1.04997,1.05044
2013.03.10 21:16:42.815,1.04997,1.05047
2013.03.10 21:16:47.575,1.04996,1.05047
2013.03.10 21:16:48.164,1.04997,1.05047
2013.03.10 21:17:41.194,1.05001,1.05052
2013.03.10 21:17:48.156,1.05,1.05055
2013.03.10 21:18:02.145,1.04997,1.05052
2013.03.10 21:18:02.203,1.04996,1.05051
2013.03.10 21:18:23.234,1.04995,1.05051
2013.03.10 21:19:23.329,1.04962,1.05062
2013.03.10 21:20:26.158,1.04983,1.05052
2013.03.10 21:20:33.291,1.04996,1.0505
2013.03.10 21:20:34.062,1.04996,1.05048
2013.03.10 21:20:34.612,1.04996,1.05048
2013.03.10 21:20:47.385,1.04995,1.05048
2013.03.10 21:20:47.625,1.04995,1.05042
2013.03.10 21:21:15.664,1.04992,1.05042
2013.03.10 21:22:04.897,1.04994,1.05046
2013.03.10 21:22:09.154,1.05,1.05048
2013.03.10 21:22:09.494,1.05,1.05053
2013.03.10 21:23:09.188,1.05002,1.05054
2013.03.10 21:23:14.374,1.05002,1.05055
2013.03.10 21:23:24.589,1.05002,1.05055
2013.03.10 21:23:29.415,1.05002,1.05055
2013.03.10 21:23:46.164,1.05002,1.05055
2013.03.10 21:24:10.387,1.04961,1.05072
2013.03.10 21:24:16.475,1.04974,1.05075
2013.03.10 21:24:40.299,1.04971,1.05065
2013.03.10 21:24:40.405,1.04972,1.05061
2013.03.10 21:25:24.567,1.04982,1.05051
2013.03.10 21:25:25.117,1.04995,1.05045
2013.03.10 21:25:30.305,1.05001,1.05051
2013.03.10 21:25:30.810,1.05001,1.05049
2013.03.10 21:25:32.598,1.04998,1.05048
2013.03.10 21:25:37.135,1.05001,1.05048
2013.03.10 21:25:51.297,1.05001,1.05051
2013.03.10 21:25:51.848,1.05001,1.05051
2013.03.10 21:26:04.387,1.04998,1.05047
2013.03.10 21:26:07.255,1.04996,1.05048
2013.03.10 21:26:09.565,1.04996,1.05048
2013.03.10 21:26:10.056,1.05001,1.05055
2013.03.10 21:26:17.645,1.05003,1.05055
2013.03.10 21:26:17.946,1.05002,1.05052
2013.03.10 21:26:28.821,1.05001,1.05047
2013.03.10 21:26:29.577,1.04997,1.05047
2013.03.10 21:27:29.597,1.04995,1.05049
2013.03.10 21:27:31.104,1.04995,1.05049
2013.03.10 21:28:13.193,1.04996,1.0505
2013.03.10 21:28:31.124,1.04996,1.05049
2013.03.10 21:28:31.245,1.0499,1.05043
2013.03.10 21:29:07.614,1.0499,1.05042
2013.03.10 21:29:36.644,1.04993,1.05042
2013.03.10 21:29:51.284,1.04987,1.05041
2013.03.10 21:30:11.355,1.04987,1.05043
2013.03.10 21:30:25.885,1.05001,1.05043
2013.03.10 21:30:36.672,1.05001,1.05053
2013.03.10 21:30:46.274,1.05,1.05053
2013.03.10 21:31:00.955,1.05,1.05052
2013.03.10 21:31:02.166,1.05,1.05053
2013.03.10 21:31:06.174,1.05,1.05052
2013.03.10 21:31:26.257,1.04999,1.05052
2013.03.10 21:31:26.664,1.05,1.05043
2013.03.10 21:31:26.725,1.04994,1.05032
2013.03.10 21:31:26.785,1.04991,1.05032
2013.03.10 21:31:27.977,1.04985,1.05032
2013.03.10 21:31:38.842,1.04985,1.05032
2013.03.10 21:31:48.142,1.04985,1.05032
2013.03.10 21:32:05.165,1.04984,1.05033
2013.03.10 21:32:05.225,1.04962,1.05012
2013.03.10 21:32:05.284,1.0496,1.05012
2013.03.10 21:32:05.405,1.04961,1.05015
2013.03.10 21:32:05.465,1.04971,1.05021
2013.03.10 21:32:05.585,1.04971,1.05023
2013.03.10 21:32:05.765,1.04987,1.05041
2013.03.10 21:32:05.885,1.04973,1.05027
2013.03.10 21:32:06.005,1.04988,1.05041
2013.03.10 21:32:06.125,1.04978,1.0503
2013.03.10 21:32:06.288,1.04981,1.05032
2013.03.10 21:32:06.405,1.0498,1.05032
2013.03.10 21:32:06.561,1.04981,1.05032
2013.03.10 21:32:06.715,1.0498,1.05032
2013.03.10 21:32:06.945,1.0498,1.05032
2013.03.10 21:32:07.065,1.04979,1.05031
2013.03.10 21:32:08.917,1.04979,1.05033
2013.03.10 21:32:26.195,1.04991,1.05041
2013.03.10 21:32:26.581,1.04997,1.05049
2013.03.10 21:32:27.010,1.05002,1.05049
2013.03.10 21:32:38.235,1.05002,1.05058
2013.03.10 21:32:38.295,1.05002,1.05059
2013.03.10 21:32:38.666,1.0501,1.05052
2013.03.10 21:32:38.745,1.05001,1.05052
2013.03.10 21:32:38.805,1.04999,1.05052
2013.03.10 21:32:44.289,1.05001,1.05052
2013.03.10 21:32:44.676,1.04999,1.05052
2013.03.10 21:32:51.549,1.05001,1.05052
2013.03.10 21:32:59.294,1.05001,1.05053
2013.03.10 21:32:59.355,1.05002,1.05053
2013.03.10 21:33:07.059,1.05002,1.05053
2013.03.10 21:33:07.305,1.04993,1.05047
2013.03.10 21:33:13.365,1.04995,1.05047
2013.03.10 21:33:20.529,1.04988,1.05043
2013.03.10 21:33:27.654,1.04988,1.05041
2013.03.10 21:33:27.850,1.04988,1.05043
2013.03.10 21:33:40.654,1.0499,1.05043
2013.03.10 21:33:48.655,1.04977,1.0503
2013.03.10 21:33:48.715,1.04976,1.05021
2013.03.10 21:33:48.905,1.0497,1.05023
2013.03.10 21:33:49.046,1.04971,1.05033
2013.03.10 21:33:49.265,1.04972,1.05035
2013.03.10 21:33:52.092,1.04983,1.05037
2013.03.10 21:33:57.879,1.04985,1.05037
2013.03.10 21:33:57.995,1.04991,1.05038
2013.03.10 21:33:58.600,1.04991,1.05043
2013.03.10 21:34:00.850,1.04989,1.05043
2013.03.10 21:34:00.966,1.04969,1.05019
2013.03.10 21:34:01.085,1.04969,1.05022
2013.03.10 21:34:01.315,1.04975,1.05028
2013.03.10 21:34:01.872,1.04982,1.05035
2013.03.10 21:34:02.065,1.04992,1.05045
2013.03.10 21:34:08.904,1.04982,1.05037
2013.03.10 21:35:08.964,1.04951,1.05062
2013.03.10 21:35:34.658,1.0495,1.0507
2013.03.10 21:35:52.181,1.04966,1.05046
2013.03.10 21:35:52.557,1.04979,1.05033
2013.03.10 21:36:06.368,1.04985,1.05041
2013.03.10 21:36:07.455,1.04987,1.0505
2013.03.10 21:36:07.548,1.04996,1.0505
2013.03.10 21:36:07.605,1.04997,1.05052
2013.03.10 21:36:08.058,1.05002,1.05056
2013.03.10 21:36:09.507,1.04997,1.05052
2013.03.10 21:36:09.565,1.04996,1.0505
2013.03.10 21:36:17.755,1.04996,1.05057
2013.03.10 21:36:17.815,1.05,1.05059
2013.03.10 21:36:45.124,1.05001,1.05057
2013.03.10 21:36:45.650,1.05008,1.05064
2013.03.10 21:37:03.496,1.05004,1.05057
2013.03.10 21:37:03.555,1.05002,1.05057
2013.03.10 21:37:44.115,1.05004,1.05057
2013.03.10 21:37:45.130,1.05004,1.0506
2013.03.10 21:37:55.618,1.05004,1.05057
2013.03.10 21:38:03.435,1.05004,1.0506
2013.03.10 21:38:04.149,1.05004,1.05061
2013.03.10 21:38:04.738,1.05007,1.05063
2013.03.10 21:38:13.444,1.05007,1.05061
2013.03.10 21:38:22.620,1.05007,1.05063
2013.03.10 21:38:40.436,1.05007,1.05061
2013.03.10 21:38:40.938,1.05007,1.05061
2013.03.10 21:38:41.975,1.05007,1.05062
2013.03.10 21:39:02.295,1.05012,1.05062
2013.03.10 21:39:17.571,1.05012,1.05071
2013.03.10 21:39:23.075,1.05014,1.05073
2013.03.10 21:39:38.067,1.05014,1.0507
2013.03.10 21:39:38.537,1.05014,1.05068
2013.03.10 21:39:43.184,1.05014,1.05068
2013.03.10 21:39:44.485,1.05013,1.0507
2013.03.10 21:40:01.821,1.05013,1.05068
2013.03.10 21:40:02.323,1.05013,1.05063
2013.03.10 21:40:05.775,1.05013,1.0507
2013.03.10 21:40:08.043,1.05013,1.05068
2013.03.10 21:40:12.815,1.05013,1.0507
2013.03.10 21:40:24.325,1.05013,1.0507
2013.03.10 21:40:25.303,1.05015,1.05064
2013.03.10 21:40:25.530,1.05021,1.05064
2013.03.10 21:40:25.876,1.05014,1.05064
2013.03.10 21:40:26.886,1.05014,1.05064
2013.03.10 21:40:28.053,1.05016,1.05067
2013.03.10 21:40:28.155,1.05022,1.05067
2013.03.10 21:40:28.518,1.05014,1.05066
2013.03.10 21:40:28.636,1.05016,1.05066
2013.03.10 21:40:28.707,1.05022,1.05067
2013.03.10 21:40:28.826,1.05012,1.05064
2013.03.10 21:40:29.143,1.05012,1.05064
2013.03.10 21:40:38.833,1.05019,1.05064
2013.03.10 21:40:39.086,1.05018,1.05071
2013.03.10 21:40:39.217,1.05012,1.05064
2013.03.10 21:40:41.363,1.05012,1.05064
2013.03.10 21:40:41.583,1.05017,1.05071
2013.03.10 21:40:43.563,1.05019,1.05066
2013.03.10 21:40:43.806,1.05017,1.05071
2013.03.10 21:40:50.656,1.05019,1.05066
2013.03.10 21:40:51.627,1.05021,1.05073
2013.03.10 21:40:57.217,1.05018,1.0507
2013.03.10 21:40:57.336,1.05013,1.05061
2013.03.10 21:40:57.397,1.05011,1.05061
2013.03.10 21:41:18.236,1.0501,1.05061
2013.03.10 21:41:26.132,1.0501,1.05062
2013.03.10 21:41:26.266,1.05002,1.05055
2013.03.10 21:41:26.326,1.04993,1.05046
2013.03.10 21:41:26.386,1.04985,1.05042
2013.03.10 21:41:26.446,1.04985,1.05039
2013.03.10 21:41:26.626,1.04979,1.05033
2013.03.10 21:41:38.586,1.04981,1.05033
2013.03.10 21:41:38.937,1.0498,1.05032
2013.03.10 21:42:22.816,1.04979,1.05032
2013.03.10 21:42:23.056,1.04972,1.05032
2013.03.10 21:43:23.042,1.04968,1.05033
2013.03.10 21:43:24.076,1.04969,1.05033
2013.03.10 21:43:44.070,1.04971,1.05032
2013.03.10 21:44:12.596,1.04975,1.05034
2013.03.10 21:44:12.656,1.04975,1.05037
2013.03.10 21:44:37.895,1.0497,1.05043
2013.03.10 21:44:55.845,1.04966,1.05033
2013.03.10 21:44:56.595,1.04966,1.05042
2013.03.10 21:45:47.085,1.04973,1.05042
2013.03.10 21:46:04.596,1.04981,1.05042
2013.03.10 21:46:09.626,1.04981,1.05043
2013.03.10 21:46:17.537,1.04986,1.05043
2013.03.10 21:46:17.656,1.04974,1.05041
2013.03.10 21:46:38.257,1.04974,1.05022
2013.03.10 21:46:59.376,1.04971,1.05022
2013.03.10 21:47:17.796,1.04971,1.05036
2013.03.10 21:47:43.179,1.04971,1.05036
2013.03.10 21:47:59.488,1.04942,1.05036
2013.03.10 21:48:00.346,1.04965,1.05035
2013.03.10 21:48:00.407,1.04978,1.05035
2013.03.10 21:48:00.466,1.04978,1.05034
2013.03.10 21:48:21.247,1.04979,1.05034
2013.03.10 21:48:21.552,1.0498,1.05036
2013.03.10 21:48:42.162,1.0498,1.05037
2013.03.10 21:49:00.613,1.0498,1.0504
2013.03.10 21:49:01.136,1.04982,1.05037
2013.03.10 21:49:02.216,1.04983,1.05037
2013.03.10 21:49:03.003,1.04985,1.05042
2013.03.10 21:49:03.426,1.04992,1.05042
2013.03.10 21:49:24.226,1.0499,1.05042
2013.03.10 21:49:45.215,1.0499,1.05042
2013.03.10 21:50:01.314,1.04989,1.05047
2013.03.10 21:50:22.858,1.04989,1.05046
2013.03.10 21:50:26.666,1.04989,1.05046
2013.03.10 21:50:27.429,1.04986,1.05044
2013.03.10 21:50:51.477,1.04986,1.05044
2013.03.10 21:50:55.186,1.04986,1.05044
2013.03.10 21:51:07.146,1.0499,1.05047
2013.03.10 21:51:19.862,1.0499,1.05047
2013.03.10 21:51:28.100,1.0499,1.05047
2013.03.10 21:51:45.977,1.04979,1.05043
2013.03.10 21:51:46.036,1.04979,1.05038
2013.03.10 21:51:46.096,1.04979,1.05035
2013.03.10 21:51:54.092,1.04979,1.05022
2013.03.10 21:51:54.207,1.04974,1.05022
2013.03.10 21:51:54.326,1.04972,1.05022
2013.03.10 21:51:55.301,1.04972,1.05014
2013.03.10 21:51:55.366,1.04972,1.05023
2013.03.10 21:51:57.281,1.04972,1.05023
2013.03.10 21:51:57.507,1.04972,1.05031
2013.03.10 21:52:16.338,1.04979,1.05036
2013.03.10 21:52:18.186,1.04982,1.05036
2013.03.10 21:52:18.800,1.04984,1.05041
2013.03.10 21:52:39.296,1.04985,1.05042
2013.03.10 21:52:40.291,1.04985,1.05042
2013.03.10 21:52:40.407,1.04974,1.05033
2013.03.10 21:52:48.247,1.04976,1.05033
2013.03.10 21:52:48.671,1.04981,1.05039
2013.03.10 21:53:03.336,1.04981,1.05039
2013.03.10 21:53:29.141,1.04981,1.05038
2013.03.10 21:53:32.870,1.04981,1.05033
2013.03.10 21:53:40.607,1.04981,1.05033
2013.03.10 21:53:49.216,1.04978,1.05032
2013.03.10 21:53:49.286,1.04976,1.05032
2013.03.10 21:54:10.241,1.04975,1.0503
2013.03.10 21:54:10.975,1.04973,1.0503
2013.03.10 21:54:30.197,1.04977,1.05033
2013.03.10 21:54:40.631,1.04977,1.05035
2013.03.10 21:54:45.617,1.04977,1.05033
2013.03.10 21:54:45.947,1.04984,1.05032
2013.03.10 21:54:46.307,1.04984,1.05032
2013.03.10 21:54:46.368,1.04984,1.05032
2013.03.10 21:54:46.617,1.04984,1.05036
2013.03.10 21:54:48.338,1.0498,1.05034
2013.03.10 21:54:50.906,1.04981,1.05034
2013.03.10 21:55:09.166,1.04982,1.05034
2013.03.10 21:55:09.730,1.04984,1.05037
2013.03.10 21:55:20.457,1.04977,1.05029
2013.03.10 21:55:20.559,1.04975,1.05027
2013.03.10 21:55:25.619,1.04977,1.05027
2013.03.10 21:55:25.737,1.04982,1.05032
2013.03.10 21:55:32.329,1.04982,1.05032
2013.03.10 21:55:36.743,1.04984,1.05034
2013.03.10 21:55:36.797,1.04985,1.05036
2013.03.10 21:55:57.174,1.04985,1.05036
2013.03.10 21:56:14.573,1.04988,1.05037
2013.03.10 21:56:14.959,1.04988,1.05043
2013.03.10 21:56:55.317,1.04991,1.05043
2013.03.10 21:57:14.580,1.04991,1.05046
2013.03.10 21:57:16.337,1.04993,1.05051
2013.03.10 21:57:37.219,1.04993,1.05051
2013.03.10 21:57:45.498,1.04997,1.05051
2013.03.10 21:57:45.995,1.05008,1.05057
2013.03.10 21:58:06.263,1.05008,1.05057
2013.03.10 21:58:08.077,1.05,1.05056
2013.03.10 21:58:08.137,1.04999,1.05056
2013.03.10 21:58:08.690,1.04999,1.05052
2013.03.10 21:58:09.360,1.04999,1.05053
2013.03.10 21:58:11.227,1.04992,1.05048
2013.03.10 21:58:21.487,1.04999,1.05053
2013.03.10 21:58:37.132,1.04999,1.05052
2013.03.10 21:58:42.143,1.05,1.05052
2013.03.10 21:58:42.709,1.05001,1.05052
2013.03.10 21:58:59.428,1.05008,1.05062
2013.03.10 21:59:12.187,1.05014,1.05048
2013.03.10 21:59:12.606,1.05017,1.05048
2013.03.10 21:59:12.958,1.0501,1.05039
2013.03.10 21:59:19.387,1.0501,1.05054
2013.03.10 21:59:19.648,1.0501,1.05058
2013.03.10 21:59:28.637,1.05018,1.05059
2013.03.10 21:59:29.111,1.0502,1.05059
2013.03.10 21:59:32.378,1.0502,1.05058
2013.03.10 21:59:32.804,1.05027,1.05058
2013.03.10 21:59:33.067,1.05018,1.05058
2013.03.10 21:59:38.111,1.05024,1.05058
2013.03.10 21:59:38.512,1.05026,1.05058
2013.03.10 21:59:42.310,1.05041,1.05058
2013.03.10 21:59:45.050,1.05038,1.05058
2013.03.10 21:59:45.108,1.05026,1.05049
2013.03.10 21:59:45.168,1.05024,1.05049
2013.03.10 21:59:45.228,1.05015,1.05049
2013.03.10 21:59:50.087,1.05015,1.05059
2013.03.10 21:59:50.217,1.05021,1.05059
2013.03.10 22:00:00.208,1.05023,1.05059
2013.03.10 22:00:00.531,1.05045,1.05054
2013.03.10 22:00:00.622,1.05037,1.05054
2013.03.10 22:00:00.679,1.05035,1.05054
2013.03.10 22:00:00.738,1.05028,1.05054
2013.03.10 22:00:00.860,1.05032,1.05054
2013.03.10 22:00:01.378,1.05031,1.05054
2013.03.10 22:00:01.437,1.05028,1.05054
2013.03.10 22:00:01.516,1.05035,1.05054
2013.03.10 22:00:01.838,1.05039,1.05054
2013.03.10 22:00:01.897,1.05036,1.05054
2013.03.10 22:00:01.989,1.05027,1.05054
2013.03.10 22:00:02.512,1.05032,1.05054
2013.03.10 22:00:02.918,1.05034,1.05054
2013.03.10 22:00:03.098,1.05031,1.05054
2013.03.10 22:00:03.513,1.05036,1.05054
2013.03.10 22:00:04.955,1.0504,1.05054
2013.03.10 22:00:05.284,1.05043,1.05054
2013.03.10 22:00:05.418,1.05038,1.05054
2013.03.10 22:00:06.164,1.0504,1.05054
2013.03.10 22:00:06.359,1.05032,1.05054
2013.03.10 22:00:06.617,1.05028,1.05054
2013.03.10 22:00:07.105,1.05028,1.05059
2013.03.10 22:00:07.348,1.05033,1.05059
2013.03.10 22:00:07.828,1.05027,1.05059
2013.03.10 22:00:07.948,1.0503,1.05059
2013.03.10 22:00:08.288,1.05036,1.05059
2013.03.10 22:00:08.467,1.0503,1.05059
2013.03.10 22:00:08.528,1.05032,1.05059
2013.03.10 22:00:08.912,1.05034,1.05059
2013.03.10 22:00:11.407,1.0504,1.05059
2013.03.10 22:00:11.719,1.05045,1.05059
2013.03.10 22:00:11.778,1.05038,1.05059
2013.03.10 22:00:13.608,1.05047,1.05059
2013.03.10 22:00:14.508,1.05045,1.05059
2013.03.10 22:00:14.568,1.05038,1.05059
2013.03.10 22:00:17.057,1.05034,1.05059
2013.03.10 22:00:23.600,1.05036,1.05059
2013.03.10 22:00:23.990,1.05038,1.05059
2013.03.10 22:00:26.241,1.05045,1.05059
2013.03.10 22:00:26.718,1.05038,1.05059
2013.03.10 22:00:33.328,1.05045,1.05059
2013.03.10 22:00:33.568,1.05041,1.05059
2013.03.10 22:00:34.063,1.05029,1.05059
2013.03.10 22:00:34.128,1.05035,1.05059
2013.03.10 22:00:36.598,1.05041,1.05059
2013.03.10 22:00:36.719,1.05032,1.05059
2013.03.10 22:00:38.797,1.05034,1.05059
2013.03.10 22:00:39.239,1.05037,1.05059
2013.03.10 22:00:40.939,1.0503,1.05059
2013.03.10 22:00:41.318,1.05031,1.05064
2013.03.10 22:00:41.559,1.05036,1.05064
2013.03.10 22:00:43.152,1.05036,1.05058
2013.03.10 22:00:47.944,1.05038,1.05058
2013.03.10 22:00:49.638,1.05036,1.05058
2013.03.10 22:00:49.699,1.05034,1.05058
2013.03.10 22:01:03.822,1.05038,1.05058
2013.03.10 22:01:04.236,1.0504,1.05058
2013.03.10 22:01:19.609,1.05041,1.05065
2013.03.10 22:01:19.730,1.05041,1.05074
2013.03.10 22:01:23.959,1.05043,1.05074
2013.03.10 22:01:26.009,1.05047,1.05074
2013.03.10 22:01:31.774,1.05048,1.05074
2013.03.10 22:01:32.259,1.05042,1.05074
2013.03.10 22:01:33.802,1.05047,1.05074
2013.03.10 22:01:43.730,1.05053,1.05074
2013.03.10 22:01:48.849,1.05049,1.05074
2013.03.10 22:01:52.719,1.05052,1.05074
2013.03.10 22:01:53.295,1.05053,1.05074
2013.03.10 22:02:00.349,1.05052,1.05074
2013.03.10 22:02:00.421,1.05048,1.05074
2013.03.10 22:02:05.400,1.05053,1.05074
2013.03.10 22:02:05.890,1.05051,1.05074
2013.03.10 22:02:06.643,1.05052,1.05074
2013.03.10 22:02:06.760,1.05054,1.05074
2013.03.10 22:02:07.060,1.05056,1.05074
2013.03.10 22:02:14.207,1.05057,1.05074
2013.03.10 22:02:14.730,1.05056,1.05074
2013.03.10 22:02:19.676,1.05056,1.05079
2013.03.10 22:02:21.155,1.05051,1.05079
2013.03.10 22:02:23.855,1.05053,1.05079
2013.03.10 22:02:29.083,1.05051,1.05079
2013.03.10 22:02:31.908,1.05053,1.05079
2013.03.10 22:02:32.454,1.05057,1.05079
2013.03.10 22:02:33.017,1.05054,1.05079
2013.03.10 22:02:38.552,1.05051,1.05079
2013.03.10 22:02:39.041,1.05051,1.05072
2013.03.10 22:02:39.820,1.05056,1.05072
2013.03.10 22:02:40.453,1.05051,1.05072
2013.03.10 22:02:41.068,1.05053,1.05079
2013.03.10 22:02:41.544,1.05067,1.05073
2013.03.10 22:02:41.783,1.05067,1.05091
2013.03.10 22:02:42.040,1.05067,1.05093
2013.03.10 22:02:43.084,1.05056,1.05084
2013.03.10 22:02:43.911,1.05056,1.05083
2013.03.10 22:02:50.181,1.05057,1.05083
2013.03.10 22:02:50.757,1.05057,1.05078
2013.03.10 22:02:55.672,1.05057,1.05083
2013.03.10 22:02:55.791,1.05057,1.05079
2013.03.10 22:03:01.380,1.05053,1.05079
2013.03.10 22:03:01.624,1.05052,1.05072
2013.03.10 22:03:01.751,1.05047,1.05072
2013.03.10 22:03:02.050,1.05047,1.05067
2013.03.10 22:03:02.110,1.05042,1.05067
2013.03.10 22:03:05.172,1.05046,1.05067
2013.03.10 22:03:05.385,1.05042,1.05067
2013.03.10 22:03:06.560,1.05042,1.05071
2013.03.10 22:03:06.690,1.05042,1.05076
2013.03.10 22:03:09.155,1.05046,1.05076
2013.03.10 22:03:09.236,1.05047,1.05078
2013.03.10 22:03:10.111,1.05052,1.05082
2013.03.10 22:03:10.630,1.05053,1.05082
2013.03.10 22:03:13.731,1.05054,1.05082
2013.03.10 22:03:17.701,1.05057,1.05082
2013.03.10 22:03:17.820,1.05055,1.05082
2013.03.10 22:03:22.610,1.05056,1.05082
2013.03.10 22:03:22.730,1.05062,1.05082
2013.03.10 22:03:22.911,1.05058,1.05083
2013.03.10 22:03:23.041,1.05058,1.05079
2013.03.10 22:03:23.410,1.05055,1.05073
2013.03.10 22:03:29.425,1.05051,1.05073
2013.03.10 22:03:30.050,1.05054,1.05073
2013.03.10 22:03:31.291,1.05053,1.05078
2013.03.10 22:03:31.351,1.05062,1.05078
2013.03.10 22:03:31.848,1.05066,1.05078
2013.03.10 22:03:35.656,1.05067,1.05078
2013.03.10 22:03:40.310,1.05052,1.05078
2013.03.10 22:03:41.180,1.05048,1.05078
2013.03.10 22:03:41.640,1.05042,1.05078
2013.03.10 22:03:41.709,1.05057,1.05078
2013.03.10 22:03:42.069,1.05057,1.05073
2013.03.10 22:03:43.389,1.05058,1.05073
2013.03.10 22:03:45.295,1.05059,1.05073
2013.03.10 22:03:47.830,1.05057,1.05073
2013.03.10 22:03:48.017,1.05057,1.05079
2013.03.10 22:03:48.090,1.05059,1.05079
2013.03.10 22:03:49.771,1.05054,1.05079
2013.03.10 22:03:51.181,1.05059,1.05079
2013.03.10 22:03:51.300,1.05062,1.05083
2013.03.10 22:03:51.361,1.05067,1.05083
2013.03.10 22:03:51.480,1.05058,1.05083
2013.03.10 22:03:51.794,1.05056,1.05083
2013.03.10 22:03:52.945,1.05057,1.05083
2013.03.10 22:03:54.153,1.05059,1.05083
2013.03.10 22:03:54.586,1.05062,1.05083
2013.03.10 22:03:58.930,1.05066,1.05083
2013.03.10 22:03:59.880,1.05065,1.05083
2013.03.10 22:04:01.202,1.05065,1.05094
2013.03.10 22:04:01.591,1.05067,1.05094
2013.03.10 22:04:02.397,1.05065,1.05094
2013.03.10 22:04:02.978,1.05066,1.05094
2013.03.10 22:04:13.855,1.05061,1.05092
2013.03.10 22:04:17.572,1.05057,1.05094
2013.03.10 22:04:23.161,1.05059,1.05094
2013.03.10 22:04:23.297,1.05066,1.05094
2013.03.10 22:04:23.400,1.05063,1.05094
2013.03.10 22:04:25.150,1.05062,1.05094
2013.03.10 22:04:26.819,1.05057,1.05096
2013.03.10 22:04:40.776,1.05062,1.05096
2013.03.10 22:04:40.888,1.05059,1.05096
2013.03.10 22:04:41.720,1.05058,1.05095
2013.03.10 22:04:42.448,1.05057,1.05093
2013.03.10 22:04:42.630,1.05058,1.05091
2013.03.10 22:04:43.140,1.0506,1.05088
2013.03.10 22:04:44.297,1.05049,1.05088
2013.03.10 22:04:48.110,1.05048,1.05088
2013.03.10 22:04:48.171,1.05057,1.05088
2013.03.10 22:04:48.430,1.0505,1.05088
2013.03.10 22:04:49.149,1.05056,1.05088
2013.03.10 22:04:49.270,1.0505,1.05087
2013.03.10 22:04:50.461,1.05051,1.05085
2013.03.10 22:04:52.984,1.05056,1.05088
2013.03.10 22:04:57.301,1.05062,1.05088
2013.03.10 22:04:57.858,1.05062,1.05088
2013.03.10 22:04:59.800,1.05062,1.05093
2013.03.10 22:04:59.920,1.05066,1.05094
2013.03.10 22:05:00.170,1.05062,1.05094
2013.03.10 22:05:00.461,1.05058,1.05094
2013.03.10 22:05:00.900,1.05061,1.05094
2013.03.10 22:05:01.933,1.05063,1.05094
2013.03.10 22:05:02.395,1.05065,1.05094
2013.03.10 22:05:02.690,1.05062,1.05094
2013.03.10 22:05:05.990,1.05058,1.05089
2013.03.10 22:05:06.110,1.05052,1.05084
2013.03.10 22:05:06.477,1.05056,1.05084
2013.03.10 22:05:10.780,1.05046,1.05084
2013.03.10 22:05:12.000,1.05055,1.05084
2013.03.10 22:05:15.691,1.05047,1.05084
2013.03.10 22:05:15.751,1.05044,1.05083
2013.03.10 22:05:19.500,1.05051,1.05083
2013.03.10 22:05:21.441,1.05044,1.0508
2013.03.10 22:05:22.514,1.0505,1.05083
2013.03.10 22:05:23.002,1.05044,1.05083
2013.03.10 22:05:23.130,1.05049,1.05083
2013.03.10 22:05:23.635,1.05051,1.05083
2013.03.10 22:05:24.136,1.05046,1.05083
2013.03.10 22:05:30.172,1.05046,1.05083
2013.03.10 22:05:30.310,1.05053,1.05083
2013.03.10 22:05:35.813,1.05054,1.05083
2013.03.10 22:05:39.440,1.05054,1.05088
2013.03.10 22:05:39.642,1.05052,1.05088
2013.03.10 22:05:40.681,1.05049,1.05084
2013.03.10 22:05:41.693,1.05052,1.05084
2013.03.10 22:05:43.280,1.05047,1.05084
2013.03.10 22:05:43.417,1.05046,1.05083
2013.03.10 22:05:46.912,1.05046,1.05079
2013.03.10 22:05:47.217,1.05041,1.05076
2013.03.10 22:05:47.518,1.05041,1.05072
2013.03.10 22:05:47.724,1.05041,1.05075
2013.03.10 22:05:49.162,1.05041,1.05073
2013.03.10 22:05:49.552,1.05046,1.05076
2013.03.10 22:05:49.790,1.05042,1.05078
2013.03.10 22:05:49.910,1.0504,1.05078
2013.03.10 22:05:49.971,1.0504,1.05074
2013.03.10 22:05:50.275,1.0504,1.05069
2013.03.10 22:05:52.155,1.0504,1.05069
2013.03.10 22:05:52.461,1.0504,1.05064
2013.03.10 22:05:52.841,1.05037,1.05064
2013.03.10 22:05:53.400,1.05037,1.05068
2013.03.10 22:05:53.721,1.05037,1.0507
2013.03.10 22:05:54.485,1.05037,1.05067
2013.03.10 22:05:55.160,1.05037,1.05068
2013.03.10 22:05:55.888,1.05037,1.05068
2013.03.10 22:05:56.134,1.05037,1.0507
2013.03.10 22:05:56.268,1.05037,1.05072
2013.03.10 22:05:56.532,1.05037,1.0507
2013.03.10 22:05:56.619,1.05037,1.05073
2013.03.10 22:05:56.931,1.05036,1.05071
2013.03.10 22:05:56.990,1.05036,1.05071
2013.03.10 22:06:00.193,1.05036,1.05067
2013.03.10 22:06:00.262,1.05036,1.05068
2013.03.10 22:06:01.871,1.05036,1.05073
2013.03.10 22:06:02.621,1.05037,1.05073
2013.03.10 22:06:02.920,1.05037,1.05074
2013.03.10 22:06:03.610,1.05036,1.05074
2013.03.10 22:06:03.671,1.05036,1.05074
2013.03.10 22:06:07.490,1.05036,1.05073
2013.03.10 22:06:08.545,1.05036,1.05071
2013.03.10 22:06:12.690,1.05036,1.05067
2013.03.10 22:06:12.870,1.05032,1.05067
2013.03.10 22:06:12.931,1.05032,1.05066
2013.03.10 22:06:13.270,1.05028,1.05062
2013.03.10 22:06:13.820,1.05028,1.05064
2013.03.10 22:06:14.590,1.05028,1.05055
2013.03.10 22:06:15.888,1.05028,1.05052
2013.03.10 22:06:16.940,1.05028,1.05051
2013.03.10 22:06:17.732,1.05028,1.05055
2013.03.10 22:06:23.018,1.05028,1.05051
2013.03.10 22:06:24.140,1.05028,1.05052
2013.03.10 22:06:24.930,1.05028,1.05051
2013.03.10 22:06:25.151,1.05023,1.05049
2013.03.10 22:06:25.210,1.05019,1.05049
2013.03.10 22:06:29.046,1.05019,1.05045
2013.03.10 22:06:29.321,1.05014,1.05048
2013.03.10 22:06:30.682,1.05014,1.05046
2013.03.10 22:06:31.040,1.05014,1.05041
2013.03.10 22:06:31.680,1.05014,1.05037
2013.03.10 22:06:32.435,1.05014,1.05047
2013.03.10 22:06:34.243,1.05014,1.05048
2013.03.10 22:06:40.581,1.05014,1.05046
2013.03.10 22:06:40.872,1.05019,1.05039
2013.03.10 22:06:41.974,1.05019,1.05039
2013.03.10 22:06:42.044,1.05019,1.05041
2013.03.10 22:06:43.228,1.05019,1.05047
2013.03.10 22:06:51.491,1.05015,1.05043
2013.03.10 22:06:51.792,1.05015,1.05038
2013.03.10 22:06:52.030,1.05015,1.05048
2013.03.10 22:06:52.441,1.05019,1.0505
2013.03.10 22:06:53.294,1.05019,1.05049
2013.03.10 22:06:56.922,1.05019,1.05042
2013.03.10 22:06:57.809,1.05019,1.05041
2013.03.10 22:06:59.281,1.05019,1.05048
2013.03.10 22:06:59.340,1.05019,1.05041
2013.03.10 22:06:59.622,1.05019,1.05048
2013.03.10 22:07:00.742,1.05019,1.05045
2013.03.10 22:07:01.300,1.05019,1.05045
2013.03.10 22:07:01.562,1.05019,1.05047
2013.03.10 22:07:01.990,1.05019,1.05044
2013.03.10 22:07:02.571,1.05016,1.05043
2013.03.10 22:07:04.990,1.05016,1.05044
2013.03.10 22:07:05.300,1.05016,1.05037
2013.03.10 22:07:05.421,1.05021,1.05043
2013.03.10 22:07:05.540,1.05028,1.05043
2013.03.10 22:07:07.408,1.05028,1.05041
2013.03.10 22:07:08.495,1.05028,1.05043
2013.03.10 22:07:08.630,1.05028,1.05048
2013.03.10 22:07:09.446,1.05023,1.05041
2013.03.10 22:07:10.429,1.05023,1.05048
2013.03.10 22:07:10.930,1.05023,1.05046
2013.03.10 22:07:11.261,1.05023,1.05041
2013.03.10 22:07:11.561,1.05023,1.05045
2013.03.10 22:07:11.925,1.05025,1.05044
2013.03.10 22:07:13.469,1.05027,1.05047
2013.03.10 22:07:14.492,1.05027,1.05045
2013.03.10 22:07:16.271,1.05027,1.05043
2013.03.10 22:07:18.681,1.05027,1.05047
2013.03.10 22:07:20.390,1.05027,1.05042
2013.03.10 22:07:21.221,1.05027,1.0504
2013.03.10 22:07:21.404,1.05027,1.05042
2013.03.10 22:07:22.145,1.05027,1.05041
2013.03.10 22:07:23.010,1.05027,1.0504
2013.03.10 22:07:31.159,1.05027,1.05041
2013.03.10 22:07:31.301,1.05023,1.05045
2013.03.10 22:07:31.421,1.05023,1.0504
2013.03.10 22:07:31.481,1.05023,1.05042
2013.03.10 22:07:31.872,1.05022,1.05042
2013.03.10 22:07:31.991,1.05019,1.05042
2013.03.10 22:07:32.411,1.05019,1.0504
2013.03.10 22:07:32.748,1.05019,1.05038
2013.03.10 22:07:32.872,1.05019,1.05041
2013.03.10 22:07:40.734,1.05019,1.0504
2013.03.10 22:07:41.321,1.05019,1.05043
2013.03.10 22:07:41.441,1.05019,1.05041
2013.03.10 22:07:43.212,1.05019,1.05043
2013.03.10 22:07:44.161,1.05013,1.05041
2013.03.10 22:07:45.431,1.05013,1.05041
2013.03.10 22:07:46.551,1.05013,1.0504
2013.03.10 22:07:46.743,1.05013,1.05037
2013.03.10 22:07:47.051,1.05016,1.05035
2013.03.10 22:07:47.801,1.05016,1.05035
2013.03.10 22:07:48.847,1.05016,1.05045
2013.03.10 22:07:56.304,1.05016,1.05053
2013.03.10 22:07:56.651,1.05016,1.0505
2013.03.10 22:07:57.213,1.05016,1.05049
2013.03.10 22:07:58.971,1.05016,1.0504
2013.03.10 22:08:00.690,1.05016,1.05038
2013.03.10 22:08:01.936,1.05016,1.05046
2013.03.10 22:08:03.991,1.05018,1.05046
2013.03.10 22:08:04.356,1.05018,1.05044
2013.03.10 22:08:06.152,1.05018,1.05045
2013.03.10 22:08:06.654,1.05018,1.05054
2013.03.10 22:08:16.416,1.05018,1.05045
2013.03.10 22:08:16.872,1.05018,1.05052
2013.03.10 22:08:17.122,1.05018,1.05043
2013.03.10 22:08:18.128,1.05018,1.0504
2013.03.10 22:08:19.052,1.05018,1.05044
2013.03.10 22:08:20.445,1.05018,1.05046
2013.03.10 22:08:21.157,1.05018,1.05041
2013.03.10 22:08:22.164,1.05018,1.05039
2013.03.10 22:08:22.323,1.05018,1.05042
2013.03.10 22:08:22.671,1.05018,1.05038
2013.03.10 22:08:25.084,1.05017,1.05042
2013.03.10 22:08:28.151,1.05019,1.05042
2013.03.10 22:08:28.451,1.05019,1.05043
2013.03.10 22:08:29.821,1.05019,1.05044
2013.03.10 22:08:30.415,1.05019,1.05043
2013.03.10 22:08:30.628,1.05019,1.05047
2013.03.10 22:08:33.481,1.05019,1.05049
2013.03.10 22:08:33.871,1.05019,1.05044
2013.03.10 22:08:35.191,1.05019,1.05048
2013.03.10 22:08:36.580,1.05019,1.05047
2013.03.10 22:08:38.186,1.05019,1.0505
2013.03.10 22:08:39.611,1.05019,1.05047
2013.03.10 22:08:40.531,1.05021,1.05046
2013.03.10 22:08:41.041,1.05017,1.05046
2013.03.10 22:08:42.362,1.05017,1.05043
2013.03.10 22:08:47.329,1.05017,1.05045
2013.03.10 22:08:48.136,1.05017,1.05041
2013.03.10 22:08:48.670,1.05017,1.05044
2013.03.10 22:08:49.691,1.05017,1.05043
2013.03.10 22:08:50.698,1.05017,1.05046
2013.03.10 22:08:51.362,1.05017,1.05043
2013.03.10 22:08:51.741,1.05021,1.05041
2013.03.10 22:08:51.813,1.05021,1.05044
2013.03.10 22:08:51.941,1.05021,1.05038
2013.03.10 22:08:54.124,1.05021,1.05039
2013.03.10 22:08:55.132,1.05021,1.05036
2013.03.10 22:08:58.292,1.05018,1.05032
2013.03.10 22:09:00.691,1.05018,1.05035
2013.03.10 22:09:02.168,1.05018,1.05039
2013.03.10 22:09:02.702,1.05018,1.05037
2013.03.10 22:09:03.315,1.05018,1.05039
2013.03.10 22:09:05.297,1.05018,1.0504
2013.03.10 22:09:05.421,1.05018,1.05036
2013.03.10 22:09:05.601,1.05018,1.05044
2013.03.10 22:09:10.216,1.05018,1.05032
2013.03.10 22:09:10.741,1.05018,1.0504
2013.03.10 22:09:11.240,1.05018,1.05045
2013.03.10 22:09:13.244,1.05018,1.05044
2013.03.10 22:09:14.142,1.05018,1.05041
2013.03.10 22:09:20.164,1.05017,1.05032
2013.03.10 22:09:20.800,1.05017,1.05037
2013.03.10 22:09:21.471,1.05017,1.05032
2013.03.10 22:09:21.974,1.05017,1.05035
2013.03.10 22:09:27.612,1.05021,1.05041
2013.03.10 22:09:27.930,1.05021,1.05041
2013.03.10 22:09:28.172,1.05026,1.0505
2013.03.10 22:09:28.471,1.05026,1.05061
2013.03.10 22:09:29.901,1.05026,1.0506
2013.03.10 22:09:30.502,1.05026,1.05056
2013.03.10 22:09:31.422,1.05023,1.05056
2013.03.10 22:09:31.485,1.05023,1.05052
2013.03.10 22:09:31.681,1.05023,1.05057
2013.03.10 22:09:31.861,1.05023,1.0505
2013.03.10 22:09:31.923,1.05021,1.0505
2013.03.10 22:09:32.462,1.05021,1.05055
2013.03.10 22:09:34.362,1.05021,1.05056
2013.03.10 22:09:37.285,1.05021,1.05049
2013.03.10 22:09:40.551,1.05021,1.05051
2013.03.10 22:09:43.506,1.05021,1.05049
2013.03.10 22:09:44.415,1.05021,1.0504
2013.03.10 22:09:44.541,1.05021,1.05048
2013.03.10 22:09:51.912,1.05021,1.05051
2013.03.10 22:09:54.012,1.05021,1.05047
2013.03.10 22:10:00.491,1.05021,1.05049
2013.03.10 22:10:03.253,1.05022,1.05049
2013.03.10 22:10:04.242,1.05021,1.05047
2013.03.10 22:10:04.744,1.05021,1.05039
2013.03.10 22:10:05.991,1.05021,1.05049
2013.03.10 22:10:06.261,1.05016,1.05049
2013.03.10 22:10:06.690,1.05016,1.05051
2013.03.10 22:10:07.757,1.05016,1.05049
2013.03.10 22:10:09.262,1.05016,1.05046
2013.03.10 22:10:09.512,1.05016,1.05046
2013.03.10 22:10:09.941,1.05013,1.05049
2013.03.10 22:10:11.311,1.05013,1.05048
2013.03.10 22:10:12.277,1.05013,1.05049
2013.03.10 22:10:14.141,1.05016,1.05044
2013.03.10 22:10:14.393,1.05016,1.05046
2013.03.10 22:10:14.800,1.05016,1.05052
2013.03.10 22:10:16.103,1.05016,1.05044
2013.03.10 22:10:19.418,1.05016,1.0505
2013.03.10 22:10:21.928,1.05016,1.05048
2013.03.10 22:10:22.391,1.05016,1.05038
2013.03.10 22:10:23.370,1.05016,1.05036
2013.03.10 22:10:24.392,1.05016,1.05034
2013.03.10 22:10:25.639,1.05016,1.05046
2013.03.10 22:10:27.513,1.05016,1.05043
2013.03.10 22:10:28.452,1.05016,1.05044
2013.03.10 22:10:30.465,1.05016,1.05046
2013.03.10 22:10:30.669,1.05016,1.05049
2013.03.10 22:10:34.181,1.05016,1.05049
2013.03.10 22:10:36.841,1.05016,1.05046
2013.03.10 22:10:38.903,1.05016,1.05049
2013.03.10 22:10:39.531,1.05016,1.05051
2013.03.10 22:10:43.992,1.05016,1.05048
2013.03.10 22:10:47.781,1.05016,1.05043
2013.03.10 22:10:48.142,1.05016,1.05049
2013.03.10 22:10:48.421,1.05021,1.05049
2013.03.10 22:10:48.602,1.05021,1.05054
2013.03.10 22:11:02.641,1.05021,1.05059
2013.03.10 22:11:22.731,1.05025,1.05062
2013.03.10 22:11:43.281,1.05025,1.05062
2013.03.10 22:11:55.521,1.05027,1.05062
2013.03.10 22:11:56.136,1.0503,1.05065
2013.03.10 22:12:12.361,1.05025,1.05062
2013.03.10 22:12:52.915,1.05026,1.05062
2013.03.10 22:13:12.961,1.05029,1.05065
2013.03.10 22:13:38.171,1.0503,1.05062
2013.03.10 22:13:38.232,1.0503,1.05063
2013.03.10 22:13:38.351,1.05028,1.05063
2013.03.10 22:13:38.976,1.05028,1.05062
2013.03.10 22:13:53.191,1.05028,1.05062
2013.03.10 22:13:58.841,1.05029,1.05062
2013.03.10 22:13:59.022,1.05029,1.05062
2013.03.10 22:14:04.322,1.05032,1.05063
2013.03.10 22:14:04.381,1.05032,1.05067
2013.03.10 22:14:04.688,1.05034,1.05068
2013.03.10 22:14:04.753,1.05034,1.05068
2013.03.10 22:14:04.992,1.05039,1.05074
2013.03.10 22:14:25.034,1.05042,1.05075
2013.03.10 22:14:45.133,1.05042,1.05077
2013.03.10 22:15:00.644,1.05044,1.05077
2013.03.10 22:15:01.673,1.05044,1.05077
2013.03.10 22:15:01.852,1.05044,1.05077
2013.03.10 22:15:02.384,1.05042,1.0507
2013.03.10 22:15:04.811,1.05037,1.0507
2013.03.10 22:15:05.112,1.05036,1.0507
2013.03.10 22:15:29.362,1.05037,1.0507
2013.03.10 22:15:29.440,1.05037,1.0507
2013.03.10 22:15:50.353,1.05036,1.05068
2013.03.10 22:15:50.412,1.05032,1.05065
2013.03.10 22:15:50.472,1.05032,1.05065
2013.03.10 22:15:50.592,1.05031,1.05066
2013.03.10 22:15:51.131,1.05027,1.05065
2013.03.10 22:15:51.614,1.05021,1.05061
2013.03.10 22:15:57.402,1.05027,1.0506
2013.03.10 22:16:03.853,1.05019,1.0506
2013.03.10 22:16:13.702,1.05027,1.05061
2013.03.10 22:16:14.312,1.05027,1.05062
2013.03.10 22:16:18.652,1.05013,1.05049
2013.03.10 22:16:18.953,1.04992,1.05033
2013.03.10 22:16:19.133,1.04994,1.05031
2013.03.10 22:16:19.312,1.04992,1.05031
2013.03.10 22:16:25.216,1.04995,1.05031
2013.03.10 22:16:29.652,1.05001,1.05035
2013.03.10 22:16:32.374,1.05001,1.05034
2013.03.10 22:16:32.801,1.05001,1.05034
2013.03.10 22:16:33.572,1.04996,1.05032
2013.03.10 22:16:34.260,1.04996,1.05028
2013.03.10 22:16:35.014,1.04996,1.05026
2013.03.10 22:16:36.072,1.04996,1.05028
2013.03.10 22:16:39.302,1.04996,1.05028
2013.03.10 22:16:44.934,1.04993,1.05029
2013.03.10 22:16:45.063,1.04996,1.05029
2013.03.10 22:16:45.440,1.04996,1.05028
2013.03.10 22:16:45.852,1.04996,1.05029
2013.03.10 22:16:50.574,1.04996,1.05027
2013.03.10 22:16:52.742,1.04996,1.05027
2013.03.10 22:16:52.990,1.04996,1.05027
2013.03.10 22:16:53.591,1.04996,1.05027
2013.03.10 22:16:54.086,1.04996,1.05028
2013.03.10 22:16:59.722,1.04996,1.05028
2013.03.10 22:17:13.392,1.0499,1.05029
2013.03.10 22:17:13.781,1.04996,1.05029
2013.03.10 22:17:19.783,1.04996,1.05029
2013.03.10 22:17:22.559,1.04996,1.05029
2013.03.10 22:17:23.154,1.04996,1.05029
2013.03.10 22:17:23.932,1.04996,1.05029
2013.03.10 22:17:23.993,1.04996,1.05029
2013.03.10 22:17:24.541,1.04996,1.05029
2013.03.10 22:17:25.292,1.04996,1.05031
2013.03.10 22:17:25.847,1.04996,1.05029
2013.03.10 22:17:27.711,1.04996,1.05029
2013.03.10 22:17:27.831,1.04996,1.05029
2013.03.10 22:17:28.364,1.04996,1.05029
2013.03.10 22:17:33.898,1.04988,1.05035
2013.03.10 22:17:38.022,1.04988,1.05031
2013.03.10 22:17:39.496,1.04988,1.05035
2013.03.10 22:17:41.643,1.04988,1.05031
2013.03.10 22:17:44.235,1.04988,1.05035
2013.03.10 22:17:45.683,1.04991,1.05026
2013.03.10 22:17:46.041,1.04991,1.05025
2013.03.10 22:17:46.233,1.04991,1.05025
2013.03.10 22:17:56.290,1.04987,1.05025
2013.03.10 22:17:56.772,1.04987,1.05021
2013.03.10 22:17:57.013,1.04984,1.05015
2013.03.10 22:17:57.252,1.04986,1.05021
2013.03.10 22:17:57.313,1.04986,1.05021
2013.03.10 22:17:57.672,1.04983,1.05015
2013.03.10 22:17:58.646,1.04983,1.05016
2013.03.10 22:17:59.363,1.04983,1.05016
2013.03.10 22:18:03.596,1.04983,1.05015
2013.03.10 22:18:07.652,1.04983,1.05015
2013.03.10 22:18:07.772,1.04977,1.05014
2013.03.10 22:18:07.832,1.04977,1.05011
2013.03.10 22:18:08.002,1.04977,1.05011
2013.03.10 22:18:08.332,1.0498,1.05015
2013.03.10 22:18:09.392,1.04982,1.05024
2013.03.10 22:18:09.452,1.04982,1.05024
2013.03.10 22:18:09.512,1.04983,1.05029
2013.03.10 22:18:09.631,1.04983,1.05037
2013.03.10 22:18:10.099,1.04986,1.05039
2013.03.10 22:18:11.524,1.04981,1.05036
2013.03.10 22:18:13.751,1.04976,1.05029
2013.03.10 22:18:13.992,1.04985,1.05029
2013.03.10 22:18:14.522,1.04985,1.05029
2013.03.10 22:18:15.565,1.04982,1.05029
2013.03.10 22:18:16.465,1.04982,1.05029
2013.03.10 22:18:17.148,1.04982,1.05029
2013.03.10 22:18:18.641,1.04982,1.05032
2013.03.10 22:18:18.822,1.04982,1.05032
2013.03.10 22:18:18.882,1.04982,1.05028
2013.03.10 22:18:18.942,1.04987,1.05029
2013.03.10 22:18:19.302,1.04987,1.05029
2013.03.10 22:18:21.810,1.04981,1.05027
2013.03.10 22:18:21.992,1.04981,1.05027
2013.03.10 22:18:22.360,1.04982,1.05029
2013.03.10 22:18:22.882,1.04981,1.05029
2013.03.10 22:18:24.281,1.04991,1.05029
2013.03.10 22:18:25.272,1.04987,1.05029
2013.03.10 22:18:30.621,1.0499,1.0503
2013.03.10 22:18:30.807,1.04989,1.05033
2013.03.10 22:18:30.872,1.04989,1.05034
2013.03.10 22:18:32.242,1.04999,1.05036
2013.03.10 22:18:32.743,1.05001,1.05037
2013.03.10 22:18:33.921,1.04999,1.05038
2013.03.10 22:18:33.982,1.04997,1.05038
2013.03.10 22:18:37.154,1.04996,1.05034
2013.03.10 22:18:37.213,1.04996,1.05035
2013.03.10 22:18:37.271,1.04996,1.05035
2013.03.10 22:18:37.573,1.04996,1.05036
2013.03.10 22:18:49.090,1.04996,1.05035
2013.03.10 22:18:49.212,1.04996,1.05035
2013.03.10 22:18:49.572,1.04993,1.05036
2013.03.10 22:18:57.172,1.04994,1.05034
2013.03.10 22:18:57.232,1.04994,1.05034
2013.03.10 22:19:02.290,1.0499,1.05036
2013.03.10 22:19:02.653,1.04993,1.05038
2013.03.10 22:20:02.519,1.04989,1.0504
2013.03.10 22:20:06.723,1.04986,1.0504
2013.03.10 22:20:12.801,1.04986,1.0504
2013.03.10 22:20:13.499,1.04986,1.0504
2013.03.10 22:20:25.392,1.04995,1.05036
2013.03.10 22:20:25.722,1.05,1.05038
2013.03.10 22:21:02.682,1.04993,1.05036
2013.03.10 22:21:02.993,1.04996,1.05038
2013.03.10 22:21:03.233,1.04999,1.05042
2013.03.10 22:21:03.792,1.05005,1.05042
2013.03.10 22:21:05.027,1.05004,1.05042
2013.03.10 22:21:22.202,1.05004,1.05035
2013.03.10 22:21:24.083,1.05004,1.05036
2013.03.10 22:21:30.422,1.05001,1.05038
2013.03.10 22:21:30.482,1.05001,1.05036
2013.03.10 22:21:30.662,1.05,1.05039
2013.03.10 22:21:37.694,1.04997,1.05035
2013.03.10 22:21:37.753,1.04997,1.05035
2013.03.10 22:21:38.072,1.04997,1.05036
2013.03.10 22:21:38.143,1.04999,1.05039
2013.03.10 22:21:38.930,1.04999,1.05039
2013.03.10 22:21:49.857,1.04997,1.05035
2013.03.10 22:21:49.923,1.04996,1.05035
2013.03.10 22:21:50.042,1.04996,1.05035
2013.03.10 22:21:51.662,1.04992,1.05031
2013.03.10 22:21:51.782,1.04992,1.0503
2013.03.10 22:21:51.965,1.04992,1.0503
2013.03.10 22:21:54.596,1.04992,1.05032
2013.03.10 22:21:54.773,1.04994,1.05033
2013.03.10 22:21:56.168,1.04995,1.05033
2013.03.10 22:22:04.062,1.04992,1.05034
2013.03.10 22:22:04.313,1.04992,1.05028
2013.03.10 22:22:05.094,1.0499,1.05028
2013.03.10 22:22:13.103,1.04977,1.05029
2013.03.10 22:22:13.350,1.04977,1.05026
2013.03.10 22:22:13.472,1.04977,1.05026
2013.03.10 22:22:18.192,1.04977,1.05026
2013.03.10 22:22:19.683,1.04977,1.05027
2013.03.10 22:22:36.664,1.04977,1.05026
2013.03.10 22:22:41.734,1.04979,1.05026
2013.03.10 22:22:43.714,1.04977,1.05019
2013.03.10 22:22:46.193,1.04978,1.05011
2013.03.10 22:22:48.431,1.04978,1.05011
2013.03.10 22:22:49.187,1.04977,1.05021
2013.03.10 22:22:49.442,1.04977,1.05015
2013.03.10 22:22:50.398,1.04978,1.05006
2013.03.10 22:22:51.607,1.04977,1.05007
2013.03.10 22:22:52.614,1.04977,1.05016
2013.03.10 22:22:52.717,1.04977,1.0501
2013.03.10 22:22:53.023,1.04977,1.05005
2013.03.10 22:22:53.083,1.04978,1.05012
2013.03.10 22:22:53.778,1.04978,1.05012
2013.03.10 22:22:56.544,1.04977,1.05007
2013.03.10 22:22:58.052,1.04977,1.05021
2013.03.10 22:22:58.173,1.04977,1.05015
2013.03.10 22:22:59.283,1.04979,1.05014
2013.03.10 22:23:00.105,1.04977,1.05006
2013.03.10 22:23:00.178,1.04979,1.05017
2013.03.10 22:23:00.544,1.04977,1.05007
2013.03.10 22:23:00.663,1.04977,1.05012
2013.03.10 22:23:01.692,1.04976,1.05014
2013.03.10 22:23:01.842,1.04977,1.05016
2013.03.10 22:23:01.972,1.04977,1.05005
2013.03.10 22:23:02.352,1.04977,1.05017
2013.03.10 22:23:02.533,1.04976,1.05008
2013.03.10 22:23:03.125,1.04976,1.05017
2013.03.10 22:23:03.734,1.04977,1.05018
2013.03.10 22:23:03.943,1.04977,1.05009
2013.03.10 22:23:04.883,1.04977,1.05006
2013.03.10 22:23:09.602,1.04977,1.05006
2013.03.10 22:23:14.585,1.04976,1.05006
2013.03.10 22:23:15.113,1.04975,1.05006
2013.03.10 22:23:15.293,1.04975,1.05006
2013.03.10 22:23:15.701,1.04981,1.0501
2013.03.10 22:23:20.125,1.04977,1.05007
2013.03.10 22:23:20.644,1.04981,1.0501
2013.03.10 22:23:24.402,1.04968,1.0502
2013.03.10 22:23:24.912,1.04968,1.05023
2013.03.10 22:23:25.713,1.04968,1.05024
2013.03.10 22:23:27.973,1.04971,1.05027
2013.03.10 22:23:28.093,1.04986,1.05021
2013.03.10 22:23:28.407,1.0498,1.05015
2013.03.10 22:23:28.902,1.0498,1.05023
2013.03.10 22:23:28.962,1.04973,1.05023
2013.03.10 22:23:29.147,1.04976,1.05021
2013.03.10 22:23:29.691,1.04981,1.05012
2013.03.10 22:23:29.894,1.04978,1.05018
2013.03.10 22:23:31.300,1.04977,1.0502
2013.03.10 22:23:32.408,1.0498,1.05017
2013.03.10 22:23:32.711,1.04977,1.0502
2013.03.10 22:23:33.932,1.04977,1.05021
2013.03.10 22:23:34.426,1.04982,1.05014
2013.03.10 22:23:34.830,1.04979,1.05016
2013.03.10 22:23:35.872,1.04976,1.05016
2013.03.10 22:23:36.063,1.04981,1.05019
2013.03.10 22:23:38.865,1.04985,1.05015
2013.03.10 22:23:38.983,1.04979,1.05019
2013.03.10 22:23:41.335,1.0498,1.05018
2013.03.10 22:23:42.873,1.04984,1.0502
2013.03.10 22:23:43.182,1.04982,1.05021
2013.03.10 22:23:47.078,1.04987,1.05018
2013.03.10 22:23:48.943,1.04981,1.05019
2013.03.10 22:23:49.712,1.04981,1.05019
2013.03.10 22:23:49.891,1.04983,1.05019
2013.03.10 22:23:52.223,1.04978,1.05022
2013.03.10 22:23:53.042,1.04978,1.05024
2013.03.10 22:23:53.192,1.0498,1.05029
2013.03.10 22:23:54.892,1.04978,1.05026
2013.03.10 22:23:58.092,1.04982,1.05017
2013.03.10 22:24:00.169,1.04978,1.05018
2013.03.10 22:24:00.315,1.04978,1.05016
2013.03.10 22:24:00.679,1.04977,1.05011
2013.03.10 22:24:01.305,1.04979,1.05013
2013.03.10 22:24:01.672,1.04978,1.05011
2013.03.10 22:24:02.407,1.0498,1.05012
2013.03.10 22:24:09.843,1.04981,1.05021
2013.03.10 22:24:10.238,1.04981,1.0502
2013.03.10 22:24:11.163,1.04985,1.05016
2013.03.10 22:24:12.645,1.04979,1.05021
2013.03.10 22:24:13.183,1.04982,1.05021
2013.03.10 22:24:15.060,1.04978,1.05021
2013.03.10 22:24:17.880,1.04982,1.05019
2013.03.10 22:24:18.580,1.04979,1.05015
2013.03.10 22:24:18.832,1.04983,1.05019
2013.03.10 22:24:20.850,1.04979,1.05017
2013.03.10 22:24:27.839,1.0498,1.05012
2013.03.10 22:24:35.322,1.0498,1.05011
2013.03.10 22:24:40.223,1.04981,1.0501
2013.03.10 22:24:40.403,1.04981,1.05011
2013.03.10 22:24:40.983,1.0498,1.05011
2013.03.10 22:24:41.043,1.0498,1.05013
2013.03.10 22:25:00.354,1.04982,1.05014
2013.03.10 22:25:00.931,1.04981,1.05014
2013.03.10 22:25:07.661,1.04973,1.05013
2013.03.10 22:25:08.412,1.04981,1.05014
2013.03.10 22:25:09.039,1.04982,1.05014
2013.03.10 22:25:11.193,1.04982,1.05017
2013.03.10 22:25:12.793,1.04982,1.05018
2013.03.10 22:25:13.052,1.04982,1.05018
2013.03.10 22:25:13.312,1.04981,1.05018
2013.03.10 22:25:13.582,1.04982,1.05022
2013.03.10 22:25:15.814,1.04982,1.05018
2013.03.10 22:25:16.173,1.04982,1.05015
2013.03.10 22:25:16.353,1.04978,1.05015
2013.03.10 22:25:19.482,1.04983,1.05018
2013.03.10 22:25:22.864,1.04982,1.05021
2013.03.10 22:25:24.123,1.04982,1.05021
2013.03.10 22:25:24.434,1.04983,1.05016
2013.03.10 22:25:25.014,1.04982,1.05016
2013.03.10 22:25:25.373,1.04986,1.05018
2013.03.10 22:25:26.143,1.0499,1.0502
2013.03.10 22:25:26.649,1.04991,1.05021
2013.03.10 22:25:32.833,1.0499,1.05021
2013.03.10 22:25:33.073,1.0499,1.05032
2013.03.10 22:25:33.194,1.0499,1.05033
2013.03.10 22:25:33.330,1.04998,1.05033
2013.03.10 22:25:33.845,1.04998,1.05033
2013.03.10 22:25:35.143,1.04998,1.05032
2013.03.10 22:25:35.683,1.04997,1.05032
2013.03.10 22:25:37.004,1.04997,1.0503
2013.03.10 22:25:37.412,1.04997,1.05024
2013.03.10 22:25:39.675,1.04999,1.05024
2013.03.10 22:25:40.184,1.04998,1.05024
2013.03.10 22:25:40.363,1.04997,1.05038
2013.03.10 22:25:40.484,1.04999,1.05045
2013.03.10 22:25:40.786,1.05004,1.05045
2013.03.10 22:25:41.333,1.05004,1.05043
2013.03.10 22:25:41.463,1.05004,1.05039
2013.03.10 22:25:41.523,1.05001,1.05039
2013.03.10 22:25:41.793,1.05001,1.05037
2013.03.10 22:25:42.333,1.05,1.05039
2013.03.10 22:25:42.393,1.05,1.05039
2013.03.10 22:25:42.513,1.05,1.05039
2013.03.10 22:25:42.818,1.05001,1.05037
2013.03.10 22:25:43.324,1.05002,1.05034
2013.03.10 22:25:49.073,1.05001,1.05036
2013.03.10 22:25:49.374,1.04994,1.05023
2013.03.10 22:25:49.533,1.04994,1.05025
2013.03.10 22:25:49.834,1.04994,1.05016
2013.03.10 22:25:49.894,1.0499,1.05016
2013.03.10 22:25:49.954,1.04991,1.05026
2013.03.10 22:25:50.143,1.04991,1.05026
2013.03.10 22:25:50.648,1.04992,1.05025
2013.03.10 22:25:50.713,1.04992,1.05029
2013.03.10 22:25:50.773,1.04993,1.05026
2013.03.10 22:25:57.726,1.04993,1.05028
2013.03.10 22:25:57.794,1.04993,1.0502
2013.03.10 22:25:58.294,1.04992,1.05026
2013.03.10 22:25:59.089,1.04991,1.05026
2013.03.10 22:25:59.153,1.04991,1.05024
2013.03.10 22:26:00.395,1.04991,1.05022
2013.03.10 22:26:00.902,1.04992,1.05029
2013.03.10 22:26:03.263,1.04997,1.0503
2013.03.10 22:26:03.813,1.04997,1.05031
2013.03.10 22:26:04.243,1.04993,1.05027
2013.03.10 22:26:09.945,1.04993,1.05027
2013.03.10 22:26:10.104,1.04994,1.05023
2013.03.10 22:26:10.196,1.04996,1.05032
2013.03.10 22:26:11.213,1.05001,1.05037
2013.03.10 22:26:11.710,1.05009,1.05038
2013.03.10 22:26:12.304,1.05004,1.05038
2013.03.10 22:26:13.463,1.05004,1.05038
2013.03.10 22:26:13.523,1.05001,1.05038
2013.03.10 22:26:14.251,1.05001,1.05038
2013.03.10 22:26:14.513,1.05004,1.05038
2013.03.10 22:26:17.623,1.05004,1.05038
2013.03.10 22:26:20.403,1.05004,1.05038
2013.03.10 22:26:21.796,1.05004,1.05038
2013.03.10 22:26:26.096,1.05005,1.05038
2013.03.10 22:26:28.113,1.05006,1.05039
2013.03.10 22:26:33.125,1.05004,1.05039
2013.03.10 22:26:33.393,1.05004,1.05036
2013.03.10 22:26:33.453,1.04997,1.05034
2013.03.10 22:26:33.754,1.04996,1.05036
2013.03.10 22:26:33.831,1.04998,1.05036
2013.03.10 22:26:34.886,1.04998,1.05036
2013.03.10 22:26:36.053,1.04989,1.05034
2013.03.10 22:26:36.294,1.04989,1.05034
2013.03.10 22:26:36.891,1.04989,1.05032
2013.03.10 22:26:38.682,1.04988,1.05036
2013.03.10 22:26:39.633,1.04989,1.05033
2013.03.10 22:26:39.873,1.04989,1.05027
2013.03.10 22:26:39.993,1.04991,1.05027
2013.03.10 22:26:42.193,1.04986,1.0503
2013.03.10 22:26:42.433,1.04992,1.05026
2013.03.10 22:26:42.774,1.04984,1.0502
2013.03.10 22:26:42.833,1.04984,1.05022
2013.03.10 22:26:43.193,1.04987,1.05028
2013.03.10 22:26:43.434,1.04993,1.05033
2013.03.10 22:26:43.533,1.04987,1.05033
2013.03.10 22:26:43.863,1.04986,1.05029
2013.03.10 22:26:44.353,1.04987,1.05029
2013.03.10 22:26:44.844,1.04984,1.05026
2013.03.10 22:26:46.194,1.04984,1.05024
2013.03.10 22:26:47.996,1.04983,1.05019
2013.03.10 22:26:48.304,1.04982,1.05021
2013.03.10 22:26:48.363,1.04984,1.05021
2013.03.10 22:26:48.872,1.04985,1.05021
2013.03.10 22:26:49.323,1.04984,1.05024
2013.03.10 22:26:49.444,1.04983,1.05021
2013.03.10 22:26:49.815,1.04982,1.05021
2013.03.10 22:26:50.843,1.04986,1.05021
2013.03.10 22:26:51.083,1.04984,1.05021
2013.03.10 22:26:53.003,1.04984,1.0502
2013.03.10 22:26:53.264,1.04984,1.0502
2013.03.10 22:26:56.103,1.04984,1.0502
2013.03.10 22:26:57.483,1.04986,1.05021
2013.03.10 22:26:57.663,1.04986,1.05021
2013.03.10 22:26:57.866,1.04986,1.05021
2013.03.10 22:26:58.637,1.04989,1.05023
2013.03.10 22:26:59.162,1.04989,1.05023
2013.03.10 22:26:59.464,1.04989,1.05021
2013.03.10 22:26:59.983,1.04989,1.05021
2013.03.10 22:27:01.023,1.04986,1.05022
2013.03.10 22:27:01.633,1.04986,1.05021
2013.03.10 22:27:01.983,1.04986,1.05021
2013.03.10 22:27:02.683,1.04986,1.05022
2013.03.10 22:27:12.769,1.04983,1.05021
2013.03.10 22:27:16.533,1.04983,1.0502
2013.03.10 22:27:19.193,1.0498,1.05019
2013.03.10 22:27:23.712,1.0498,1.05017
2013.03.10 22:27:25.019,1.0498,1.05016
2013.03.10 22:27:25.574,1.0498,1.05013
2013.03.10 22:27:26.635,1.04979,1.05015
2013.03.10 22:27:29.562,1.04979,1.05018
2013.03.10 22:27:32.553,1.04978,1.05018
2013.03.10 22:27:32.973,1.04985,1.05023
2013.03.10 22:27:33.094,1.04985,1.05023
2013.03.10 22:27:33.629,1.04987,1.05025
2013.03.10 22:27:37.308,1.04986,1.05023
2013.03.10 22:27:37.379,1.04985,1.05019
2013.03.10 22:27:37.683,1.04986,1.05021
2013.03.10 22:27:48.703,1.04984,1.05017
2013.03.10 22:27:58.828,1.04983,1.05017
2013.03.10 22:28:05.454,1.04985,1.05017
2013.03.10 22:28:20.333,1.04983,1.05021
2013.03.10 22:28:20.945,1.04982,1.05021
2013.03.10 22:28:25.021,1.04984,1.05021
2013.03.10 22:28:26.328,1.04984,1.05017
2013.03.10 22:28:34.663,1.0498,1.0502
2013.03.10 22:28:35.405,1.04982,1.0502
2013.03.10 22:28:41.383,1.04981,1.05008
2013.03.10 22:28:41.889,1.04982,1.05008
2013.03.10 22:28:42.233,1.04984,1.05008
2013.03.10 22:28:43.931,1.04982,1.05008
2013.03.10 22:28:45.245,1.0498,1.05004
2013.03.10 22:29:00.335,1.04982,1.05009
2013.03.10 22:29:01.025,1.04981,1.05009
2013.03.10 22:29:03.192,1.04982,1.05009
2013.03.10 22:29:03.394,1.04976,1.05004
2013.03.10 22:29:03.905,1.04973,1.05004
2013.03.10 22:29:04.443,1.04972,1.05004
2013.03.10 22:29:05.525,1.04972,1.05004
2013.03.10 22:29:05.583,1.04971,1.05004
2013.03.10 22:29:23.293,1.04969,1.05001
2013.03.10 22:29:28.883,1.04969,1.05004
2013.03.10 22:29:29.063,1.04969,1.05004
2013.03.10 22:29:30.892,1.04972,1.05006
2013.03.10 22:29:31.013,1.04974,1.05009
2013.03.10 22:29:36.093,1.04979,1.05009
2013.03.10 22:29:36.429,1.04981,1.05011
2013.03.10 22:29:36.553,1.04979,1.05014
2013.03.10 22:29:39.953,1.04979,1.05011
2013.03.10 22:29:44.932,1.0498,1.05013
2013.03.10 22:29:48.154,1.04981,1.05011
2013.03.10 22:29:50.636,1.0498,1.0501
2013.03.10 22:29:50.692,1.04974,1.05008
2013.03.10 22:29:57.207,1.04976,1.05008
2013.03.10 22:29:57.713,1.04977,1.05008
2013.03.10 22:29:58.672,1.04974,1.05008
2013.03.10 22:30:11.182,1.04974,1.0501
2013.03.10 22:30:19.166,1.04976,1.0501
2013.03.10 22:30:21.623,1.04977,1.0501
2013.03.10 22:30:24.583,1.04976,1.0501
2013.03.10 22:30:25.989,1.04974,1.0501
2013.03.10 22:30:31.179,1.04976,1.0501
2013.03.10 22:30:31.722,1.04977,1.0501
2013.03.10 22:30:38.716,1.04978,1.05014
2013.03.10 22:30:38.785,1.04981,1.05016
2013.03.10 22:30:41.683,1.04984,1.05016
2013.03.10 22:30:41.743,1.04986,1.05019
2013.03.10 22:30:41.802,1.04986,1.05019
2013.03.10 22:30:41.863,1.04986,1.05019
2013.03.10 22:30:41.923,1.04986,1.05019
2013.03.10 22:30:42.224,1.04986,1.05018
2013.03.10 22:30:42.883,1.04986,1.05019
2013.03.10 22:30:43.675,1.04986,1.05018
2013.03.10 22:30:43.793,1.0498,1.05013
2013.03.10 22:30:49.923,1.04982,1.05013
2013.03.10 22:30:50.972,1.04983,1.05013
2013.03.10 22:30:57.699,1.0498,1.05013
2013.03.10 22:31:04.229,1.04979,1.05012
2013.03.10 22:31:24.633,1.04976,1.05012
2013.03.10 22:31:36.763,1.04979,1.05014
2013.03.10 22:31:36.822,1.04982,1.05015
2013.03.10 22:31:39.785,1.04983,1.05015
2013.03.10 22:31:44.453,1.04984,1.05015
2013.03.10 22:31:44.741,1.04982,1.05015
2013.03.10 22:31:44.862,1.04984,1.05015
2013.03.10 22:31:44.943,1.04983,1.05015
2013.03.10 22:31:45.144,1.04984,1.05015
2013.03.10 22:31:45.203,1.04982,1.05015
2013.03.10 22:31:45.263,1.04984,1.05015
2013.03.10 22:31:45.959,1.04982,1.05015
2013.03.10 22:31:46.572,1.04984,1.05015
2013.03.10 22:31:46.860,1.04982,1.05015
2013.03.10 22:31:47.617,1.04983,1.05015
2013.03.10 22:31:49.412,1.04986,1.05015
2013.03.10 22:31:49.713,1.04982,1.05015
2013.03.10 22:31:57.155,1.04983,1.05017
2013.03.10 22:31:57.216,1.04985,1.0502
2013.03.10 22:32:08.974,1.04986,1.05014
2013.03.10 22:32:09.213,1.04981,1.05014
2013.03.10 22:32:11.943,1.04982,1.05014
2013.03.10 22:32:14.305,1.04981,1.05014
2013.03.10 22:32:16.213,1.04984,1.05018
2013.03.10 22:32:18.924,1.04988,1.05018
2013.03.10 22:32:19.393,1.04988,1.05017
2013.03.10 22:32:20.129,1.0499,1.05017
2013.03.10 22:32:20.831,1.04987,1.05017
2013.03.10 22:32:22.670,1.04989,1.05017
2013.03.10 22:32:24.015,1.04989,1.05017
2013.03.10 22:32:24.160,1.04984,1.05017
2013.03.10 22:32:24.284,1.04984,1.05017
2013.03.10 22:32:30.584,1.04984,1.05017
2013.03.10 22:32:32.115,1.04987,1.05017
2013.03.10 22:32:32.453,1.04993,1.05019
2013.03.10 22:32:32.513,1.04995,1.05028
2013.03.10 22:32:33.228,1.04993,1.05028
2013.03.10 22:32:48.173,1.04995,1.05028
2013.03.10 22:32:48.443,1.04993,1.05028
2013.03.10 22:32:50.423,1.04995,1.05031
2013.03.10 22:32:50.483,1.04998,1.05031
2013.03.10 22:33:08.286,1.04998,1.0503
2013.03.10 22:33:10.424,1.05001,1.0503
2013.03.10 22:33:10.983,1.04998,1.0503
2013.03.10 22:33:12.024,1.04998,1.05024
2013.03.10 22:33:12.575,1.04998,1.0503
2013.03.10 22:33:13.175,1.05001,1.0503
2013.03.10 22:33:13.445,1.05004,1.05034
2013.03.10 22:33:16.539,1.05004,1.05036
2013.03.10 22:33:17.674,1.05004,1.05036
2013.03.10 22:33:17.858,1.05004,1.05036
2013.03.10 22:33:24.127,1.05004,1.05036
2013.03.10 22:33:27.334,1.04999,1.05031
2013.03.10 22:33:27.454,1.04995,1.05025
2013.03.10 22:33:31.853,1.04996,1.05028
2013.03.10 22:33:34.448,1.04997,1.05028
2013.03.10 22:33:34.515,1.04998,1.05028
2013.03.10 22:33:35.144,1.04998,1.05025
2013.03.10 22:33:48.546,1.05001,1.05026
2013.03.10 22:33:55.951,1.05003,1.05026
2013.03.10 22:33:56.075,1.04999,1.05026
2013.03.10 22:33:57.174,1.04998,1.05025
2013.03.10 22:33:57.668,1.04999,1.05026
2013.03.10 22:34:02.846,1.04998,1.05025
2013.03.10 22:34:03.084,1.04999,1.05026
2013.03.10 22:34:06.806,1.04999,1.05025
2013.03.10 22:34:10.384,1.04999,1.05026
2013.03.10 22:34:10.504,1.05002,1.05028
2013.03.10 22:34:10.805,1.05003,1.05029
2013.03.10 22:34:10.924,1.05003,1.05029
2013.03.10 22:34:15.735,1.05005,1.05028
2013.03.10 22:34:35.944,1.05008,1.05033
2013.03.10 22:34:42.234,1.05006,1.0503
2013.03.10 22:34:42.903,1.05009,1.05034
2013.03.10 22:34:55.554,1.05005,1.05031
2013.03.10 22:34:55.615,1.05003,1.05031
2013.03.10 22:34:57.665,1.05003,1.05031
2013.03.10 22:34:57.724,1.05001,1.05025
2013.03.10 22:34:57.785,1.04999,1.05025
2013.03.10 22:35:17.805,1.05001,1.05025
2013.03.10 22:35:17.868,1.05002,1.05028
2013.03.10 22:35:21.845,1.05002,1.05028
2013.03.10 22:35:22.094,1.05006,1.05032
2013.03.10 22:35:26.164,1.05006,1.05028
2013.03.10 22:35:26.344,1.05001,1.05028
2013.03.10 22:35:26.494,1.05002,1.05028
2013.03.10 22:35:27.170,1.05006,1.05029
2013.03.10 22:35:28.915,1.05006,1.05033
2013.03.10 22:35:29.095,1.05,1.05028
2013.03.10 22:35:37.751,1.05002,1.05028
2013.03.10 22:35:37.872,1.05005,1.05031
2013.03.10 22:35:40.453,1.05005,1.05029
2013.03.10 22:35:42.045,1.05005,1.0503
2013.03.10 22:35:42.114,1.05005,1.05027
2013.03.10 22:35:44.206,1.05005,1.05028
2013.03.10 22:35:46.613,1.05005,1.05027
2013.03.10 22:35:46.972,1.05005,1.05028
2013.03.10 22:35:50.122,1.05003,1.05028
2013.03.10 22:35:50.183,1.05002,1.05022
2013.03.10 22:35:58.382,1.04996,1.05019
2013.03.10 22:35:58.443,1.04994,1.05019
2013.03.10 22:36:01.000,1.05,1.05021
2013.03.10 22:36:02.712,1.04996,1.05019
2013.03.10 22:36:02.842,1.04997,1.05023
2013.03.10 22:36:03.023,1.04994,1.0502
2013.03.10 22:36:03.082,1.04998,1.05023
2013.03.10 22:36:21.173,1.04998,1.05023
2013.03.10 22:36:21.293,1.04998,1.05023
2013.03.10 22:36:23.264,1.04998,1.05022
2013.03.10 22:36:30.532,1.04998,1.05023
2013.03.10 22:36:35.173,1.04999,1.05026
2013.03.10 22:36:35.483,1.05003,1.05027
2013.03.10 22:36:35.674,1.05003,1.05028
2013.03.10 22:36:57.232,1.05003,1.05028
2013.03.10 22:36:58.078,1.05003,1.05029
2013.03.10 22:37:16.233,1.05005,1.05029
2013.03.10 22:37:27.334,1.05005,1.05026
2013.03.10 22:37:30.262,1.05005,1.05029
2013.03.10 22:37:37.231,1.05005,1.05031
2013.03.10 22:37:57.331,1.05004,1.05031
2013.03.10 22:38:17.352,1.05004,1.05031
2013.03.10 22:38:24.194,1.05004,1.05026
2013.03.10 22:38:26.659,1.05004,1.05029
2013.03.10 22:38:27.773,1.05004,1.05025
2013.03.10 22:38:29.864,1.05004,1.05026
2013.03.10 22:38:30.428,1.05004,1.05029
2013.03.10 22:38:31.099,1.05004,1.0503
2013.03.10 22:38:31.693,1.05004,1.05025
2013.03.10 22:38:33.387,1.05004,1.05023
2013.03.10 22:38:40.201,1.05004,1.0503
2013.03.10 22:38:41.208,1.05004,1.05028
2013.03.10 22:38:41.310,1.05004,1.05031
2013.03.10 22:39:13.256,1.05004,1.05028
2013.03.10 22:39:16.256,1.05002,1.05025
2013.03.10 22:39:16.312,1.05002,1.05017
2013.03.10 22:39:16.372,1.04998,1.05017
2013.03.10 22:39:16.673,1.04998,1.05018
2013.03.10 22:39:24.882,1.04998,1.05015
2013.03.10 22:39:26.233,1.04998,1.05017
2013.03.10 22:39:26.590,1.04998,1.05022
2013.03.10 22:39:35.425,1.04998,1.05016
2013.03.10 22:39:36.234,1.04998,1.05018
2013.03.10 22:39:37.280,1.04997,1.05018
2013.03.10 22:39:38.234,1.04997,1.05019
2013.03.10 22:39:39.213,1.05001,1.05018
2013.03.10 22:39:40.762,1.05001,1.05018
2013.03.10 22:39:42.356,1.05001,1.05023
2013.03.10 22:39:59.345,1.05003,1.05021
2013.03.10 22:39:59.831,1.05004,1.05021
2013.03.10 22:40:16.473,1.05004,1.0503
2013.03.10 22:40:19.502,1.05002,1.05029
2013.03.10 22:40:39.542,1.05001,1.05031
2013.03.10 22:40:59.643,1.05003,1.0503
2013.03.10 22:41:12.953,1.04997,1.05022
2013.03.10 22:41:13.013,1.04995,1.05022
2013.03.10 22:41:13.144,1.04998,1.05025
2013.03.10 22:41:21.284,1.05002,1.05028
2013.03.10 22:41:21.584,1.05002,1.05025
2013.03.10 22:41:55.909,1.05002,1.05024
2013.03.10 22:41:55.973,1.05002,1.05023
2013.03.10 22:41:56.335,1.05002,1.0503
2013.03.10 22:41:58.226,1.05002,1.05023
2013.03.10 22:41:59.763,1.05002,1.05024
2013.03.10 22:42:01.145,1.05002,1.05024
2013.03.10 22:42:07.147,1.05003,1.05024
2013.03.10 22:42:08.252,1.05003,1.0503
2013.03.10 22:42:10.059,1.05003,1.05024
2013.03.10 22:42:19.203,1.05003,1.0503
2013.03.10 22:42:21.493,1.05003,1.05026
2013.03.10 22:42:21.669,1.05003,1.05026
2013.03.10 22:42:24.101,1.05003,1.05024
2013.03.10 22:42:28.343,1.05003,1.05022
2013.03.10 22:42:28.763,1.04997,1.05019
2013.03.10 22:42:43.613,1.04997,1.05013
2013.03.10 22:42:44.921,1.04997,1.05017
2013.03.10 22:42:48.326,1.04997,1.05017
2013.03.10 22:42:48.503,1.04997,1.05019
2013.03.10 22:42:48.563,1.04997,1.05019
2013.03.10 22:42:49.193,1.04994,1.05017
2013.03.10 22:42:58.173,1.04994,1.05014
2013.03.10 22:42:58.248,1.04994,1.05019
2013.03.10 22:43:03.373,1.04994,1.05014
2013.03.10 22:43:05.167,1.04994,1.05019
2013.03.10 22:43:10.163,1.04994,1.05017
2013.03.10 22:43:30.383,1.04993,1.05015
2013.03.10 22:43:32.875,1.04995,1.05016
2013.03.10 22:43:33.054,1.04995,1.05019
2013.03.10 22:43:33.263,1.04995,1.05019
2013.03.10 22:43:38.505,1.04996,1.05019
2013.03.10 22:43:38.564,1.04997,1.0502
2013.03.10 22:43:42.260,1.04997,1.05014
2013.03.10 22:43:44.463,1.04997,1.05018
2013.03.10 22:43:46.576,1.04997,1.05022
2013.03.10 22:43:58.993,1.04997,1.05022
2013.03.10 22:44:19.151,1.04998,1.05024
2013.03.10 22:44:19.474,1.05,1.0502
2013.03.10 22:44:33.161,1.05001,1.05029
2013.03.10 22:44:40.303,1.04998,1.05028
2013.03.10 22:44:45.305,1.04995,1.05015
2013.03.10 22:44:45.664,1.04984,1.05007
2013.03.10 22:44:45.724,1.04985,1.05007
2013.03.10 22:44:45.786,1.04984,1.04999
2013.03.10 22:44:45.973,1.04979,1.05
2013.03.10 22:44:46.033,1.04976,1.05
2013.03.10 22:44:55.891,1.04976,1.04999
2013.03.10 22:44:56.558,1.04976,1.05004
2013.03.10 22:45:03.774,1.04976,1.04999
2013.03.10 22:45:04.865,1.04976,1.04999
2013.03.10 22:45:09.165,1.04976,1.04997
2013.03.10 22:45:10.153,1.04976,1.05004
2013.03.10 22:45:20.969,1.04976,1.04998
2013.03.10 22:45:21.733,1.04976,1.05004
2013.03.10 22:45:26.733,1.04976,1.05001
2013.03.10 22:45:45.553,1.04974,1.05004
2013.03.10 22:45:47.138,1.04974,1.05002
2013.03.10 22:46:14.924,1.04974,1.05
2013.03.10 22:46:16.064,1.04974,1.05
2013.03.10 22:46:22.072,1.04974,1.05002
2013.03.10 22:46:28.219,1.04974,1.05002
2013.03.10 22:46:58.213,1.04975,1.05
2013.03.10 22:47:01.613,1.04975,1.05001
2013.03.10 22:47:03.373,1.04975,1.05003
2013.03.10 22:47:04.275,1.04975,1.05001
2013.03.10 22:47:04.821,1.04975,1.05003
2013.03.10 22:47:08.460,1.04977,1.05007
2013.03.10 22:47:08.763,1.04987,1.05009
2013.03.10 22:47:11.594,1.0499,1.05014
2013.03.10 22:47:11.654,1.04991,1.05017
2013.03.10 22:47:11.713,1.04991,1.05017
2013.03.10 22:47:11.954,1.04995,1.05022
2013.03.10 22:47:12.255,1.05002,1.05027
2013.03.10 22:47:12.316,1.05003,1.05029
2013.03.10 22:47:12.624,1.05003,1.05029
2013.03.10 22:47:12.744,1.04999,1.05024
2013.03.10 22:47:12.804,1.04997,1.05024
2013.03.10 22:47:27.005,1.05,1.05024
2013.03.10 22:47:29.912,1.04998,1.05024
2013.03.10 22:47:30.193,1.04999,1.05025
2013.03.10 22:47:32.574,1.05002,1.05028
2013.03.10 22:47:32.633,1.05002,1.05025
2013.03.10 22:47:34.074,1.05001,1.05025
2013.03.10 22:47:34.403,1.05001,1.05022
2013.03.10 22:47:35.254,1.05001,1.05023
2013.03.10 22:47:37.143,1.05002,1.05027
2013.03.10 22:47:37.582,1.05001,1.05026
2013.03.10 22:47:37.907,1.05001,1.05024
2013.03.10 22:47:39.781,1.05001,1.05022
2013.03.10 22:47:40.084,1.04996,1.05022
2013.03.10 22:47:40.143,1.04996,1.05024
2013.03.10 22:47:40.551,1.04996,1.05022
2013.03.10 22:47:40.774,1.04997,1.05021
2013.03.10 22:47:41.074,1.05,1.05021
2013.03.10 22:47:42.513,1.05,1.05025
2013.03.10 22:47:42.924,1.05,1.05025
2013.03.10 22:47:43.104,1.05,1.05023
2013.03.10 22:47:43.363,1.05,1.05024
2013.03.10 22:47:44.124,1.05,1.05023
2013.03.10 22:47:45.243,1.05001,1.05023
2013.03.10 22:47:45.304,1.05004,1.05027
2013.03.10 22:47:45.904,1.05001,1.05024
2013.03.10 22:47:45.963,1.04998,1.05024
2013.03.10 22:47:46.024,1.04998,1.05024
2013.03.10 22:47:46.324,1.04998,1.05025
2013.03.10 22:47:48.503,1.05001,1.05028
2013.03.10 22:47:54.543,1.05001,1.05028
2013.03.10 22:47:55.884,1.05002,1.05028
2013.03.10 22:47:55.944,1.05002,1.05028
2013.03.10 22:47:57.684,1.0499,1.05017
2013.03.10 22:48:01.474,1.04987,1.05009
2013.03.10 22:48:01.534,1.04985,1.05009
2013.03.10 22:48:04.150,1.04985,1.05008
2013.03.10 22:48:07.161,1.04985,1.05006
2013.03.10 22:48:09.184,1.04985,1.05
2013.03.10 22:48:09.244,1.04981,1.05
2013.03.10 22:48:09.304,1.04983,1.05
2013.03.10 22:48:09.364,1.04983,1.05004
2013.03.10 22:48:09.424,1.04983,1.05003
2013.03.10 22:48:09.604,1.04983,1.05004
2013.03.10 22:48:09.724,1.04983,1.05004
2013.03.10 22:48:12.183,1.04983,1.05011
2013.03.10 22:48:22.334,1.04983,1.05006
2013.03.10 22:48:22.655,1.04983,1.05011
2013.03.10 22:48:30.253,1.04983,1.0501
2013.03.10 22:48:30.904,1.04982,1.05009
2013.03.10 22:48:31.024,1.04981,1.05006
2013.03.10 22:48:41.821,1.04979,1.05005
2013.03.10 22:48:43.492,1.04978,1.05005
2013.03.10 22:48:51.333,1.04979,1.05006
2013.03.10 22:49:08.424,1.04979,1.05001
2013.03.10 22:49:08.486,1.04976,1.05001
2013.03.10 22:49:11.234,1.04976,1.05003
2013.03.10 22:49:29.184,1.04976,1.05003
2013.03.10 22:49:41.732,1.04977,1.05003
2013.03.10 22:49:41.794,1.04979,1.05003
2013.03.10 22:49:43.166,1.04979,1.05007
2013.03.10 22:49:54.692,1.04979,1.05002
2013.03.10 22:50:01.254,1.04979,1.05003
2013.03.10 22:50:04.255,1.0498,1.05008
2013.03.10 22:50:20.823,1.0498,1.04999
2013.03.10 22:50:24.054,1.0498,1.05002
2013.03.10 22:50:25.143,1.0498,1.05001
2013.03.10 22:50:28.844,1.0498,1.04998
2013.03.10 22:50:28.964,1.04972,1.04996
2013.03.10 22:50:30.584,1.04972,1.04994
2013.03.10 22:50:30.785,1.04972,1.04996
2013.03.10 22:50:33.534,1.04972,1.04997
2013.03.10 22:50:34.854,1.04972,1.04995
2013.03.10 22:50:37.154,1.04972,1.04994
2013.03.10 22:50:42.662,1.04972,1.04996
2013.03.10 22:50:46.074,1.04972,1.04994
2013.03.10 22:50:46.685,1.04972,1.04997
2013.03.10 22:50:48.944,1.04972,1.04998
2013.03.10 22:51:00.736,1.04973,1.04995
2013.03.10 22:51:02.555,1.04973,1.04996
2013.03.10 22:51:09.111,1.04973,1.04994
2013.03.10 22:51:14.382,1.04973,1.04998
2013.03.10 22:51:16.085,1.04973,1.04998
2013.03.10 22:51:17.404,1.04973,1.04998
2013.03.10 22:51:20.668,1.04975,1.04998
2013.03.10 22:51:22.905,1.04977,1.04998
2013.03.10 22:51:25.210,1.04977,1.04998
2013.03.10 22:51:30.325,1.04977,1.04998
2013.03.10 22:51:35.146,1.04977,1.04997
2013.03.10 22:51:40.834,1.04975,1.04997
2013.03.10 22:51:41.415,1.04975,1.04996
2013.03.10 22:51:42.685,1.04975,1.05001
2013.03.10 22:51:48.302,1.04975,1.05
2013.03.10 22:51:52.310,1.04975,1.05001
2013.03.10 22:52:04.265,1.04975,1.05001
2013.03.10 22:52:06.031,1.04975,1.04997
2013.03.10 22:52:07.364,1.04972,1.0499
2013.03.10 22:52:07.664,1.04966,1.04984
2013.03.10 22:52:07.845,1.04966,1.04984
2013.03.10 22:52:08.025,1.04961,1.04981
2013.03.10 22:52:08.384,1.04956,1.04976
2013.03.10 22:52:10.888,1.04956,1.04974
2013.03.10 22:52:12.914,1.04956,1.04976
2013.03.10 22:52:17.296,1.04956,1.04974
2013.03.10 22:52:20.806,1.04956,1.04978
2013.03.10 22:52:21.254,1.04956,1.0498
2013.03.10 22:52:22.403,1.04956,1.04978
2013.03.10 22:52:25.175,1.04955,1.04977
2013.03.10 22:52:25.485,1.04955,1.04972
2013.03.10 22:52:25.545,1.04955,1.04973
2013.03.10 22:52:25.754,1.04955,1.04973
2013.03.10 22:52:26.435,1.04959,1.04973
2013.03.10 22:52:26.725,1.04953,1.04973
2013.03.10 22:52:28.059,1.04955,1.04976
2013.03.10 22:52:28.364,1.04953,1.04977
2013.03.10 22:52:28.875,1.04953,1.04974
2013.03.10 22:52:41.240,1.04955,1.04978
2013.03.10 22:52:41.420,1.04958,1.04981
2013.03.10 22:52:45.103,1.04958,1.0498
2013.03.10 22:52:45.220,1.04958,1.04982
2013.03.10 22:52:45.281,1.0496,1.04982
2013.03.10 22:52:45.399,1.04963,1.04984
2013.03.10 22:53:00.613,1.04964,1.0499
2013.03.10 22:53:00.790,1.04969,1.04991
2013.03.10 22:53:05.026,1.04969,1.04993
2013.03.10 22:53:06.180,1.04969,1.04992
2013.03.10 22:53:09.135,1.04969,1.04993
2013.03.10 22:53:20.989,1.04967,1.04993
2013.03.10 22:53:21.645,1.04967,1.04993
2013.03.10 22:53:23.379,1.04967,1.04992
2013.03.10 22:53:29.179,1.04968,1.04993
2013.03.10 22:53:41.169,1.04967,1.04995
2013.03.10 22:53:44.062,1.04972,1.04997
2013.03.10 22:53:55.316,1.04972,1.04998
2013.03.10 22:53:55.897,1.04975,1.04999
2013.03.10 22:54:04.169,1.04975,1.04998
2013.03.10 22:54:07.590,1.04975,1.05001
2013.03.10 22:54:08.681,1.04975,1.04998
2013.03.10 22:54:09.874,1.04976,1.04998
2013.03.10 22:54:10.110,1.04981,1.05004
2013.03.10 22:54:10.772,1.04981,1.05007
2013.03.10 22:54:15.150,1.04977,1.05003
2013.03.10 22:54:30.960,1.04981,1.05004
2013.03.10 22:54:31.143,1.04981,1.05006
2013.03.10 22:54:35.159,1.04981,1.05005
2013.03.10 22:54:39.671,1.04981,1.05004
2013.03.10 22:54:49.999,1.04981,1.05005
2013.03.10 22:54:52.440,1.04981,1.05007
2013.03.10 22:55:11.260,1.0498,1.05006
2013.03.10 22:55:29.220,1.0498,1.05005
2013.03.10 22:55:32.179,1.04978,1.05005
2013.03.10 22:55:32.890,1.04979,1.05005
2013.03.10 22:55:33.070,1.04979,1.05005
2013.03.10 22:55:35.224,1.04979,1.05005
2013.03.10 22:55:42.400,1.04979,1.05005
2013.03.10 22:55:45.148,1.04979,1.05002
2013.03.10 22:55:45.661,1.04979,1.05006
2013.03.10 22:55:48.360,1.04979,1.05005
2013.03.10 22:55:56.982,1.04981,1.05002
2013.03.10 22:55:59.411,1.04981,1.05007
2013.03.10 22:56:10.071,1.04981,1.05005
2013.03.10 22:56:10.402,1.04981,1.05005
2013.03.10 22:56:10.521,1.04977,1.05
2013.03.10 22:56:10.641,1.04977,1.05002
2013.03.10 22:56:12.220,1.04976,1.05002
2013.03.10 22:56:17.934,1.04976,1.05002
2013.03.10 22:56:28.492,1.04976,1.05002
2013.03.10 22:56:31.214,1.04976,1.05002
2013.03.10 22:56:34.103,1.04976,1.05002
2013.03.10 22:56:40.300,1.04975,1.05002
2013.03.10 22:56:40.631,1.04972,1.04998
2013.03.10 22:56:40.950,1.04969,1.04996
2013.03.10 22:56:46.372,1.04974,1.04999
2013.03.10 22:56:46.881,1.04977,1.04999
2013.03.10 22:56:48.755,1.04976,1.04999
2013.03.10 22:56:50.070,1.04975,1.04996
2013.03.10 22:56:50.191,1.04972,1.04996
2013.03.10 22:56:53.491,1.04971,1.04996
2013.03.10 22:56:55.350,1.04971,1.04998
2013.03.10 22:56:55.471,1.04972,1.04998
2013.03.10 22:56:55.590,1.04975,1.05
2013.03.10 22:56:58.320,1.04975,1.05
2013.03.10 22:57:29.468,1.04976,1.05003
2013.03.10 22:57:30.139,1.04976,1.05003
2013.03.10 22:57:35.059,1.04977,1.05003
2013.03.10 22:57:39.816,1.04973,1.05
2013.03.10 22:57:40.682,1.04972,1.05
2013.03.10 22:57:42.271,1.04972,1.04999
2013.03.10 22:57:43.462,1.04972,1.05001
2013.03.10 22:57:46.120,1.04972,1.05
2013.03.10 22:57:46.181,1.04972,1.04998
2013.03.10 22:57:53.090,1.04972,1.04999
2013.03.10 22:57:56.491,1.04972,1.04999
2013.03.10 22:58:00.313,1.04971,1.05
2013.03.10 22:58:00.745,1.04972,1.05001
2013.03.10 22:58:02.420,1.04972,1.05001
2013.03.10 22:58:02.540,1.04971,1.04998
2013.03.10 22:58:05.532,1.04971,1.05
2013.03.10 22:58:09.850,1.04971,1.05001
2013.03.10 22:58:10.671,1.04971,1.05001
2013.03.10 22:58:10.857,1.04971,1.04997
2013.03.10 22:58:12.689,1.04971,1.04997
2013.03.10 22:58:13.270,1.04971,1.04997
2013.03.10 22:58:14.773,1.04969,1.04997
2013.03.10 22:58:19.570,1.04969,1.05
2013.03.10 22:58:19.810,1.04969,1.05
2013.03.10 22:58:25.307,1.04971,1.05002
2013.03.10 22:58:29.169,1.04973,1.05002
2013.03.10 22:58:29.230,1.04971,1.04999
2013.03.10 22:58:33.290,1.04968,1.04998
2013.03.10 22:58:34.234,1.04967,1.04996
2013.03.10 22:58:35.240,1.0497,1.04996
2013.03.10 22:58:39.580,1.0497,1.04998
2013.03.10 22:58:46.780,1.04969,1.04998
2013.03.10 22:58:49.776,1.04969,1.04998
2013.03.10 22:58:50.099,1.04973,1.05001
2013.03.10 22:58:55.102,1.0497,1.04998
2013.03.10 22:58:55.299,1.04972,1.05002
2013.03.10 22:58:55.540,1.04972,1.05002
2013.03.10 22:58:57.707,1.04972,1.05
2013.03.10 22:58:58.772,1.04975,1.05003
2013.03.10 22:58:59.250,1.04977,1.05007
2013.03.10 22:59:02.230,1.04977,1.05005
2013.03.10 22:59:05.950,1.04982,1.05008
2013.03.10 22:59:06.010,1.04983,1.05008
2013.03.10 22:59:06.320,1.04986,1.05014
2013.03.10 22:59:06.390,1.04985,1.05015
2013.03.10 22:59:09.851,1.04986,1.05016
2013.03.10 22:59:18.521,1.04985,1.05015
2013.03.10 22:59:23.686,1.04988,1.05016
2013.03.10 22:59:25.295,1.04991,1.05015
2013.03.10 22:59:27.226,1.04987,1.05017
2013.03.10 22:59:31.621,1.04984,1.05012
2013.03.10 22:59:32.130,1.04984,1.05012
2013.03.10 22:59:36.120,1.04983,1.05013
2013.03.10 22:59:36.241,1.04981,1.05009
2013.03.10 22:59:51.330,1.04975,1.05001
2013.03.10 22:59:51.405,1.04977,1.05005
2013.03.10 22:59:54.340,1.04975,1.05003
2013.03.10 22:59:54.640,1.04975,1.05003
2013.03.10 22:59:54.700,1.04975,1.05003
2013.03.10 22:59:55.020,1.04975,1.05003
2013.03.10 22:59:56.590,1.04977,1.05007
2013.03.10 22:59:57.350,1.04976,1.05006
2013.03.10 22:59:57.411,1.04974,1.05004
2013.03.10 22:59:57.470,1.04974,1.05004
2013.03.10 22:59:57.855,1.04977,1.05007
2013.03.10 23:00:00.221,1.04974,1.05003
2013.03.10 23:00:00.340,1.04973,1.05003
2013.03.10 23:00:00.880,1.04973,1.05002
2013.03.10 23:00:00.940,1.04972,1.05002
2013.03.10 23:00:01.121,1.04972,1.05003
2013.03.10 23:00:01.242,1.04971,1.04999
2013.03.10 23:00:01.835,1.04972,1.04999
2013.03.10 23:00:02.190,1.04971,1.04998
2013.03.10 23:00:02.296,1.04972,1.04999
2013.03.10 23:00:02.360,1.04972,1.05001
2013.03.10 23:00:02.870,1.04971,1.05
2013.03.10 23:00:02.990,1.0497,1.05
2013.03.10 23:00:03.110,1.0497,1.05
2013.03.10 23:00:03.290,1.0497,1.04997
2013.03.10 23:00:04.056,1.0497,1.05
2013.03.10 23:00:04.300,1.0497,1.04998
2013.03.10 23:00:05.391,1.04969,1.04998
2013.03.10 23:00:05.650,1.0497,1.04999
2013.03.10 23:00:05.942,1.04973,1.05002
2013.03.10 23:00:10.545,1.04973,1.05001
2013.03.10 23:00:10.670,1.04969,1.04998
2013.03.10 23:00:14.900,1.0497,1.04998
2013.03.10 23:00:18.950,1.04968,1.04995
2013.03.10 23:00:19.556,1.04968,1.04995
2013.03.10 23:00:20.776,1.0497,1.04996
2013.03.10 23:00:20.960,1.04971,1.05001
2013.03.10 23:00:21.140,1.04979,1.05008
2013.03.10 23:00:21.201,1.04979,1.05008
2013.03.10 23:00:21.629,1.04979,1.05008
2013.03.10 23:00:22.273,1.04979,1.05008
2013.03.10 23:00:23.305,1.04979,1.05008
2013.03.10 23:00:24.300,1.04976,1.05006
2013.03.10 23:00:24.481,1.04979,1.05009
2013.03.10 23:00:27.551,1.04976,1.05004
2013.03.10 23:00:27.611,1.04976,1.05003
2013.03.10 23:00:29.355,1.04976,1.05006
2013.03.10 23:00:29.661,1.0497,1.04999
2013.03.10 23:00:30.181,1.0497,1.04999
2013.03.10 23:00:35.080,1.04971,1.05
2013.03.10 23:00:35.201,1.04972,1.05002
2013.03.10 23:00:35.848,1.04973,1.05002
2013.03.10 23:00:39.230,1.04973,1.05004
2013.03.10 23:00:40.792,1.04976,1.05004
2013.03.10 23:00:47.150,1.04973,1.05004
2013.03.10 23:00:49.463,1.04975,1.05004
2013.03.10 23:00:55.186,1.04975,1.05003
2013.03.10 23:01:00.513,1.04975,1.05004
2013.03.10 23:01:18.411,1.04977,1.05007
2013.03.10 23:01:18.550,1.04977,1.05005
2013.03.10 23:01:19.258,1.04977,1.05006
2013.03.10 23:01:21.112,1.04977,1.05005
2013.03.10 23:01:22.241,1.04975,1.05003
2013.03.10 23:01:24.312,1.04975,1.05003
2013.03.10 23:01:24.371,1.0498,1.05007
2013.03.10 23:01:24.551,1.04983,1.05012
2013.03.10 23:01:25.072,1.04983,1.05012
2013.03.10 23:01:25.150,1.04981,1.05008
2013.03.10 23:01:25.920,1.04977,1.05005
2013.03.10 23:01:33.455,1.04976,1.05002
2013.03.10 23:01:45.021,1.04976,1.05003
2013.03.10 23:01:50.607,1.04976,1.05006
2013.03.10 23:01:51.421,1.04976,1.05003
2013.03.10 23:01:52.652,1.04976,1.05002
2013.03.10 23:02:12.080,1.04976,1.05004
2013.03.10 23:02:12.695,1.04975,1.05003
2013.03.10 23:02:14.786,1.04976,1.05003
2013.03.10 23:02:17.152,1.04977,1.05003
2013.03.10 23:02:17.686,1.04979,1.05006
2013.03.10 23:02:25.610,1.0498,1.05006
2013.03.10 23:02:25.850,1.04983,1.05009
2013.03.10 23:02:25.912,1.04983,1.05008
2013.03.10 23:02:26.427,1.04983,1.05008
2013.03.10 23:02:26.492,1.04983,1.05007
2013.03.10 23:02:28.931,1.04984,1.05007
2013.03.10 23:02:30.290,1.04984,1.05008
2013.03.10 23:02:30.441,1.04984,1.05008
2013.03.10 23:02:31.860,1.04985,1.05007
2013.03.10 23:02:34.923,1.04986,1.05007
2013.03.10 23:02:35.230,1.04986,1.05008
2013.03.10 23:02:35.290,1.04983,1.05008
2013.03.10 23:02:39.333,1.04984,1.05008
2013.03.10 23:02:46.445,1.04983,1.05005
2013.03.10 23:02:53.356,1.04982,1.05009
2013.03.10 23:02:53.769,1.04985,1.05009
2013.03.10 23:02:54.272,1.04985,1.05006
2013.03.10 23:02:54.823,1.04985,1.05004
2013.03.10 23:02:54.881,1.04985,1.05004
2013.03.10 23:02:55.062,1.04987,1.05004
2013.03.10 23:02:55.661,1.04983,1.05004
2013.03.10 23:02:58.743,1.04983,1.05004
2013.03.10 23:02:59.500,1.04987,1.05004
2013.03.10 23:03:00.511,1.04987,1.05008
2013.03.10 23:03:00.750,1.04991,1.0501
2013.03.10 23:03:01.120,1.04992,1.05015
2013.03.10 23:03:01.461,1.04994,1.05018
2013.03.10 23:03:01.520,1.04994,1.05018
2013.03.10 23:03:02.110,1.04993,1.05018
2013.03.10 23:03:02.530,1.04989,1.05016
2013.03.10 23:03:04.520,1.04989,1.05016
2013.03.10 23:03:35.371,1.04989,1.05014
2013.03.10 23:03:35.551,1.04989,1.0501
2013.03.10 23:03:35.911,1.04989,1.05011
2013.03.10 23:03:36.911,1.04987,1.0501
2013.03.10 23:03:37.091,1.04987,1.0501
2013.03.10 23:03:37.151,1.04983,1.05005
2013.03.10 23:03:37.271,1.04978,1.05002
2013.03.10 23:03:37.452,1.04978,1.05004
2013.03.10 23:03:37.571,1.04978,1.05004
2013.03.10 23:03:37.811,1.04972,1.04994
2013.03.10 23:03:43.981,1.04973,1.04994
2013.03.10 23:03:44.672,1.04977,1.04998
2013.03.10 23:03:47.320,1.04977,1.04998
2013.03.10 23:03:47.561,1.04973,1.04995
2013.03.10 23:03:51.053,1.04974,1.04996
2013.03.10 23:03:51.241,1.04977,1.04999
2013.03.10 23:03:51.826,1.04977,1.04999
2013.03.10 23:03:53.590,1.04977,1.05
2013.03.10 23:03:53.891,1.04977,1.04996
2013.03.10 23:03:54.790,1.04972,1.04996
2013.03.10 23:03:57.767,1.04977,1.04996
2013.03.10 23:03:58.168,1.04973,1.04996
2013.03.10 23:04:00.478,1.04974,1.04996
2013.03.10 23:04:00.811,1.04974,1.04997
2013.03.10 23:04:00.990,1.04977,1.04998
2013.03.10 23:04:02.782,1.04977,1.04998
2013.03.10 23:04:05.223,1.04978,1.04998
2013.03.10 23:04:05.551,1.04977,1.04998
2013.03.10 23:04:05.611,1.04976,1.04996
2013.03.10 23:04:05.971,1.04976,1.04997
2013.03.10 23:04:06.161,1.04976,1.04997
2013.03.10 23:04:06.561,1.04976,1.04997
2013.03.10 23:04:06.620,1.04971,1.04997
2013.03.10 23:04:06.801,1.04966,1.04994
2013.03.10 23:04:08.842,1.04966,1.04994
2013.03.10 23:04:13.060,1.04966,1.04994
2013.03.10 23:04:13.121,1.0497,1.04994
2013.03.10 23:04:13.241,1.04967,1.04994
2013.03.10 23:04:14.471,1.04967,1.04997
2013.03.10 23:04:15.450,1.04969,1.04999
2013.03.10 23:04:17.131,1.0497,1.04999
2013.03.10 23:04:17.311,1.04974,1.04999
2013.03.10 23:04:17.372,1.04973,1.04997
2013.03.10 23:04:17.790,1.0497,1.04998
2013.03.10 23:04:19.331,1.0497,1.04998
2013.03.10 23:04:19.696,1.04969,1.04995
2013.03.10 23:04:24.680,1.04967,1.04994
2013.03.10 23:04:26.201,1.04967,1.04994
2013.03.10 23:04:26.261,1.04971,1.04994
2013.03.10 23:04:26.441,1.04966,1.04995
2013.03.10 23:04:30.103,1.04967,1.04994
2013.03.10 23:04:31.620,1.04971,1.04994
2013.03.10 23:04:31.681,1.04971,1.04994
2013.03.10 23:04:34.620,1.04971,1.04996
2013.03.10 23:04:34.921,1.04971,1.04996
2013.03.10 23:04:36.200,1.04971,1.04997
2013.03.10 23:04:37.221,1.04967,1.04995
2013.03.10 23:04:45.966,1.0497,1.04998
2013.03.10 23:04:46.831,1.0497,1.04998
2013.03.10 23:04:47.165,1.04969,1.04996
2013.03.10 23:04:52.344,1.04967,1.04996
2013.03.10 23:04:53.675,1.04967,1.04997
2013.03.10 23:05:00.321,1.04969,1.04997
2013.03.10 23:05:04.311,1.04969,1.04997
2013.03.10 23:05:04.491,1.04969,1.04997
2013.03.10 23:05:10.030,1.04969,1.04997
2013.03.10 23:05:14.304,1.04971,1.04998
2013.03.10 23:05:14.580,1.04972,1.04997
2013.03.10 23:05:14.641,1.04972,1.04997
2013.03.10 23:05:24.103,1.04971,1.04998
2013.03.10 23:05:24.162,1.04973,1.05003
2013.03.10 23:05:24.342,1.04974,1.05002
2013.03.10 23:05:24.801,1.04977,1.05007
2013.03.10 23:05:24.981,1.04981,1.0501
2013.03.10 23:05:25.231,1.04981,1.05011
2013.03.10 23:05:27.111,1.04981,1.0501
2013.03.10 23:05:27.171,1.04981,1.0501
2013.03.10 23:05:27.676,1.04978,1.05007
2013.03.10 23:05:30.840,1.04978,1.05007
2013.03.10 23:05:31.021,1.04981,1.05007
2013.03.10 23:05:42.331,1.04981,1.05007
2013.03.10 23:05:42.692,1.04983,1.05007
2013.03.10 23:05:43.363,1.04982,1.05007
2013.03.10 23:05:45.442,1.04982,1.05008
2013.03.10 23:05:46.846,1.04982,1.05005
2013.03.10 23:05:49.853,1.04982,1.05007
2013.03.10 23:05:52.150,1.04982,1.05009
2013.03.10 23:05:53.184,1.04989,1.05017
2013.03.10 23:05:53.360,1.04989,1.05017
2013.03.10 23:05:53.421,1.05001,1.05022
2013.03.10 23:05:53.781,1.04994,1.05021
2013.03.10 23:05:54.652,1.04997,1.05021
2013.03.10 23:05:55.012,1.04995,1.05023
2013.03.10 23:05:59.981,1.04995,1.05023
2013.03.10 23:06:01.491,1.04997,1.05022
2013.03.10 23:06:02.301,1.04997,1.05023
2013.03.10 23:06:02.682,1.05002,1.05024
2013.03.10 23:06:02.802,1.04997,1.05023
2013.03.10 23:06:03.671,1.05001,1.05026
2013.03.10 23:06:07.232,1.04996,1.05021
2013.03.10 23:06:10.441,1.04996,1.05021
2013.03.10 23:06:10.621,1.04993,1.0502
2013.03.10 23:06:11.178,1.04991,1.05019
2013.03.10 23:06:28.432,1.04997,1.05018
2013.03.10 23:06:29.157,1.04997,1.05021
2013.03.10 23:06:43.601,1.04997,1.05019
2013.03.10 23:06:44.109,1.04997,1.0502
2013.03.10 23:06:45.303,1.04997,1.05021
2013.03.10 23:06:59.311,1.04993,1.0502
2013.03.10 23:06:59.491,1.04997,1.0502
2013.03.10 23:07:04.011,1.04997,1.05022
2013.03.10 23:07:10.862,1.04996,1.05021
2013.03.10 23:07:11.350,1.04991,1.05019
2013.03.10 23:07:12.137,1.04991,1.05019
2013.03.10 23:07:42.420,1.04991,1.05018
2013.03.10 23:07:49.221,1.04997,1.0502
2013.03.10 23:07:52.101,1.04991,1.0502
2013.03.10 23:07:52.221,1.04991,1.0502
2013.03.10 23:07:53.621,1.04992,1.0502
2013.03.10 23:07:53.861,1.04986,1.05016
2013.03.10 23:08:00.591,1.0499,1.05015
2013.03.10 23:08:00.652,1.04992,1.05019
2013.03.10 23:08:00.831,1.05005,1.05029
2013.03.10 23:08:00.892,1.05007,1.05029
2013.03.10 23:08:00.952,1.05007,1.05033
2013.03.10 23:08:01.010,1.05005,1.05033
2013.03.10 23:08:01.131,1.05007,1.05032
2013.03.10 23:08:01.432,1.05015,1.05039
2013.03.10 23:08:01.491,1.05016,1.05042
2013.03.10 23:08:03.461,1.05012,1.05037
2013.03.10 23:08:03.581,1.05012,1.05037
2013.03.10 23:08:08.261,1.05017,1.05037
2013.03.10 23:08:08.502,1.05023,1.05048
2013.03.10 23:08:08.622,1.05023,1.0505
2013.03.10 23:08:08.863,1.05027,1.05053
2013.03.10 23:08:09.183,1.05024,1.05054
2013.03.10 23:08:10.338,1.05026,1.05054
2013.03.10 23:08:10.401,1.05027,1.05054
2013.03.10 23:08:10.461,1.05027,1.05054
2013.03.10 23:08:12.343,1.05027,1.05054
2013.03.10 23:08:13.862,1.05027,1.05056
2013.03.10 23:08:13.982,1.05033,1.05059
2013.03.10 23:08:14.752,1.05037,1.05059
2013.03.10 23:08:15.511,1.05037,1.05061
2013.03.10 23:08:18.583,1.05035,1.05058
2013.03.10 23:08:18.893,1.05035,1.05058
2013.03.10 23:08:21.573,1.05035,1.05058
2013.03.10 23:08:21.692,1.05033,1.05058
2013.03.10 23:08:22.212,1.05031,1.05055
2013.03.10 23:08:22.571,1.05031,1.05055
2013.03.10 23:08:26.722,1.0503,1.05056
2013.03.10 23:08:26.781,1.05029,1.05057
2013.03.10 23:08:27.141,1.05033,1.05061
2013.03.10 23:08:28.931,1.0503,1.05057
2013.03.10 23:08:29.492,1.0503,1.05057
2013.03.10 23:08:34.401,1.05029,1.05056
2013.03.10 23:08:35.502,1.0503,1.05057
2013.03.10 23:08:39.113,1.05029,1.05055
2013.03.10 23:08:42.722,1.05029,1.05057
2013.03.10 23:08:48.663,1.05028,1.05057
2013.03.10 23:08:48.723,1.05028,1.05055
2013.03.10 23:08:50.062,1.05029,1.05053
2013.03.10 23:08:50.181,1.05029,1.05053
2013.03.10 23:08:52.911,1.05034,1.05057
2013.03.10 23:08:53.351,1.05029,1.05057
2013.03.10 23:08:54.014,1.05029,1.05056
2013.03.10 23:09:02.027,1.05029,1.05056
2013.03.10 23:09:05.121,1.05033,1.05059
2013.03.10 23:09:05.743,1.05034,1.05059
2013.03.10 23:09:26.307,1.05034,1.05059
2013.03.10 23:09:46.247,1.05032,1.05057
2013.03.10 23:09:48.567,1.05032,1.05056
2013.03.10 23:10:06.758,1.05032,1.05054
2013.03.10 23:10:07.319,1.05032,1.05052
2013.03.10 23:10:07.837,1.05028,1.05052
2013.03.10 23:10:08.818,1.05028,1.05051
2013.03.10 23:10:23.819,1.05028,1.0505
2013.03.10 23:10:23.999,1.05028,1.05046
2013.03.10 23:10:24.238,1.05017,1.05044
2013.03.10 23:10:24.707,1.05015,1.05041
2013.03.10 23:10:25.706,1.05015,1.05041
2013.03.10 23:10:28.102,1.05015,1.0504
2013.03.10 23:10:28.683,1.05013,1.05038
2013.03.10 23:10:29.532,1.05013,1.05038
2013.03.10 23:10:30.313,1.05015,1.0504
2013.03.10 23:10:31.547,1.05015,1.05039
2013.03.10 23:10:38.658,1.05016,1.05039
2013.03.10 23:10:38.719,1.05016,1.05039
2013.03.10 23:10:39.668,1.05018,1.0504
2013.03.10 23:10:48.682,1.05019,1.05039
2013.03.10 23:10:49.048,1.05018,1.05039
2013.03.10 23:10:51.088,1.05018,1.05038
2013.03.10 23:10:53.979,1.05019,1.05039
2013.03.10 23:11:02.080,1.05018,1.05041
2013.03.10 23:11:04.589,1.05018,1.05043
2013.03.10 23:11:04.770,1.0502,1.05043
2013.03.10 23:11:14.793,1.05021,1.05044
2013.03.10 23:11:18.739,1.05021,1.05044
2013.03.10 23:11:22.547,1.05022,1.05045
2013.03.10 23:11:23.204,1.05022,1.05047
2013.03.10 23:11:52.798,1.05027,1.05048
2013.03.10 23:11:53.379,1.05025,1.0505
2013.03.10 23:11:57.372,1.05027,1.05052
2013.03.10 23:11:57.659,1.05027,1.05052
2013.03.10 23:11:58.468,1.05031,1.05052
2013.03.10 23:12:05.409,1.05031,1.05052
2013.03.10 23:12:05.589,1.05031,1.05052
2013.03.10 23:12:13.139,1.05031,1.05053
2013.03.10 23:12:13.728,1.05031,1.05053
2013.03.10 23:12:18.369,1.05031,1.05053
2013.03.10 23:12:24.090,1.0503,1.05053
2013.03.10 23:12:24.529,1.05029,1.05048
2013.03.10 23:12:24.709,1.05025,1.05048
2013.03.10 23:12:25.129,1.05021,1.05045
2013.03.10 23:12:25.659,1.05023,1.05039
2013.03.10 23:12:25.778,1.05019,1.05039
2013.03.10 23:12:25.899,1.05019,1.05039
2013.03.10 23:12:26.020,1.05012,1.05034
2013.03.10 23:12:26.439,1.0501,1.05037
2013.03.10 23:12:26.499,1.0501,1.05037
2013.03.10 23:12:27.169,1.05016,1.05038
2013.03.10 23:12:27.703,1.05016,1.05038
2013.03.10 23:12:28.239,1.05016,1.05039
2013.03.10 23:12:29.118,1.05016,1.05039
2013.03.10 23:12:30.530,1.05017,1.0504
2013.03.10 23:12:30.828,1.05022,1.05045
2013.03.10 23:12:30.889,1.05022,1.05045
2013.03.10 23:12:31.189,1.05022,1.05048
2013.03.10 23:12:31.430,1.05024,1.05048
2013.03.10 23:12:32.101,1.05028,1.05053
2013.03.10 23:12:34.008,1.05024,1.05049
2013.03.10 23:12:40.570,1.05022,1.05048
2013.03.10 23:12:41.919,1.05021,1.05048
2013.03.10 23:12:58.599,1.05026,1.05049
2013.03.10 23:12:59.889,1.05029,1.05051
2013.03.10 23:13:00.021,1.05033,1.05054
2013.03.10 23:13:00.536,1.05033,1.05055
2013.03.10 23:13:04.571,1.05029,1.05054
2013.03.10 23:13:04.690,1.05028,1.05051
2013.03.10 23:13:04.869,1.05028,1.05051
2013.03.10 23:13:06.264,1.05027,1.05049
2013.03.10 23:13:08.218,1.05024,1.05049
2013.03.10 23:13:08.727,1.05022,1.05044
2013.03.10 23:13:09.019,1.05022,1.05044
2013.03.10 23:13:09.269,1.05022,1.05044
2013.03.10 23:13:11.701,1.05023,1.05047
2013.03.10 23:13:11.760,1.05023,1.05049
2013.03.10 23:13:22.281,1.05022,1.05047
2013.03.10 23:13:22.459,1.05022,1.05045
2013.03.10 23:13:32.309,1.05023,1.05045
2013.03.10 23:13:32.579,1.05023,1.05045
2013.03.10 23:13:32.951,1.05025,1.05047
2013.03.10 23:13:33.009,1.05025,1.0505
2013.03.10 23:13:42.688,1.05024,1.05051
2013.03.10 23:13:42.809,1.05025,1.05051
2013.03.10 23:13:49.561,1.05026,1.05052
2013.03.10 23:13:49.739,1.0503,1.05052
2013.03.10 23:13:50.098,1.0503,1.05055
2013.03.10 23:13:50.412,1.05031,1.05055
2013.03.10 23:13:50.880,1.0503,1.05055
2013.03.10 23:13:51.158,1.05031,1.05055
2013.03.10 23:13:57.594,1.05031,1.05055
2013.03.10 23:13:57.840,1.05031,1.05053
2013.03.10 23:13:58.320,1.0503,1.05051
2013.03.10 23:14:05.590,1.05027,1.05051
2013.03.10 23:14:07.599,1.05026,1.05051
2013.03.10 23:14:14.149,1.05027,1.05051
2013.03.10 23:14:17.229,1.05026,1.05051
2013.03.10 23:14:18.232,1.05027,1.05051
2013.03.10 23:14:18.814,1.05027,1.05049
2013.03.10 23:14:23.994,1.05026,1.05048
2013.03.10 23:14:24.726,1.05024,1.05048
2013.03.10 23:14:28.759,1.05028,1.05048
2013.03.10 23:14:29.219,1.05025,1.05048
2013.03.10 23:14:31.970,1.05026,1.05048
2013.03.10 23:14:38.459,1.05027,1.0505
2013.03.10 23:14:39.068,1.05027,1.0505
2013.03.10 23:14:44.329,1.05028,1.0505
2013.03.10 23:14:45.636,1.05027,1.0505
2013.03.10 23:14:47.648,1.05027,1.0505
2013.03.10 23:14:57.774,1.05029,1.0505
2013.03.10 23:14:57.838,1.05026,1.0505
2013.03.10 23:15:00.598,1.05027,1.0505
2013.03.10 23:15:01.796,1.05026,1.0505
2013.03.10 23:15:05.039,1.05024,1.0505
2013.03.10 23:15:05.303,1.05024,1.0505
2013.03.10 23:15:05.868,1.05024,1.0505
2013.03.10 23:15:09.851,1.05025,1.0505
2013.03.10 23:15:14.431,1.05029,1.0505
2013.03.10 23:15:17.470,1.05031,1.0505
2013.03.10 23:15:18.132,1.05028,1.0505
2013.03.10 23:15:18.459,1.0503,1.0505
2013.03.10 23:15:18.519,1.0503,1.0505
2013.03.10 23:15:25.664,1.05028,1.0505
2013.03.10 23:15:27.493,1.05031,1.0505
2013.03.10 23:15:30.409,1.05026,1.0505
2013.03.10 23:15:31.939,1.05027,1.0505
2013.03.10 23:15:32.179,1.05026,1.0505
2013.03.10 23:15:32.419,1.05027,1.05049
2013.03.10 23:15:33.809,1.05027,1.0505
2013.03.10 23:15:35.870,1.05029,1.0505
2013.03.10 23:15:37.849,1.05027,1.0505
2013.03.10 23:16:01.607,1.05024,1.05049
2013.03.10 23:16:01.729,1.05023,1.05049
2013.03.10 23:16:01.849,1.05023,1.05049
2013.03.10 23:16:15.603,1.05024,1.05049
2013.03.10 23:16:16.006,1.05026,1.05049
2013.03.10 23:16:18.564,1.05023,1.05049
2013.03.10 23:16:24.690,1.05025,1.05049
2013.03.10 23:16:25.642,1.05025,1.05049
2013.03.10 23:16:31.361,1.05024,1.05049
2013.03.10 23:16:36.983,1.05027,1.05049
2013.03.10 23:16:38.188,1.05022,1.05049
2013.03.10 23:16:41.197,1.05026,1.05049
2013.03.10 23:16:50.420,1.05022,1.05048
2013.03.10 23:16:53.621,1.05023,1.05048
2013.03.10 23:16:56.889,1.05026,1.05048
2013.03.10 23:17:07.061,1.05023,1.05047
2013.03.10 23:17:12.269,1.05023,1.05047
2013.03.10 23:17:18.700,1.05029,1.0505
2013.03.10 23:17:18.759,1.05029,1.0505
2013.03.10 23:17:19.268,1.0503,1.0505
2013.03.10 23:17:25.629,1.05031,1.05052
2013.03.10 23:17:25.921,1.05029,1.05052
2013.03.10 23:17:31.891,1.05028,1.05052
2013.03.10 23:17:32.556,1.05029,1.0505
2013.03.10 23:17:36.700,1.05031,1.05054
2013.03.10 23:17:38.381,1.05033,1.05054
2013.03.10 23:17:38.849,1.05034,1.05054
2013.03.10 23:17:40.051,1.05033,1.05054
2013.03.10 23:17:40.575,1.05033,1.05054
2013.03.10 23:18:00.974,1.05033,1.05053
2013.03.10 23:18:02.078,1.05033,1.05053
2013.03.10 23:18:04.692,1.05033,1.05053
2013.03.10 23:18:07.710,1.05033,1.05054
2013.03.10 23:18:12.419,1.05035,1.05054
2013.03.10 23:18:15.223,1.05033,1.05054
2013.03.10 23:18:19.389,1.05034,1.05057
2013.03.10 23:18:21.979,1.05032,1.05057
2013.03.10 23:18:22.099,1.05035,1.05057
2013.03.10 23:18:25.699,1.05033,1.05057
2013.03.10 23:18:34.650,1.0503,1.05055
2013.03.10 23:18:35.119,1.0503,1.05049
2013.03.10 23:18:35.179,1.05027,1.05049
2013.03.10 23:18:35.889,1.05027,1.05049
2013.03.10 23:18:38.383,1.05027,1.05049
2013.03.10 23:18:39.140,1.05027,1.05049
2013.03.10 23:18:39.199,1.05023,1.05049
2013.03.10 23:18:39.259,1.05025,1.05049
2013.03.10 23:18:39.609,1.05025,1.05049
2013.03.10 23:18:41.740,1.05025,1.05049
2013.03.10 23:18:41.920,1.05025,1.05043
2013.03.10 23:18:42.001,1.05025,1.05043
2013.03.10 23:18:42.060,1.05024,1.05043
2013.03.10 23:18:42.359,1.05019,1.05043
2013.03.10 23:19:00.371,1.05019,1.05043
2013.03.10 23:19:00.942,1.05019,1.05043
2013.03.10 23:19:00.999,1.05019,1.05043
2013.03.10 23:19:08.710,1.05019,1.05041
2013.03.10 23:19:09.484,1.05021,1.05044
2013.03.10 23:19:20.819,1.05017,1.05039
2013.03.10 23:19:21.119,1.05018,1.05044
2013.03.10 23:19:21.340,1.05018,1.05043
2013.03.10 23:19:21.640,1.05014,1.05038
2013.03.10 23:19:21.920,1.05014,1.05037
2013.03.10 23:19:22.230,1.05014,1.05037
2013.03.10 23:19:24.943,1.05014,1.05037
2013.03.10 23:19:25.528,1.05014,1.05037
2013.03.10 23:19:29.680,1.05014,1.05038
2013.03.10 23:19:30.266,1.05014,1.05038
2013.03.10 23:19:31.544,1.05014,1.05037
2013.03.10 23:19:31.690,1.05014,1.05037
2013.03.10 23:19:31.941,1.05014,1.05036
2013.03.10 23:19:32.120,1.05013,1.05039
2013.03.10 23:19:32.300,1.05014,1.05038
2013.03.10 23:19:34.995,1.05014,1.05039
2013.03.10 23:19:39.670,1.05014,1.05039
2013.03.10 23:19:42.161,1.05014,1.05039
2013.03.10 23:19:46.419,1.05015,1.05041
2013.03.10 23:19:46.960,1.05019,1.05042
2013.03.10 23:19:47.140,1.05021,1.05048
2013.03.10 23:19:47.322,1.05022,1.05046
2013.03.10 23:19:47.680,1.05022,1.05046
2013.03.10 23:19:48.170,1.05023,1.05048
2013.03.10 23:19:48.229,1.05023,1.05048
2013.03.10 23:19:49.170,1.05021,1.05046
2013.03.10 23:19:53.329,1.05022,1.05046
2013.03.10 23:19:53.570,1.05022,1.05042
2013.03.10 23:19:53.691,1.05022,1.05042
2013.03.10 23:19:53.931,1.05017,1.0504
2013.03.10 23:19:54.436,1.05017,1.0504
2013.03.10 23:19:55.659,1.05017,1.0504
2013.03.10 23:19:56.301,1.05017,1.0504
2013.03.10 23:19:56.736,1.05017,1.05042
2013.03.10 23:19:57.039,1.05016,1.0504
2013.03.10 23:19:57.219,1.05014,1.0504
2013.03.10 23:19:57.539,1.05013,1.05037
2013.03.10 23:19:57.600,1.05012,1.05037
2013.03.10 23:19:58.669,1.05011,1.05037
2013.03.10 23:20:00.421,1.05014,1.05037
2013.03.10 23:20:13.540,1.05015,1.05039
2013.03.10 23:20:16.631,1.05018,1.05039
2013.03.10 23:20:17.310,1.0502,1.05044
2013.03.10 23:20:17.391,1.05022,1.05046
2013.03.10 23:20:20.890,1.05024,1.05045
2013.03.10 23:20:22.590,1.05027,1.05052
2013.03.10 23:20:22.769,1.05027,1.05051
2013.03.10 23:20:22.890,1.05025,1.0505
2013.03.10 23:20:23.149,1.05024,1.0505
2013.03.10 23:20:23.610,1.05025,1.05051
2013.03.10 23:20:23.790,1.05027,1.05052
2013.03.10 23:20:24.149,1.05029,1.05051
2013.03.10 23:20:24.210,1.05029,1.05051
2013.03.10 23:20:36.902,1.05031,1.05052
2013.03.10 23:20:41.860,1.05029,1.05052
2013.03.10 23:20:42.996,1.05029,1.05055
2013.03.10 23:20:43.571,1.05029,1.05054
2013.03.10 23:20:43.881,1.05028,1.05052
2013.03.10 23:20:44.438,1.05027,1.05049
2013.03.10 23:20:44.976,1.05027,1.05049
2013.03.10 23:21:01.302,1.05027,1.05049
2013.03.10 23:21:01.613,1.05024,1.05049
2013.03.10 23:21:02.622,1.05023,1.05049
2013.03.10 23:21:03.160,1.05023,1.05049
2013.03.10 23:21:04.263,1.05023,1.05048
2013.03.10 23:21:24.520,1.05023,1.05048
2013.03.10 23:21:26.201,1.05023,1.05048
2013.03.10 23:21:27.783,1.05023,1.05046
2013.03.10 23:21:31.489,1.05022,1.05046
2013.03.10 23:21:39.531,1.05022,1.05046
2013.03.10 23:21:45.660,1.05022,1.05047
2013.03.10 23:21:45.720,1.05022,1.05047
2013.03.10 23:21:45.900,1.05022,1.05047
2013.03.10 23:22:00.470,1.05022,1.05047
2013.03.10 23:22:00.700,1.05024,1.05049
2013.03.10 23:22:01.563,1.05025,1.05049
2013.03.10 23:22:01.800,1.05025,1.0505
2013.03.10 23:22:02.189,1.05027,1.0505
2013.03.10 23:22:08.531,1.05025,1.0505
2013.03.10 23:22:21.279,1.05026,1.05051
2013.03.10 23:22:21.930,1.05029,1.05053
2013.03.10 23:22:22.310,1.05033,1.05053
2013.03.10 23:22:22.830,1.05029,1.05055
2013.03.10 23:22:23.160,1.05031,1.05055
2013.03.10 23:22:23.281,1.05032,1.05056
2013.03.10 23:22:23.782,1.05035,1.05056
2013.03.10 23:22:24.552,1.05035,1.05058
2013.03.10 23:22:25.004,1.05039,1.05059
2013.03.10 23:22:25.271,1.05036,1.0506
2013.03.10 23:22:25.330,1.05036,1.0506
2013.03.10 23:22:46.126,1.05036,1.05061
2013.03.10 23:23:02.193,1.05037,1.0506
2013.03.10 23:23:04.910,1.05037,1.05061
2013.03.10 23:23:05.202,1.0504,1.05061
2013.03.10 23:23:07.313,1.05042,1.05066
2013.03.10 23:23:11.461,1.05041,1.05066
2013.03.10 23:23:13.770,1.0504,1.05066
2013.03.10 23:23:13.830,1.0504,1.05066
2013.03.10 23:23:26.669,1.05041,1.05068
2013.03.10 23:23:28.051,1.05041,1.05068
2013.03.10 23:24:00.690,1.05042,1.05068
2013.03.10 23:24:03.101,1.05041,1.05068
2013.03.10 23:24:06.871,1.05041,1.05068
2013.03.10 23:24:22.162,1.05043,1.05069
2013.03.10 23:24:23.609,1.05043,1.05069
2013.03.10 23:24:24.224,1.05043,1.05071
2013.03.10 23:24:27.260,1.05044,1.05071
2013.03.10 23:24:37.860,1.05045,1.05071
2013.03.10 23:24:38.040,1.05046,1.05069
2013.03.10 23:24:38.340,1.05045,1.05069
2013.03.10 23:24:38.540,1.05047,1.05069
2013.03.10 23:24:38.600,1.05047,1.05069
2013.03.10 23:24:38.720,1.05047,1.05069
2013.03.10 23:24:38.900,1.05048,1.05069
2013.03.10 23:24:41.066,1.05046,1.05067
2013.03.10 23:24:41.930,1.05047,1.05067
2013.03.10 23:24:46.200,1.05047,1.05069
2013.03.10 23:24:46.937,1.05047,1.05069
2013.03.10 23:24:55.307,1.05046,1.05069
2013.03.10 23:24:57.520,1.05046,1.05069
2013.03.10 23:25:15.660,1.05044,1.05068
2013.03.10 23:25:29.011,1.05044,1.05068
2013.03.10 23:25:32.810,1.05043,1.05068
2013.03.10 23:25:41.961,1.05045,1.05068
2013.03.10 23:25:43.189,1.05044,1.05068
2013.03.10 23:25:49.919,1.05044,1.05068
2013.03.10 23:26:05.441,1.05045,1.05068
2013.03.10 23:26:20.059,1.05047,1.05072
2013.03.10 23:26:20.596,1.05042,1.05068
2013.03.10 23:26:21.681,1.05042,1.05068
2013.03.10 23:26:22.812,1.05043,1.05068
2013.03.10 23:26:28.261,1.05043,1.05068
2013.03.10 23:26:28.551,1.05047,1.05068
2013.03.10 23:26:34.980,1.0505,1.05071
2013.03.10 23:26:35.040,1.0505,1.05071
2013.03.10 23:26:35.491,1.05054,1.05074
2013.03.10 23:26:35.670,1.05049,1.05071
2013.03.10 23:26:45.184,1.05052,1.05077
2013.03.10 23:26:46.189,1.05052,1.05077
2013.03.10 23:26:55.337,1.05052,1.05077
2013.03.10 23:26:55.640,1.05054,1.05077
2013.03.10 23:26:55.763,1.05053,1.05077
2013.03.10 23:27:03.251,1.05054,1.05074
2013.03.10 23:27:11.653,1.05054,1.05074
2013.03.10 23:27:12.890,1.05053,1.05074
2013.03.10 23:27:15.681,1.05053,1.05074
2013.03.10 23:27:25.998,1.05053,1.05074
2013.03.10 23:27:26.480,1.05051,1.0507
2013.03.10 23:27:29.820,1.0505,1.0507
2013.03.10 23:27:33.613,1.05051,1.0507
2013.03.10 23:27:35.644,1.05051,1.05072
2013.03.10 23:27:41.590,1.0505,1.05072
2013.03.10 23:27:58.171,1.05048,1.05072
2013.03.10 23:28:04.580,1.05048,1.05074
2013.03.10 23:28:07.200,1.05049,1.05075
2013.03.10 23:28:13.651,1.05049,1.05075
2013.03.10 23:28:14.335,1.05049,1.05075
2013.03.10 23:28:19.100,1.05053,1.05079
2013.03.10 23:28:21.801,1.05054,1.05079
2013.03.10 23:28:22.407,1.05053,1.05078
2013.03.10 23:28:24.841,1.05054,1.05077
2013.03.10 23:28:27.151,1.05053,1.05074
2013.03.10 23:28:32.090,1.05056,1.05078
2013.03.10 23:28:32.211,1.05056,1.05079
2013.03.10 23:28:32.331,1.05056,1.05079
2013.03.10 23:28:32.510,1.05054,1.05078
2013.03.10 23:28:33.059,1.05054,1.05078
2013.03.10 23:28:42.289,1.05054,1.05078
2013.03.10 23:28:46.002,1.05055,1.05078
2013.03.10 23:28:50.542,1.05054,1.05077
2013.03.10 23:28:54.352,1.05056,1.05078
2013.03.10 23:29:07.281,1.05054,1.05078
2013.03.10 23:29:22.463,1.05052,1.05073
2013.03.10 23:29:27.928,1.05054,1.05078
2013.03.10 23:29:34.700,1.05053,1.05078
2013.03.10 23:29:39.900,1.05055,1.05078
2013.03.10 23:29:40.020,1.05055,1.0508
2013.03.10 23:29:40.170,1.05055,1.05078
2013.03.10 23:29:47.429,1.05053,1.05078
2013.03.10 23:29:48.600,1.05054,1.05079
2013.03.10 23:29:48.841,1.05066,1.05088
2013.03.10 23:29:48.900,1.05069,1.05089
2013.03.10 23:29:49.455,1.05072,1.05093
2013.03.10 23:29:49.520,1.05072,1.05094
2013.03.10 23:29:49.580,1.05071,1.05094
2013.03.10 23:29:49.881,1.05071,1.05088
2013.03.10 23:29:54.000,1.05069,1.05091
2013.03.10 23:29:54.120,1.0507,1.05089
2013.03.10 23:29:55.450,1.05069,1.05089
2013.03.10 23:30:01.785,1.0507,1.0509
2013.03.10 23:30:01.851,1.05071,1.05092
2013.03.10 23:30:02.152,1.05073,1.05096
2013.03.10 23:30:02.211,1.05074,1.05096
2013.03.10 23:30:02.721,1.05074,1.05096
2013.03.10 23:30:03.011,1.05074,1.05096
2013.03.10 23:30:03.841,1.05074,1.05096
2013.03.10 23:30:04.723,1.05073,1.05096
2013.03.10 23:30:07.940,1.05072,1.05094
2013.03.10 23:30:13.318,1.05073,1.05096
2013.03.10 23:30:13.621,1.05082,1.05099
2013.03.10 23:30:13.801,1.05082,1.05104
2013.03.10 23:30:13.980,1.05082,1.05104
2013.03.10 23:30:14.281,1.05086,1.05109
2013.03.10 23:30:14.340,1.05086,1.05109
2013.03.10 23:30:14.400,1.05085,1.05108
2013.03.10 23:30:14.854,1.05084,1.05105
2013.03.10 23:30:15.646,1.05082,1.05103
2013.03.10 23:30:15.772,1.05081,1.05103
