Time,Bid,Ask
2013.03.19 00:00:01.089,1.06251,1.06279
2013.03.19 00:00:02.065,1.06251,1.06278
2013.03.19 00:00:02.617,1.06251,1.06279
2013.03.19 00:00:03.135,1.06256,1.06281
2013.03.19 00:00:03.614,1.06251,1.06279
2013.03.19 00:00:03.674,1.06249,1.06276
2013.03.19 00:00:03.975,1.06247,1.06272
2013.03.19 00:00:04.094,1.06246,1.06272
2013.03.19 00:00:05.572,1.06245,1.06272
2013.03.19 00:00:06.122,1.06245,1.06272
2013.03.19 00:00:13.404,1.06249,1.06276
2013.03.19 00:00:23.085,1.06249,1.06276
2013.03.19 00:00:23.145,1.06247,1.06271
2013.03.19 00:00:23.204,1.06247,1.06271
2013.03.19 00:00:23.625,1.06247,1.06271
2013.03.19 00:00:25.605,1.06244,1.06271
2013.03.19 00:00:26.325,1.06242,1.06266
2013.03.19 00:00:26.625,1.0624,1.06266
2013.03.19 00:00:27.175,1.06237,1.06261
2013.03.19 00:00:27.354,1.06237,1.06261
2013.03.19 00:00:27.535,1.06237,1.0626
2013.03.19 00:00:27.834,1.06231,1.06259
2013.03.19 00:00:27.895,1.06231,1.06257
2013.03.19 00:00:28.196,1.06225,1.06253
2013.03.19 00:00:28.614,1.06225,1.06253
2013.03.19 00:00:28.896,1.06225,1.06252
2013.03.19 00:00:31.347,1.06225,1.06252
2013.03.19 00:00:31.944,1.06225,1.06253
2013.03.19 00:00:33.160,1.06225,1.06252
2013.03.19 00:00:33.345,1.06222,1.06249
2013.03.19 00:00:33.705,1.06226,1.06251
2013.03.19 00:00:33.885,1.06224,1.06251
2013.03.19 00:00:34.915,1.06227,1.06248
2013.03.19 00:00:35.216,1.06227,1.06249
2013.03.19 00:00:35.457,1.06225,1.06246
2013.03.19 00:00:35.516,1.0622,1.06246
2013.03.19 00:00:35.575,1.06219,1.06246
2013.03.19 00:00:35.966,1.0622,1.06246
2013.03.19 00:00:36.265,1.06224,1.06248
2013.03.19 00:00:36.625,1.06226,1.06249
2013.03.19 00:00:37.195,1.06226,1.06249
2013.03.19 00:00:37.436,1.06231,1.06254
2013.03.19 00:00:37.555,1.06234,1.06254
2013.03.19 00:00:37.856,1.06234,1.06262
2013.03.19 00:00:38.383,1.06234,1.06262
2013.03.19 00:00:40.143,1.06234,1.06262
2013.03.19 00:00:41.595,1.06236,1.06263
2013.03.19 00:00:44.965,1.06237,1.06263
2013.03.19 00:00:45.325,1.06239,1.06266
2013.03.19 00:00:45.925,1.06243,1.06266
2013.03.19 00:00:45.985,1.06243,1.06268
2013.03.19 00:00:46.165,1.06242,1.06268
2013.03.19 00:00:46.226,1.06245,1.06272
2013.03.19 00:00:49.635,1.06245,1.06272
2013.03.19 00:00:50.405,1.06245,1.06272
2013.03.19 00:00:51.176,1.06245,1.06269
2013.03.19 00:00:53.127,1.06246,1.06272
2013.03.19 00:00:53.595,1.06245,1.06269
2013.03.19 00:00:54.167,1.06245,1.06272
2013.03.19 00:00:54.665,1.06239,1.06266
2013.03.19 00:00:56.313,1.06239,1.06266
2013.03.19 00:00:56.616,1.06236,1.06262
2013.03.19 00:00:58.915,1.06236,1.06262
2013.03.19 00:00:59.586,1.0623,1.06257
2013.03.19 00:00:59.886,1.06234,1.06261
2013.03.19 00:01:00.376,1.06234,1.06261
2013.03.19 00:01:00.586,1.06231,1.06256
2013.03.19 00:01:00.706,1.06233,1.0626
2013.03.19 00:01:00.766,1.06231,1.06256
2013.03.19 00:01:02.976,1.06233,1.0626
2013.03.19 00:01:03.843,1.06236,1.0626
2013.03.19 00:01:05.655,1.06233,1.0626
2013.03.19 00:01:08.156,1.06231,1.06258
2013.03.19 00:01:20.346,1.06234,1.06258
2013.03.19 00:01:20.525,1.06237,1.0626
2013.03.19 00:01:25.625,1.06237,1.06262
2013.03.19 00:01:25.745,1.06234,1.06258
2013.03.19 00:01:25.805,1.06231,1.06258
2013.03.19 00:01:39.043,1.06234,1.06259
2013.03.19 00:01:43.905,1.06231,1.06258
2013.03.19 00:01:45.946,1.06231,1.06261
2013.03.19 00:01:58.108,1.06235,1.06261
2013.03.19 00:02:02.615,1.06235,1.06263
2013.03.19 00:02:03.155,1.0624,1.06266
2013.03.19 00:02:06.577,1.06239,1.06266
2013.03.19 00:02:09.599,1.0624,1.06266
2013.03.19 00:02:15.375,1.06239,1.06266
2013.03.19 00:02:23.055,1.06237,1.06264
2013.03.19 00:02:37.541,1.06242,1.0627
2013.03.19 00:02:41.755,1.06239,1.06265
2013.03.19 00:03:00.580,1.06239,1.06265
2013.03.19 00:03:01.815,1.0624,1.06264
2013.03.19 00:03:02.434,1.06241,1.06264
2013.03.19 00:03:05.916,1.06239,1.06264
2013.03.19 00:03:14.365,1.06238,1.06264
2013.03.19 00:03:19.036,1.06238,1.06264
2013.03.19 00:03:22.035,1.06239,1.06265
2013.03.19 00:03:23.156,1.06241,1.06265
2013.03.19 00:03:24.297,1.06241,1.06265
2013.03.19 00:03:26.247,1.06241,1.06265
2013.03.19 00:03:42.101,1.06241,1.06267
2013.03.19 00:03:50.955,1.06238,1.06265
2013.03.19 00:03:51.135,1.06237,1.06265
2013.03.19 00:04:08.415,1.06239,1.06267
2013.03.19 00:04:08.625,1.06242,1.06268
2013.03.19 00:04:14.125,1.06237,1.06263
2013.03.19 00:04:16.106,1.06237,1.06263
2013.03.19 00:04:19.346,1.06233,1.06258
2013.03.19 00:04:19.705,1.06232,1.06255
2013.03.19 00:04:20.413,1.06229,1.06253
2013.03.19 00:04:40.028,1.06226,1.06253
2013.03.19 00:04:40.541,1.06223,1.0625
2013.03.19 00:04:43.804,1.06223,1.06249
2013.03.19 00:04:45.936,1.06222,1.06249
2013.03.19 00:04:46.116,1.06223,1.06249
2013.03.19 00:04:50.447,1.06223,1.0625
2013.03.19 00:04:50.626,1.06223,1.06249
2013.03.19 00:04:53.426,1.06219,1.06246
2013.03.19 00:05:06.436,1.06223,1.06249
2013.03.19 00:05:17.926,1.06223,1.06251
2013.03.19 00:05:26.956,1.06221,1.06251
2013.03.19 00:05:34.606,1.06221,1.06248
2013.03.19 00:05:34.845,1.06221,1.06249
2013.03.19 00:05:35.595,1.06221,1.06249
2013.03.19 00:05:41.137,1.06222,1.06249
2013.03.19 00:05:41.256,1.06226,1.06252
2013.03.19 00:05:41.316,1.06226,1.06253
2013.03.19 00:05:41.676,1.06226,1.06249
2013.03.19 00:05:42.424,1.06222,1.06248
2013.03.19 00:05:46.055,1.06222,1.06249
2013.03.19 00:05:51.778,1.06222,1.06248
2013.03.19 00:05:51.906,1.06222,1.06249
2013.03.19 00:05:52.665,1.06222,1.06249
2013.03.19 00:06:01.925,1.06224,1.06249
2013.03.19 00:06:03.445,1.06224,1.06251
2013.03.19 00:06:03.577,1.06224,1.06248
2013.03.19 00:06:09.655,1.06221,1.06248
2013.03.19 00:06:09.776,1.0622,1.06244
2013.03.19 00:06:10.807,1.06217,1.06243
2013.03.19 00:06:26.706,1.06218,1.06244
2013.03.19 00:06:30.065,1.06221,1.06246
2013.03.19 00:06:35.117,1.06219,1.06246
2013.03.19 00:06:44.838,1.0622,1.06246
2013.03.19 00:06:50.516,1.06221,1.06246
2013.03.19 00:06:52.557,1.06222,1.06248
2013.03.19 00:06:52.915,1.06221,1.06246
2013.03.19 00:06:56.136,1.06221,1.06246
2013.03.19 00:06:58.387,1.06222,1.06246
2013.03.19 00:07:10.396,1.06222,1.06249
2013.03.19 00:07:10.516,1.06224,1.06249
2013.03.19 00:07:14.376,1.06222,1.06248
2013.03.19 00:07:14.556,1.06221,1.06244
2013.03.19 00:07:14.896,1.06218,1.06246
2013.03.19 00:07:15.106,1.06218,1.06244
2013.03.19 00:07:17.647,1.06216,1.06244
2013.03.19 00:07:17.826,1.06211,1.06239
2013.03.19 00:07:18.307,1.06217,1.06241
2013.03.19 00:07:30.036,1.06222,1.06247
2013.03.19 00:07:31.396,1.06222,1.06249
2013.03.19 00:07:34.726,1.06226,1.0625
2013.03.19 00:07:34.846,1.06227,1.06253
2013.03.19 00:07:36.886,1.06227,1.06252
2013.03.19 00:07:37.266,1.06222,1.06248
2013.03.19 00:07:40.926,1.06222,1.06246
2013.03.19 00:07:41.166,1.06222,1.06248
2013.03.19 00:07:41.827,1.06224,1.06251
2013.03.19 00:07:42.927,1.06221,1.06247
2013.03.19 00:07:43.538,1.0622,1.06247
2013.03.19 00:07:44.636,1.06221,1.06247
2013.03.19 00:07:51.176,1.06221,1.06248
2013.03.19 00:08:01.586,1.06221,1.06248
2013.03.19 00:08:01.766,1.06226,1.06254
2013.03.19 00:08:03.926,1.06226,1.06251
2013.03.19 00:08:04.366,1.06226,1.06253
2013.03.19 00:08:15.533,1.06226,1.06254
2013.03.19 00:08:15.597,1.06231,1.06258
2013.03.19 00:08:15.906,1.06231,1.06255
2013.03.19 00:08:19.205,1.06228,1.06254
2013.03.19 00:08:37.576,1.06231,1.06257
2013.03.19 00:08:38.316,1.06231,1.06258
2013.03.19 00:08:38.926,1.06231,1.06257
2013.03.19 00:08:41.257,1.0623,1.06254
2013.03.19 00:09:02.003,1.06229,1.06254
2013.03.19 00:09:22.096,1.06226,1.06253
2013.03.19 00:09:22.566,1.06226,1.06252
2013.03.19 00:09:23.546,1.0622,1.06248
2013.03.19 00:09:30.456,1.06227,1.06248
2013.03.19 00:09:34.547,1.06224,1.06251
2013.03.19 00:09:35.326,1.0622,1.06246
2013.03.19 00:09:43.796,1.06221,1.06246
2013.03.19 00:09:43.936,1.06219,1.06244
2013.03.19 00:09:44.397,1.06217,1.06244
2013.03.19 00:09:51.815,1.06218,1.06244
2013.03.19 00:09:56.126,1.0622,1.06247
2013.03.19 00:10:03.606,1.06219,1.06247
2013.03.19 00:10:06.906,1.0622,1.06248
2013.03.19 00:10:06.967,1.06226,1.0625
2013.03.19 00:10:08.336,1.06223,1.0625
2013.03.19 00:10:08.843,1.06226,1.0625
2013.03.19 00:10:09.897,1.06223,1.0625
2013.03.19 00:10:10.075,1.06226,1.0625
2013.03.19 00:10:12.216,1.06226,1.06249
2013.03.19 00:10:12.276,1.06221,1.06248
2013.03.19 00:10:13.286,1.06224,1.0625
2013.03.19 00:10:21.757,1.06224,1.06253
2013.03.19 00:10:23.756,1.06229,1.06255
2013.03.19 00:10:24.177,1.06229,1.06256
2013.03.19 00:10:25.936,1.06234,1.06258
2013.03.19 00:10:25.996,1.06234,1.06259
2013.03.19 00:10:30.624,1.06234,1.06262
2013.03.19 00:10:36.131,1.06234,1.06261
2013.03.19 00:10:54.076,1.06232,1.06258
2013.03.19 00:10:54.616,1.06232,1.06258
2013.03.19 00:10:59.937,1.06232,1.0626
2013.03.19 00:10:59.997,1.06238,1.06263
2013.03.19 00:11:00.104,1.06237,1.06262
2013.03.19 00:11:00.556,1.06238,1.06264
2013.03.19 00:11:01.346,1.06242,1.06265
2013.03.19 00:11:01.606,1.06245,1.06269
2013.03.19 00:11:02.436,1.06242,1.06269
2013.03.19 00:11:03.301,1.06242,1.06269
2013.03.19 00:11:03.398,1.06238,1.06265
2013.03.19 00:11:06.044,1.06239,1.06267
2013.03.19 00:11:07.966,1.06244,1.06268
2013.03.19 00:11:33.707,1.06247,1.06271
2013.03.19 00:11:34.066,1.06248,1.06275
2013.03.19 00:11:34.366,1.06248,1.06275
2013.03.19 00:11:36.497,1.06248,1.06276
2013.03.19 00:11:45.572,1.06251,1.06276
2013.03.19 00:11:51.582,1.06251,1.06274
2013.03.19 00:11:51.768,1.0625,1.06273
2013.03.19 00:11:51.967,1.06247,1.06273
2013.03.19 00:11:57.998,1.06249,1.06273
2013.03.19 00:11:59.557,1.06252,1.06279
2013.03.19 00:12:00.317,1.06252,1.06279
2013.03.19 00:12:00.679,1.06247,1.06276
2013.03.19 00:12:01.106,1.06247,1.06273
2013.03.19 00:12:02.087,1.06243,1.06271
2013.03.19 00:12:02.842,1.06245,1.06271
2013.03.19 00:12:03.436,1.06243,1.06271
2013.03.19 00:12:03.857,1.0624,1.06267
2013.03.19 00:12:07.796,1.0624,1.06269
2013.03.19 00:12:07.976,1.06246,1.06269
2013.03.19 00:12:08.157,1.06244,1.06269
2013.03.19 00:12:09.088,1.0624,1.06266
2013.03.19 00:12:09.266,1.06235,1.06262
2013.03.19 00:12:10.277,1.06239,1.06263
2013.03.19 00:12:10.888,1.06239,1.06266
2013.03.19 00:12:12.530,1.06239,1.06263
2013.03.19 00:12:12.938,1.06236,1.06262
2013.03.19 00:12:13.826,1.06236,1.0626
2013.03.19 00:12:14.347,1.06236,1.06262
2013.03.19 00:12:15.018,1.06236,1.0626
2013.03.19 00:12:15.141,1.06236,1.0626
2013.03.19 00:12:15.459,1.06242,1.06265
2013.03.19 00:12:16.158,1.06244,1.0627
2013.03.19 00:12:16.862,1.06241,1.0627
2013.03.19 00:12:19.957,1.06241,1.06265
2013.03.19 00:12:20.039,1.06241,1.06264
2013.03.19 00:12:20.473,1.06239,1.06265
2013.03.19 00:12:24.856,1.06236,1.06261
2013.03.19 00:12:44.797,1.06234,1.06259
2013.03.19 00:12:48.121,1.06232,1.06258
2013.03.19 00:13:01.166,1.06234,1.06259
2013.03.19 00:13:05.760,1.06236,1.06261
2013.03.19 00:13:08.507,1.06233,1.06259
2013.03.19 00:13:17.838,1.06236,1.06263
2013.03.19 00:13:18.827,1.06236,1.06259
2013.03.19 00:13:20.396,1.06232,1.06259
2013.03.19 00:13:22.327,1.06228,1.06254
2013.03.19 00:13:22.917,1.06232,1.06255
2013.03.19 00:13:24.638,1.06229,1.06254
2013.03.19 00:13:24.876,1.06228,1.06255
2013.03.19 00:13:30.417,1.06235,1.0626
2013.03.19 00:13:30.476,1.06235,1.06262
2013.03.19 00:13:31.587,1.06235,1.0626
2013.03.19 00:13:34.297,1.06233,1.06258
2013.03.19 00:13:38.428,1.06229,1.06255
2013.03.19 00:13:40.817,1.06231,1.06255
2013.03.19 00:13:43.216,1.06231,1.06255
2013.03.19 00:13:47.908,1.06229,1.06255
2013.03.19 00:13:48.308,1.06231,1.06255
2013.03.19 00:13:52.616,1.06231,1.06257
2013.03.19 00:13:53.577,1.06234,1.06259
2013.03.19 00:14:02.821,1.06232,1.06259
2013.03.19 00:14:05.016,1.06234,1.06259
2013.03.19 00:14:05.130,1.06236,1.06259
2013.03.19 00:14:05.827,1.06238,1.06264
2013.03.19 00:14:06.066,1.06238,1.06265
2013.03.19 00:14:13.889,1.06238,1.06266
2013.03.19 00:14:14.810,1.06238,1.06265
2013.03.19 00:14:15.799,1.06237,1.06265
2013.03.19 00:14:16.428,1.06235,1.06259
2013.03.19 00:14:16.758,1.06235,1.06261
2013.03.19 00:14:17.396,1.06235,1.06259
2013.03.19 00:14:19.599,1.06235,1.06261
2013.03.19 00:14:19.666,1.0624,1.06264
2013.03.19 00:14:25.048,1.06238,1.06264
2013.03.19 00:14:25.287,1.06237,1.0626
2013.03.19 00:14:25.941,1.06234,1.0626
2013.03.19 00:14:32.096,1.06236,1.06261
2013.03.19 00:14:32.277,1.0624,1.06264
2013.03.19 00:14:42.640,1.06239,1.06264
2013.03.19 00:14:43.855,1.0624,1.06264
2013.03.19 00:15:03.879,1.0624,1.06268
2013.03.19 00:15:05.946,1.06245,1.06268
2013.03.19 00:15:06.847,1.06242,1.06269
2013.03.19 00:15:07.508,1.06245,1.06272
2013.03.19 00:15:07.627,1.06247,1.06274
2013.03.19 00:15:07.688,1.06249,1.06277
2013.03.19 00:15:08.217,1.06252,1.06278
2013.03.19 00:15:08.400,1.06252,1.0628
2013.03.19 00:15:08.637,1.06246,1.06273
2013.03.19 00:15:13.287,1.06251,1.06278
2013.03.19 00:15:14.257,1.06248,1.06274
2013.03.19 00:15:14.317,1.06247,1.06274
2013.03.19 00:15:15.341,1.06248,1.06274
2013.03.19 00:15:23.247,1.06252,1.06279
2013.03.19 00:15:28.604,1.06253,1.06279
2013.03.19 00:15:28.838,1.06252,1.06279
2013.03.19 00:15:30.739,1.06253,1.06279
2013.03.19 00:15:31.276,1.06254,1.06278
2013.03.19 00:15:31.337,1.06252,1.06274
2013.03.19 00:15:31.518,1.06248,1.06274
2013.03.19 00:15:32.245,1.06252,1.06277
2013.03.19 00:15:32.559,1.06252,1.06277
2013.03.19 00:15:35.644,1.06252,1.06277
2013.03.19 00:15:35.767,1.06248,1.06272
2013.03.19 00:15:35.827,1.06247,1.06272
2013.03.19 00:15:37.619,1.06245,1.06272
2013.03.19 00:15:37.857,1.06246,1.06272
2013.03.19 00:15:38.657,1.0625,1.06273
2013.03.19 00:15:38.958,1.0625,1.06278
2013.03.19 00:15:39.379,1.0625,1.06278
2013.03.19 00:15:39.867,1.0625,1.06278
2013.03.19 00:15:40.467,1.06251,1.06278
2013.03.19 00:15:40.835,1.06254,1.06282
2013.03.19 00:15:42.191,1.06251,1.06277
2013.03.19 00:15:42.257,1.06249,1.06274
2013.03.19 00:15:42.617,1.06244,1.0627
2013.03.19 00:15:42.978,1.06245,1.0627
2013.03.19 00:15:43.159,1.06247,1.06275
2013.03.19 00:15:43.587,1.06247,1.06275
2013.03.19 00:15:45.202,1.06253,1.06278
2013.03.19 00:15:45.577,1.06253,1.06279
2013.03.19 00:15:46.218,1.06247,1.06276
2013.03.19 00:16:05.017,1.06246,1.0627
2013.03.19 00:16:10.707,1.06246,1.06272
2013.03.19 00:16:18.467,1.06244,1.0627
2013.03.19 00:16:19.009,1.06246,1.0627
2013.03.19 00:16:19.360,1.06248,1.06275
2013.03.19 00:16:20.944,1.0625,1.06277
2013.03.19 00:16:21.096,1.06252,1.06279
2013.03.19 00:16:21.518,1.0625,1.06275
2013.03.19 00:16:21.589,1.06248,1.06275
2013.03.19 00:16:36.109,1.0625,1.06275
2013.03.19 00:16:36.557,1.06248,1.06275
2013.03.19 00:16:37.602,1.0625,1.06275
2013.03.19 00:16:37.907,1.06252,1.0628
2013.03.19 00:16:41.637,1.06255,1.0628
2013.03.19 00:16:42.048,1.0625,1.06277
2013.03.19 00:16:42.617,1.06248,1.06273
2013.03.19 00:16:43.589,1.06245,1.06272
2013.03.19 00:16:44.017,1.06241,1.06268
2013.03.19 00:16:45.133,1.06239,1.06267
2013.03.19 00:16:51.301,1.06238,1.06267
2013.03.19 00:16:51.428,1.06239,1.06267
2013.03.19 00:16:51.847,1.06239,1.06264
2013.03.19 00:16:52.029,1.06239,1.06267
2013.03.19 00:17:02.921,1.06241,1.06267
2013.03.19 00:17:03.467,1.06245,1.06272
2013.03.19 00:17:03.647,1.06246,1.06272
2013.03.19 00:17:03.887,1.06246,1.06273
2013.03.19 00:17:04.202,1.06252,1.06279
2013.03.19 00:17:08.800,1.06253,1.06279
2013.03.19 00:17:10.348,1.06252,1.06279
2013.03.19 00:17:11.037,1.06253,1.06279
2013.03.19 00:17:11.347,1.06252,1.06279
2013.03.19 00:17:11.527,1.06249,1.06273
2013.03.19 00:17:11.708,1.06247,1.06273
2013.03.19 00:17:12.227,1.06247,1.06271
2013.03.19 00:17:12.287,1.06244,1.06268
2013.03.19 00:17:33.168,1.06242,1.06268
2013.03.19 00:17:33.607,1.06241,1.06266
2013.03.19 00:17:36.757,1.06242,1.06269
2013.03.19 00:17:43.817,1.06241,1.06266
2013.03.19 00:17:44.184,1.06242,1.06269
2013.03.19 00:17:53.230,1.06242,1.06266
2013.03.19 00:17:53.647,1.06239,1.06266
2013.03.19 00:17:53.707,1.06236,1.06261
2013.03.19 00:17:54.947,1.06239,1.06263
2013.03.19 00:17:55.007,1.06241,1.06267
2013.03.19 00:17:56.127,1.06241,1.06268
2013.03.19 00:18:00.087,1.06241,1.06267
2013.03.19 00:18:09.237,1.06236,1.06263
2013.03.19 00:18:09.357,1.06236,1.06262
2013.03.19 00:18:09.847,1.06237,1.06263
2013.03.19 00:18:18.918,1.06236,1.06261
2013.03.19 00:18:19.238,1.0624,1.06266
2013.03.19 00:18:40.939,1.06241,1.06266
2013.03.19 00:18:40.997,1.06242,1.06267
2013.03.19 00:18:42.657,1.06246,1.06269
2013.03.19 00:18:51.277,1.06242,1.06269
2013.03.19 00:19:12.096,1.06243,1.06269
2013.03.19 00:19:18.335,1.06242,1.06269
2013.03.19 00:19:23.082,1.06243,1.06269
2013.03.19 00:19:27.417,1.06242,1.06269
2013.03.19 00:19:29.128,1.06243,1.06269
2013.03.19 00:19:37.312,1.06243,1.06268
2013.03.19 00:19:37.438,1.06241,1.06266
2013.03.19 00:19:52.137,1.06241,1.06268
2013.03.19 00:19:52.567,1.06241,1.06266
2013.03.19 00:19:57.707,1.06243,1.0627
2013.03.19 00:20:04.577,1.06244,1.0627
2013.03.19 00:20:09.075,1.06243,1.0627
2013.03.19 00:20:09.320,1.06239,1.06264
2013.03.19 00:20:09.617,1.06235,1.06262
2013.03.19 00:20:10.427,1.06242,1.06266
2013.03.19 00:20:14.659,1.06244,1.06269
2013.03.19 00:20:15.258,1.06242,1.06266
2013.03.19 00:20:15.897,1.06242,1.06266
2013.03.19 00:20:34.597,1.0624,1.06266
2013.03.19 00:20:34.777,1.06237,1.06261
2013.03.19 00:20:34.957,1.06235,1.06261
2013.03.19 00:20:36.511,1.06234,1.06258
2013.03.19 00:20:36.628,1.06232,1.06256
2013.03.19 00:20:36.687,1.06231,1.06256
2013.03.19 00:20:37.127,1.06228,1.06256
2013.03.19 00:20:37.367,1.0623,1.06258
2013.03.19 00:20:37.548,1.06232,1.06259
2013.03.19 00:20:38.163,1.06235,1.0626
2013.03.19 00:20:41.127,1.06235,1.06263
2013.03.19 00:20:59.918,1.06236,1.0626
2013.03.19 00:21:13.428,1.06237,1.06262
2013.03.19 00:21:13.547,1.06241,1.06265
2013.03.19 00:21:14.089,1.06245,1.0627
2013.03.19 00:21:14.401,1.06245,1.0627
2013.03.19 00:21:15.651,1.06246,1.0627
2013.03.19 00:21:18.610,1.06251,1.06274
2013.03.19 00:21:18.918,1.06252,1.06278
2013.03.19 00:21:27.897,1.06251,1.06277
2013.03.19 00:21:28.462,1.06246,1.06273
2013.03.19 00:21:44.307,1.06243,1.06268
2013.03.19 00:21:45.055,1.0624,1.06267
2013.03.19 00:21:53.107,1.06237,1.06263
2013.03.19 00:21:53.808,1.06242,1.06266
2013.03.19 00:22:13.082,1.06242,1.06269
2013.03.19 00:22:13.387,1.06246,1.06269
2013.03.19 00:22:17.491,1.06242,1.06269
2013.03.19 00:22:20.208,1.06246,1.06271
2013.03.19 00:22:20.638,1.06242,1.06269
2013.03.19 00:22:21.178,1.06246,1.0627
2013.03.19 00:22:21.657,1.06244,1.06269
2013.03.19 00:22:23.377,1.06246,1.06269
2013.03.19 00:22:23.979,1.06245,1.06269
2013.03.19 00:22:24.218,1.06246,1.06274
2013.03.19 00:22:24.841,1.06248,1.06274
2013.03.19 00:22:27.938,1.06248,1.06274
2013.03.19 00:22:29.058,1.06248,1.06274
2013.03.19 00:22:32.698,1.06248,1.06274
2013.03.19 00:22:33.212,1.06244,1.06268
2013.03.19 00:22:34.538,1.0625,1.06274
2013.03.19 00:22:36.204,1.0625,1.06274
2013.03.19 00:22:38.367,1.06251,1.06274
2013.03.19 00:22:38.960,1.06253,1.06279
2013.03.19 00:22:40.802,1.06254,1.06278
2013.03.19 00:22:44.697,1.06259,1.06278
2013.03.19 00:22:46.852,1.06261,1.06287
2013.03.19 00:22:51.228,1.06257,1.06283
2013.03.19 00:22:52.609,1.06257,1.06284
2013.03.19 00:22:52.788,1.06262,1.06289
2013.03.19 00:22:56.378,1.06266,1.06291
2013.03.19 00:22:56.888,1.06267,1.06294
2013.03.19 00:22:58.868,1.06266,1.06291
2013.03.19 00:23:04.508,1.06266,1.06289
2013.03.19 00:23:04.929,1.06262,1.06286
2013.03.19 00:23:05.048,1.06261,1.06286
2013.03.19 00:23:05.287,1.06262,1.06286
2013.03.19 00:23:05.348,1.06265,1.06288
2013.03.19 00:23:06.541,1.06262,1.06286
2013.03.19 00:23:06.657,1.06262,1.06286
2013.03.19 00:23:07.168,1.06261,1.06286
2013.03.19 00:23:09.687,1.06262,1.06286
2013.03.19 00:23:09.747,1.06263,1.0629
2013.03.19 00:23:09.842,1.06266,1.0629
2013.03.19 00:23:10.832,1.06263,1.0629
2013.03.19 00:23:22.507,1.0626,1.06286
2013.03.19 00:23:22.628,1.06261,1.06287
2013.03.19 00:23:23.077,1.06261,1.06286
2013.03.19 00:23:42.309,1.0626,1.06287
2013.03.19 00:23:56.097,1.06265,1.06293
2013.03.19 00:23:56.637,1.06265,1.06291
2013.03.19 00:23:58.087,1.06263,1.06291
2013.03.19 00:23:59.791,1.06265,1.06291
2013.03.19 00:24:09.848,1.0626,1.06288
2013.03.19 00:24:11.378,1.06258,1.06286
2013.03.19 00:24:11.438,1.06256,1.06281
2013.03.19 00:24:11.498,1.06255,1.06281
2013.03.19 00:24:12.418,1.06259,1.06285
2013.03.19 00:24:12.681,1.06261,1.06285
2013.03.19 00:24:13.108,1.06261,1.06287
2013.03.19 00:24:32.130,1.06261,1.06285
2013.03.19 00:24:32.668,1.06257,1.06284
2013.03.19 00:24:44.367,1.06257,1.06284
2013.03.19 00:24:52.868,1.0626,1.06286
2013.03.19 00:24:57.408,1.06268,1.06291
2013.03.19 00:24:57.468,1.06268,1.06293
2013.03.19 00:24:57.950,1.06266,1.06293
2013.03.19 00:25:06.790,1.06264,1.0629
2013.03.19 00:25:10.287,1.06268,1.06296
2013.03.19 00:25:14.040,1.06268,1.06295
2013.03.19 00:25:27.849,1.06268,1.06296
2013.03.19 00:25:31.030,1.06267,1.06296
2013.03.19 00:25:35.060,1.06267,1.06293
2013.03.19 00:25:36.788,1.06267,1.06291
2013.03.19 00:25:37.189,1.06262,1.06288
2013.03.19 00:25:38.131,1.06262,1.06288
2013.03.19 00:25:42.087,1.06266,1.06291
2013.03.19 00:25:51.329,1.06267,1.06294
2013.03.19 00:25:54.768,1.06264,1.06292
2013.03.19 00:26:10.549,1.06266,1.06292
2013.03.19 00:26:11.208,1.06266,1.06294
2013.03.19 00:26:13.419,1.06266,1.06292
2013.03.19 00:26:13.872,1.06261,1.0629
2013.03.19 00:26:15.638,1.06261,1.06288
2013.03.19 00:26:16.298,1.06261,1.06289
2013.03.19 00:26:21.528,1.06261,1.06288
2013.03.19 00:26:21.889,1.06256,1.06282
2013.03.19 00:26:22.199,1.06258,1.06284
2013.03.19 00:26:25.088,1.06263,1.06288
2013.03.19 00:26:27.408,1.06263,1.06289
2013.03.19 00:26:27.468,1.06268,1.06292
2013.03.19 00:26:27.648,1.06266,1.06292
2013.03.19 00:26:29.118,1.06265,1.06289
2013.03.19 00:26:30.559,1.06263,1.0629
2013.03.19 00:26:38.397,1.06263,1.06288
2013.03.19 00:26:38.638,1.06263,1.0629
2013.03.19 00:26:40.349,1.06263,1.06289
2013.03.19 00:26:40.788,1.06263,1.06289
2013.03.19 00:26:41.090,1.06268,1.06294
2013.03.19 00:26:41.388,1.06268,1.06295
2013.03.19 00:26:50.856,1.06265,1.06291
2013.03.19 00:26:52.939,1.06264,1.06289
2013.03.19 00:26:53.788,1.06261,1.06288
2013.03.19 00:27:04.890,1.06261,1.06285
2013.03.19 00:27:05.188,1.06262,1.06285
2013.03.19 00:27:08.596,1.06263,1.06288
2013.03.19 00:27:08.658,1.06263,1.0629
2013.03.19 00:27:11.058,1.06263,1.0629
2013.03.19 00:27:13.349,1.06263,1.0629
2013.03.19 00:27:15.608,1.06263,1.0629
2013.03.19 00:27:16.108,1.06263,1.06288
2013.03.19 00:27:18.090,1.06261,1.06288
2013.03.19 00:27:18.400,1.06257,1.06283
2013.03.19 00:27:19.504,1.0626,1.06286
2013.03.19 00:27:22.260,1.06256,1.06283
2013.03.19 00:27:27.769,1.0625,1.06276
2013.03.19 00:27:28.151,1.0625,1.06276
2013.03.19 00:27:29.678,1.0625,1.06276
2013.03.19 00:27:31.119,1.0625,1.06276
2013.03.19 00:27:39.988,1.06254,1.06279
2013.03.19 00:27:40.048,1.06254,1.06279
2013.03.19 00:27:40.844,1.06252,1.06279
2013.03.19 00:27:41.439,1.06254,1.06282
2013.03.19 00:27:44.048,1.06254,1.06279
2013.03.19 00:27:55.468,1.06254,1.06279
2013.03.19 00:27:55.648,1.06258,1.06284
2013.03.19 00:27:56.469,1.0626,1.06286
2013.03.19 00:28:00.559,1.06258,1.06286
2013.03.19 00:28:01.849,1.06257,1.06284
2013.03.19 00:28:01.909,1.06254,1.0628
2013.03.19 00:28:12.420,1.06252,1.0628
2013.03.19 00:28:14.337,1.06254,1.0628
2013.03.19 00:28:15.058,1.06257,1.06284
2013.03.19 00:28:15.118,1.06258,1.06285
2013.03.19 00:28:15.658,1.06258,1.06285
2013.03.19 00:28:17.131,1.06258,1.06285
2013.03.19 00:28:17.637,1.06258,1.06285
2013.03.19 00:28:20.119,1.06258,1.06285
2013.03.19 00:28:20.299,1.06263,1.0629
2013.03.19 00:28:20.389,1.06263,1.0629
2013.03.19 00:28:21.339,1.06267,1.06294
2013.03.19 00:28:21.639,1.06266,1.06294
2013.03.19 00:28:22.188,1.06263,1.06293
2013.03.19 00:28:22.255,1.06263,1.0629
2013.03.19 00:28:28.077,1.06263,1.0629
2013.03.19 00:28:29.857,1.06262,1.0629
2013.03.19 00:28:32.709,1.06262,1.06289
2013.03.19 00:28:32.768,1.06257,1.06285
2013.03.19 00:28:32.829,1.06261,1.06289
2013.03.19 00:28:33.939,1.06261,1.06288
2013.03.19 00:28:35.050,1.06259,1.06284
2013.03.19 00:28:35.118,1.06256,1.06284
2013.03.19 00:28:42.498,1.06258,1.06286
2013.03.19 00:28:48.988,1.06262,1.0629
2013.03.19 00:28:49.049,1.06265,1.06292
2013.03.19 00:28:49.288,1.06265,1.06295
2013.03.19 00:28:52.057,1.06267,1.06295
2013.03.19 00:29:05.065,1.06272,1.06298
2013.03.19 00:29:10.418,1.06272,1.06298
2013.03.19 00:29:10.780,1.06267,1.06292
2013.03.19 00:29:10.899,1.06267,1.06292
2013.03.19 00:29:11.615,1.06266,1.06293
2013.03.19 00:29:15.490,1.06266,1.06293
2013.03.19 00:29:16.150,1.06266,1.06292
2013.03.19 00:29:16.389,1.06266,1.06294
2013.03.19 00:29:17.576,1.06267,1.06294
2013.03.19 00:29:17.638,1.06271,1.06296
2013.03.19 00:29:17.941,1.06271,1.06298
2013.03.19 00:29:31.107,1.06265,1.06303
2013.03.19 00:29:33.278,1.06265,1.06303
2013.03.19 00:29:34.687,1.06265,1.06303
2013.03.19 00:29:39.797,1.06266,1.06304
2013.03.19 00:29:40.098,1.06275,1.06308
2013.03.19 00:29:40.517,1.06271,1.06305
2013.03.19 00:29:40.577,1.06266,1.06305
2013.03.19 00:29:40.758,1.06268,1.06303
2013.03.19 00:29:41.396,1.06268,1.06303
2013.03.19 00:29:45.598,1.06267,1.06304
2013.03.19 00:29:46.238,1.06269,1.06304
2013.03.19 00:29:46.668,1.06268,1.06306
2013.03.19 00:29:46.728,1.06266,1.06305
2013.03.19 00:29:47.027,1.06266,1.06305
2013.03.19 00:29:47.098,1.0627,1.06305
2013.03.19 00:29:48.378,1.06271,1.06304
2013.03.19 00:29:51.638,1.06272,1.06309
2013.03.19 00:29:51.958,1.06274,1.06309
2013.03.19 00:29:52.019,1.06274,1.06309
2013.03.19 00:29:52.078,1.06271,1.06312
2013.03.19 00:29:52.138,1.06291,1.06319
2013.03.19 00:29:52.317,1.0629,1.06323
2013.03.19 00:29:52.378,1.06291,1.06326
2013.03.19 00:29:52.558,1.0629,1.06329
2013.03.19 00:29:52.618,1.06285,1.06328
2013.03.19 00:29:53.342,1.06286,1.06328
2013.03.19 00:29:53.416,1.06284,1.06322
2013.03.19 00:29:53.778,1.06281,1.06318
2013.03.19 00:29:53.838,1.06282,1.06318
2013.03.19 00:29:54.111,1.06282,1.06318
2013.03.19 00:29:55.757,1.06281,1.06318
2013.03.19 00:29:56.067,1.06279,1.06318
2013.03.19 00:30:00.137,1.06277,1.06318
2013.03.19 00:30:00.197,1.06274,1.06314
2013.03.19 00:30:00.680,1.06268,1.06304
2013.03.19 00:30:00.949,1.06266,1.06304
2013.03.19 00:30:01.015,1.06267,1.06305
2013.03.19 00:30:01.199,1.06271,1.06314
2013.03.19 00:30:01.258,1.06271,1.06314
2013.03.19 00:30:01.318,1.06273,1.06314
2013.03.19 00:30:01.589,1.06274,1.06318
2013.03.19 00:30:01.887,1.06276,1.06318
2013.03.19 00:30:02.417,1.06274,1.06319
2013.03.19 00:30:02.817,1.06277,1.06319
2013.03.19 00:30:02.937,1.06277,1.06319
2013.03.19 00:30:02.997,1.06276,1.06319
2013.03.19 00:30:03.238,1.06278,1.06323
2013.03.19 00:30:03.638,1.06278,1.06323
2013.03.19 00:30:03.928,1.06285,1.06328
2013.03.19 00:30:04.167,1.06289,1.06335
2013.03.19 00:30:04.409,1.06291,1.0633
2013.03.19 00:30:04.587,1.0629,1.06334
2013.03.19 00:30:04.708,1.0629,1.06332
2013.03.19 00:30:04.887,1.06291,1.06334
2013.03.19 00:30:05.599,1.06291,1.0633
2013.03.19 00:30:05.719,1.06291,1.06329
2013.03.19 00:30:05.838,1.06285,1.06319
2013.03.19 00:30:06.017,1.06261,1.06293
2013.03.19 00:30:06.198,1.06254,1.06288
2013.03.19 00:30:06.888,1.06251,1.06294
2013.03.19 00:30:07.128,1.0625,1.06294
2013.03.19 00:30:07.308,1.06242,1.06289
2013.03.19 00:30:07.669,1.06242,1.06283
2013.03.19 00:30:07.728,1.06241,1.06282
2013.03.19 00:30:08.088,1.06239,1.06281
2013.03.19 00:30:08.148,1.06239,1.06273
2013.03.19 00:30:08.208,1.06239,1.06282
2013.03.19 00:30:08.569,1.06237,1.06271
2013.03.19 00:30:09.118,1.06231,1.06271
2013.03.19 00:30:09.297,1.06223,1.06266
2013.03.19 00:30:09.358,1.06224,1.06266
2013.03.19 00:30:09.478,1.0623,1.06266
2013.03.19 00:30:09.540,1.0623,1.06266
2013.03.19 00:30:09.598,1.06231,1.06274
2013.03.19 00:30:09.957,1.06232,1.06277
2013.03.19 00:30:10.077,1.06234,1.06274
2013.03.19 00:30:10.517,1.06234,1.06274
2013.03.19 00:30:10.638,1.06227,1.06274
2013.03.19 00:30:10.764,1.06228,1.06272
2013.03.19 00:30:10.887,1.06233,1.06272
2013.03.19 00:30:11.008,1.06237,1.06272
2013.03.19 00:30:11.188,1.06241,1.06276
2013.03.19 00:30:11.368,1.06244,1.06283
2013.03.19 00:30:11.609,1.0625,1.06294
2013.03.19 00:30:11.969,1.06256,1.0629
2013.03.19 00:30:12.148,1.06255,1.06293
2013.03.19 00:30:12.208,1.06263,1.06293
2013.03.19 00:30:12.268,1.06264,1.06301
2013.03.19 00:30:12.388,1.06263,1.06304
2013.03.19 00:30:12.688,1.06267,1.06313
2013.03.19 00:30:12.808,1.06267,1.06313
2013.03.19 00:30:12.990,1.0627,1.06309
2013.03.19 00:30:13.108,1.0627,1.06309
2013.03.19 00:30:13.408,1.06267,1.06309
2013.03.19 00:30:13.708,1.06267,1.06309
2013.03.19 00:30:13.828,1.06267,1.06308
2013.03.19 00:30:14.009,1.0627,1.06312
2013.03.19 00:30:14.189,1.06272,1.06314
2013.03.19 00:30:14.309,1.06272,1.06314
2013.03.19 00:30:14.368,1.06272,1.06314
2013.03.19 00:30:14.727,1.06277,1.06316
2013.03.19 00:30:14.789,1.06277,1.06316
2013.03.19 00:30:15.530,1.06266,1.06313
2013.03.19 00:30:15.611,1.06266,1.06311
2013.03.19 00:30:15.847,1.06266,1.0631
2013.03.19 00:30:15.908,1.06262,1.0631
2013.03.19 00:30:16.028,1.06268,1.06305
2013.03.19 00:30:16.327,1.06261,1.06305
2013.03.19 00:30:16.387,1.06258,1.06305
2013.03.19 00:30:16.568,1.06257,1.06295
2013.03.19 00:30:16.988,1.06252,1.06294
2013.03.19 00:30:17.839,1.06252,1.06292
2013.03.19 00:30:17.902,1.06247,1.06291
2013.03.19 00:30:18.148,1.06247,1.0629
2013.03.19 00:30:18.507,1.06247,1.0629
2013.03.19 00:30:19.109,1.06247,1.06288
2013.03.19 00:30:19.357,1.06247,1.06289
2013.03.19 00:30:19.717,1.06241,1.06285
2013.03.19 00:30:19.837,1.06241,1.06284
2013.03.19 00:30:19.898,1.06244,1.06287
2013.03.19 00:30:19.958,1.06246,1.06287
2013.03.19 00:30:20.137,1.06246,1.06287
2013.03.19 00:30:20.258,1.06251,1.06293
2013.03.19 00:30:20.318,1.06251,1.06298
2013.03.19 00:30:20.378,1.06251,1.06292
2013.03.19 00:30:20.438,1.06256,1.06298
2013.03.19 00:30:20.977,1.06251,1.06294
2013.03.19 00:30:21.667,1.06251,1.06292
2013.03.19 00:30:21.835,1.06254,1.06292
2013.03.19 00:30:22.078,1.06251,1.06293
2013.03.19 00:30:22.318,1.06251,1.06294
2013.03.19 00:30:22.678,1.06251,1.06294
2013.03.19 00:30:22.738,1.06251,1.06296
2013.03.19 00:30:23.097,1.06256,1.06296
2013.03.19 00:30:23.219,1.06256,1.063
2013.03.19 00:30:23.399,1.06256,1.063
2013.03.19 00:30:23.519,1.0626,1.063
2013.03.19 00:30:24.267,1.06262,1.06301
2013.03.19 00:30:24.568,1.06262,1.06304
2013.03.19 00:30:24.748,1.06262,1.06303
2013.03.19 00:30:25.048,1.0626,1.06299
2013.03.19 00:30:25.178,1.0626,1.06302
2013.03.19 00:30:25.707,1.0626,1.06299
2013.03.19 00:30:26.008,1.06267,1.063
2013.03.19 00:30:26.992,1.06263,1.06306
2013.03.19 00:30:27.428,1.06268,1.06309
2013.03.19 00:30:28.040,1.0627,1.06309
2013.03.19 00:30:28.351,1.0627,1.06309
2013.03.19 00:30:28.420,1.06269,1.06309
2013.03.19 00:30:28.958,1.0627,1.06309
2013.03.19 00:30:29.317,1.0627,1.06309
2013.03.19 00:30:29.857,1.0627,1.06309
2013.03.19 00:30:30.479,1.0627,1.06309
2013.03.19 00:30:30.774,1.06269,1.06308
2013.03.19 00:30:31.848,1.06267,1.06307
2013.03.19 00:30:32.088,1.06264,1.063
2013.03.19 00:30:32.397,1.06262,1.063
2013.03.19 00:30:32.520,1.06262,1.06299
2013.03.19 00:30:33.039,1.06262,1.06299
2013.03.19 00:30:33.708,1.06262,1.06298
2013.03.19 00:30:33.888,1.06262,1.063
2013.03.19 00:30:35.587,1.06262,1.063
2013.03.19 00:30:35.769,1.06254,1.0629
2013.03.19 00:30:35.949,1.06253,1.06294
2013.03.19 00:30:36.070,1.06253,1.06294
2013.03.19 00:30:36.428,1.06263,1.06294
2013.03.19 00:30:36.966,1.06263,1.06295
2013.03.19 00:30:39.328,1.06264,1.06298
2013.03.19 00:30:39.389,1.06267,1.06298
2013.03.19 00:30:39.929,1.06267,1.06298
2013.03.19 00:30:40.278,1.0626,1.06292
2013.03.19 00:30:40.478,1.06263,1.06293
2013.03.19 00:30:40.838,1.06266,1.06298
2013.03.19 00:30:44.388,1.06266,1.06297
2013.03.19 00:30:44.568,1.0626,1.06291
2013.03.19 00:30:46.029,1.06254,1.06286
2013.03.19 00:30:46.479,1.06254,1.06286
2013.03.19 00:30:46.628,1.06255,1.06286
2013.03.19 00:30:46.988,1.06257,1.06292
2013.03.19 00:30:51.749,1.06263,1.06294
2013.03.19 00:30:51.868,1.06259,1.06291
2013.03.19 00:30:52.621,1.06259,1.06291
2013.03.19 00:30:53.428,1.0626,1.06294
2013.03.19 00:30:53.488,1.06262,1.06297
2013.03.19 00:30:54.354,1.0626,1.0629
2013.03.19 00:30:54.429,1.06249,1.06283
2013.03.19 00:30:55.418,1.06245,1.06277
2013.03.19 00:30:55.538,1.06245,1.06276
2013.03.19 00:30:56.089,1.06245,1.06276
2013.03.19 00:30:56.648,1.06242,1.06276
2013.03.19 00:30:57.088,1.06241,1.06271
2013.03.19 00:30:58.589,1.06237,1.06267
2013.03.19 00:30:58.649,1.06236,1.06267
2013.03.19 00:30:58.769,1.06235,1.06266
2013.03.19 00:30:59.069,1.06235,1.06266
2013.03.19 00:30:59.378,1.06236,1.06267
2013.03.19 00:30:59.918,1.06235,1.06267
2013.03.19 00:31:00.458,1.06235,1.06267
2013.03.19 00:31:00.978,1.06237,1.06264
2013.03.19 00:31:01.748,1.06235,1.06264
2013.03.19 00:31:02.110,1.06236,1.06264
2013.03.19 00:31:02.568,1.06236,1.06265
2013.03.19 00:31:02.629,1.06235,1.06265
2013.03.19 00:31:03.728,1.06231,1.06262
2013.03.19 00:31:03.788,1.06231,1.06262
2013.03.19 00:31:03.980,1.0623,1.0626
2013.03.19 00:31:04.994,1.06228,1.0626
2013.03.19 00:31:06.761,1.06227,1.06259
2013.03.19 00:31:07.118,1.06224,1.06258
2013.03.19 00:31:07.179,1.0622,1.06255
2013.03.19 00:31:07.492,1.0622,1.06255
2013.03.19 00:31:07.668,1.0622,1.06256
2013.03.19 00:31:07.928,1.0622,1.06253
2013.03.19 00:31:08.288,1.06214,1.06251
2013.03.19 00:31:08.798,1.06216,1.06252
2013.03.19 00:31:09.108,1.06216,1.06247
2013.03.19 00:31:09.689,1.06216,1.06256
2013.03.19 00:31:10.819,1.06217,1.06256
2013.03.19 00:31:11.585,1.06217,1.06256
2013.03.19 00:31:11.828,1.06218,1.06256
2013.03.19 00:31:13.939,1.0622,1.06256
2013.03.19 00:31:14.359,1.06231,1.06257
2013.03.19 00:31:14.778,1.06231,1.06262
2013.03.19 00:31:14.839,1.06231,1.06262
2013.03.19 00:31:16.598,1.06236,1.06263
2013.03.19 00:31:16.839,1.06238,1.06268
2013.03.19 00:31:16.959,1.06242,1.06269
2013.03.19 00:31:17.079,1.06242,1.06272
2013.03.19 00:31:17.199,1.06242,1.06272
2013.03.19 00:31:17.280,1.06242,1.06274
2013.03.19 00:31:17.458,1.06243,1.06275
2013.03.19 00:31:17.519,1.06247,1.06278
2013.03.19 00:31:18.119,1.06247,1.06279
2013.03.19 00:31:18.809,1.06249,1.06279
2013.03.19 00:31:19.174,1.06253,1.06283
2013.03.19 00:31:22.342,1.06253,1.06285
2013.03.19 00:31:22.958,1.06251,1.06286
2013.03.19 00:31:23.459,1.06251,1.06287
2013.03.19 00:31:24.044,1.06253,1.06285
2013.03.19 00:31:24.639,1.06249,1.06287
2013.03.19 00:31:25.788,1.06248,1.06287
2013.03.19 00:31:26.409,1.06251,1.06287
2013.03.19 00:31:26.771,1.06256,1.06289
2013.03.19 00:31:27.008,1.06259,1.06296
2013.03.19 00:31:27.269,1.06261,1.06294
2013.03.19 00:31:27.452,1.06256,1.06294
2013.03.19 00:31:27.603,1.06256,1.06294
2013.03.19 00:31:27.741,1.06256,1.06292
2013.03.19 00:31:28.058,1.06251,1.06289
2013.03.19 00:31:28.598,1.06249,1.06284
2013.03.19 00:31:29.149,1.06249,1.06288
2013.03.19 00:31:29.324,1.06249,1.0629
2013.03.19 00:31:29.629,1.06248,1.06288
2013.03.19 00:31:29.749,1.06248,1.06288
2013.03.19 00:31:30.214,1.06252,1.06285
2013.03.19 00:31:32.018,1.06252,1.06285
2013.03.19 00:31:32.589,1.06252,1.06285
2013.03.19 00:31:36.428,1.06252,1.06288
2013.03.19 00:31:36.828,1.06252,1.06291
2013.03.19 00:31:37.376,1.06252,1.06284
2013.03.19 00:31:37.659,1.06252,1.06285
2013.03.19 00:31:37.838,1.06251,1.06289
2013.03.19 00:31:38.376,1.06253,1.06286
2013.03.19 00:31:40.149,1.06253,1.06285
2013.03.19 00:31:40.700,1.06252,1.06282
2013.03.19 00:31:40.959,1.06249,1.0628
2013.03.19 00:31:41.079,1.06246,1.06277
2013.03.19 00:31:41.900,1.06244,1.06276
2013.03.19 00:31:42.562,1.06244,1.06276
2013.03.19 00:31:42.809,1.06245,1.06278
2013.03.19 00:31:43.108,1.06249,1.06281
2013.03.19 00:31:44.161,1.0625,1.06283
2013.03.19 00:31:44.469,1.06253,1.06284
2013.03.19 00:31:45.343,1.06253,1.06284
2013.03.19 00:31:45.770,1.06256,1.06287
2013.03.19 00:31:46.129,1.06258,1.06288
2013.03.19 00:31:46.969,1.06261,1.06289
2013.03.19 00:31:47.029,1.06264,1.06291
2013.03.19 00:31:48.089,1.06264,1.06292
2013.03.19 00:31:49.779,1.06263,1.06296
2013.03.19 00:31:50.285,1.06263,1.06296
2013.03.19 00:31:50.601,1.06263,1.06296
2013.03.19 00:31:50.838,1.06263,1.06296
2013.03.19 00:31:51.580,1.06268,1.06297
2013.03.19 00:31:51.882,1.06269,1.06294
2013.03.19 00:31:52.100,1.06259,1.06289
2013.03.19 00:31:52.160,1.06258,1.06284
2013.03.19 00:31:52.408,1.06258,1.06284
2013.03.19 00:31:56.217,1.06254,1.06283
2013.03.19 00:31:56.339,1.06253,1.06283
2013.03.19 00:31:57.718,1.06252,1.06283
2013.03.19 00:31:59.739,1.06256,1.06284
2013.03.19 00:31:59.799,1.06252,1.06279
2013.03.19 00:31:59.859,1.06251,1.06279
2013.03.19 00:31:59.920,1.06251,1.06278
2013.03.19 00:32:02.150,1.06251,1.06278
2013.03.19 00:32:02.628,1.06251,1.06278
2013.03.19 00:32:04.791,1.06251,1.06278
2013.03.19 00:32:05.279,1.06254,1.06283
2013.03.19 00:32:05.339,1.06254,1.06283
2013.03.19 00:32:06.452,1.06254,1.06283
2013.03.19 00:32:06.930,1.06252,1.06279
2013.03.19 00:32:13.618,1.06249,1.06278
2013.03.19 00:32:13.678,1.06247,1.06278
2013.03.19 00:32:14.198,1.06247,1.06278
2013.03.19 00:32:14.318,1.06248,1.06278
2013.03.19 00:32:14.378,1.06252,1.06279
2013.03.19 00:32:14.499,1.06252,1.06282
2013.03.19 00:32:15.078,1.06252,1.06282
2013.03.19 00:32:15.319,1.06252,1.06283
2013.03.19 00:32:15.678,1.06252,1.06283
2013.03.19 00:32:16.039,1.06251,1.06282
2013.03.19 00:32:16.339,1.06247,1.06278
2013.03.19 00:32:16.879,1.06246,1.06278
2013.03.19 00:32:17.330,1.06247,1.06278
2013.03.19 00:32:21.563,1.06249,1.0628
2013.03.19 00:32:23.577,1.06249,1.0628
2013.03.19 00:32:27.429,1.06252,1.06283
2013.03.19 00:32:27.789,1.06253,1.06283
2013.03.19 00:32:29.594,1.06256,1.06282
2013.03.19 00:32:29.980,1.06253,1.06279
2013.03.19 00:32:30.039,1.06251,1.06279
2013.03.19 00:32:48.077,1.0625,1.06277
2013.03.19 00:32:50.122,1.06252,1.06278
2013.03.19 00:32:54.368,1.06254,1.0628
2013.03.19 00:32:54.549,1.06257,1.06283
2013.03.19 00:33:14.363,1.06256,1.06283
2013.03.19 00:33:14.898,1.06254,1.06282
2013.03.19 00:33:15.438,1.06257,1.06282
2013.03.19 00:33:17.452,1.06257,1.06285
2013.03.19 00:33:18.118,1.06254,1.06282
2013.03.19 00:33:28.766,1.06254,1.06279
2013.03.19 00:33:33.330,1.06254,1.06282
2013.03.19 00:33:35.010,1.06254,1.0628
2013.03.19 00:33:41.661,1.06254,1.06281
2013.03.19 00:33:47.042,1.06254,1.0628
2013.03.19 00:33:50.203,1.06254,1.06281
2013.03.19 00:33:51.976,1.06257,1.06283
2013.03.19 00:33:52.038,1.06257,1.06285
2013.03.19 00:34:02.531,1.06256,1.06285
2013.03.19 00:34:08.141,1.06256,1.06284
2013.03.19 00:34:11.111,1.06256,1.06285
2013.03.19 00:34:12.088,1.06255,1.06282
2013.03.19 00:34:19.408,1.06261,1.06284
2013.03.19 00:34:19.828,1.06259,1.06284
2013.03.19 00:34:20.369,1.06257,1.06283
2013.03.19 00:34:20.800,1.06259,1.06284
2013.03.19 00:34:23.879,1.06257,1.06283
2013.03.19 00:34:24.380,1.06257,1.06283
2013.03.19 00:34:26.332,1.06259,1.06283
2013.03.19 00:34:26.460,1.06262,1.06289
2013.03.19 00:34:28.499,1.06262,1.06289
2013.03.19 00:34:31.488,1.06267,1.06293
2013.03.19 00:34:31.608,1.06267,1.06293
2013.03.19 00:34:32.398,1.06267,1.06293
2013.03.19 00:34:32.919,1.06267,1.06293
2013.03.19 00:34:34.800,1.06265,1.06288
2013.03.19 00:34:35.348,1.06265,1.0629
2013.03.19 00:34:35.409,1.0627,1.06294
2013.03.19 00:34:35.650,1.06272,1.06299
2013.03.19 00:34:39.409,1.06275,1.06299
2013.03.19 00:34:39.769,1.06278,1.06303
2013.03.19 00:34:39.829,1.06278,1.06304
2013.03.19 00:34:40.429,1.06277,1.06302
2013.03.19 00:34:41.028,1.06275,1.06302
2013.03.19 00:34:41.372,1.06275,1.06301
2013.03.19 00:34:41.897,1.06273,1.06301
2013.03.19 00:34:46.779,1.06277,1.06304
2013.03.19 00:34:46.906,1.06279,1.06305
2013.03.19 00:34:47.030,1.06282,1.06309
2013.03.19 00:34:47.389,1.06282,1.06303
2013.03.19 00:34:47.759,1.06282,1.06306
2013.03.19 00:34:47.999,1.06279,1.06303
2013.03.19 00:34:48.310,1.06279,1.06303
2013.03.19 00:34:50.401,1.06286,1.06308
2013.03.19 00:34:50.940,1.06284,1.06311
2013.03.19 00:34:51.650,1.06284,1.06312
2013.03.19 00:34:51.769,1.06281,1.06307
2013.03.19 00:34:52.543,1.0628,1.06307
2013.03.19 00:34:57.361,1.06281,1.06307
2013.03.19 00:34:58.091,1.06281,1.06307
2013.03.19 00:34:58.209,1.06279,1.06307
2013.03.19 00:34:58.269,1.06279,1.06303
2013.03.19 00:34:58.330,1.06276,1.063
2013.03.19 00:35:01.831,1.06273,1.06299
2013.03.19 00:35:02.970,1.06278,1.06303
2013.03.19 00:35:04.359,1.06279,1.06305
2013.03.19 00:35:04.538,1.06283,1.06307
2013.03.19 00:35:06.690,1.06285,1.06309
2013.03.19 00:35:07.001,1.06284,1.0631
2013.03.19 00:35:07.359,1.0628,1.06304
2013.03.19 00:35:07.419,1.06279,1.06304
2013.03.19 00:35:07.698,1.06279,1.06306
2013.03.19 00:35:07.879,1.06281,1.06309
2013.03.19 00:35:14.829,1.06281,1.0631
2013.03.19 00:35:14.949,1.06281,1.0631
2013.03.19 00:35:15.249,1.06288,1.06311
2013.03.19 00:35:15.369,1.06288,1.06311
2013.03.19 00:35:17.950,1.06289,1.06314
2013.03.19 00:35:23.379,1.06289,1.06314
2013.03.19 00:35:23.618,1.06288,1.06311
2013.03.19 00:35:23.799,1.06283,1.06309
2013.03.19 00:35:25.549,1.06287,1.0631
2013.03.19 00:35:25.609,1.06288,1.0631
2013.03.19 00:35:27.138,1.06286,1.06312
2013.03.19 00:35:27.680,1.06286,1.06311
2013.03.19 00:35:27.861,1.06292,1.06312
2013.03.19 00:35:28.040,1.06292,1.06318
2013.03.19 00:35:28.159,1.06292,1.0632
2013.03.19 00:35:30.310,1.06292,1.0632
2013.03.19 00:35:33.419,1.06292,1.06317
2013.03.19 00:35:35.059,1.06294,1.0632
2013.03.19 00:35:35.418,1.06294,1.06319
2013.03.19 00:35:35.959,1.06297,1.06322
2013.03.19 00:35:38.148,1.06299,1.06324
2013.03.19 00:35:38.269,1.06302,1.06324
2013.03.19 00:35:38.919,1.06305,1.06329
2013.03.19 00:35:38.978,1.06306,1.06329
2013.03.19 00:35:39.100,1.06305,1.06329
2013.03.19 00:35:39.160,1.06307,1.06333
2013.03.19 00:35:39.520,1.063,1.06325
2013.03.19 00:35:40.220,1.06302,1.06327
2013.03.19 00:35:41.569,1.06299,1.06323
2013.03.19 00:35:41.909,1.063,1.06326
2013.03.19 00:35:43.290,1.063,1.06326
2013.03.19 00:35:43.409,1.06303,1.0633
2013.03.19 00:35:43.719,1.06305,1.06329
2013.03.19 00:35:44.581,1.06305,1.06328
2013.03.19 00:35:45.131,1.06308,1.06334
2013.03.19 00:35:45.191,1.06308,1.06334
2013.03.19 00:35:45.310,1.06309,1.06334
2013.03.19 00:35:45.799,1.06306,1.0633
2013.03.19 00:35:46.425,1.06305,1.06329
2013.03.19 00:35:47.243,1.06303,1.06329
2013.03.19 00:35:47.769,1.06306,1.0633
2013.03.19 00:35:48.360,1.06306,1.0633
2013.03.19 00:35:48.860,1.06307,1.0633
2013.03.19 00:35:49.611,1.06302,1.06328
2013.03.19 00:35:49.810,1.06303,1.06328
2013.03.19 00:35:50.289,1.06309,1.06329
2013.03.19 00:35:50.788,1.06311,1.06334
2013.03.19 00:35:51.443,1.06311,1.06338
2013.03.19 00:35:52.159,1.0631,1.06334
2013.03.19 00:35:54.648,1.06308,1.06333
2013.03.19 00:35:54.989,1.06306,1.06332
2013.03.19 00:35:55.253,1.06306,1.06329
2013.03.19 00:35:56.446,1.06302,1.06328
2013.03.19 00:35:56.689,1.06302,1.06328
2013.03.19 00:35:57.230,1.06301,1.06328
2013.03.19 00:35:57.869,1.06301,1.06328
2013.03.19 00:35:57.989,1.06296,1.06323
2013.03.19 00:35:58.469,1.06291,1.06318
2013.03.19 00:35:59.010,1.06291,1.06316
2013.03.19 00:35:59.369,1.06289,1.06315
2013.03.19 00:35:59.609,1.06293,1.06318
2013.03.19 00:35:59.669,1.06295,1.06319
2013.03.19 00:36:00.370,1.06295,1.06318
2013.03.19 00:36:00.631,1.06293,1.06318
2013.03.19 00:36:00.750,1.06288,1.06316
2013.03.19 00:36:03.868,1.06288,1.06314
2013.03.19 00:36:04.395,1.06283,1.06309
2013.03.19 00:36:08.229,1.06288,1.06312
2013.03.19 00:36:13.959,1.06287,1.06311
2013.03.19 00:36:14.716,1.06283,1.06308
2013.03.19 00:36:15.642,1.06282,1.06308
2013.03.19 00:36:16.052,1.06282,1.06309
2013.03.19 00:36:16.108,1.06282,1.06307
2013.03.19 00:36:25.869,1.06283,1.06309
2013.03.19 00:36:42.265,1.06286,1.06309
2013.03.19 00:36:42.509,1.06285,1.06311
2013.03.19 00:36:44.150,1.06281,1.06308
2013.03.19 00:36:45.169,1.0628,1.06308
2013.03.19 00:36:45.229,1.06287,1.06311
2013.03.19 00:36:49.130,1.06284,1.06311
2013.03.19 00:36:49.309,1.0628,1.06308
2013.03.19 00:36:50.290,1.0628,1.06306
2013.03.19 00:36:51.240,1.06273,1.06304
2013.03.19 00:36:52.609,1.06274,1.06305
2013.03.19 00:36:53.649,1.06274,1.06304
2013.03.19 00:36:54.189,1.06279,1.0631
2013.03.19 00:36:58.764,1.06277,1.06309
2013.03.19 00:36:58.899,1.06279,1.0631
2013.03.19 00:36:59.200,1.0628,1.06304
2013.03.19 00:37:02.039,1.0628,1.06304
2013.03.19 00:37:04.849,1.0628,1.06306
2013.03.19 00:37:05.049,1.06286,1.0631
2013.03.19 00:37:06.159,1.06285,1.06309
2013.03.19 00:37:06.339,1.06281,1.06308
2013.03.19 00:37:06.588,1.06281,1.06305
2013.03.19 00:37:06.769,1.06281,1.06305
2013.03.19 00:37:06.957,1.06281,1.06305
2013.03.19 00:37:08.129,1.06278,1.063
2013.03.19 00:37:19.291,1.06275,1.06299
2013.03.19 00:37:22.471,1.06277,1.06302
2013.03.19 00:37:22.611,1.06278,1.06305
2013.03.19 00:37:22.911,1.0628,1.06306
2013.03.19 00:37:23.329,1.0628,1.06308
2013.03.19 00:37:23.510,1.06286,1.06311
2013.03.19 00:37:35.081,1.06286,1.06313
2013.03.19 00:37:35.321,1.0629,1.06317
2013.03.19 00:37:35.870,1.06291,1.06318
2013.03.19 00:37:36.111,1.06296,1.06321
2013.03.19 00:37:36.646,1.06296,1.06323
2013.03.19 00:37:36.889,1.06296,1.06321
2013.03.19 00:37:37.193,1.0629,1.06316
2013.03.19 00:37:37.419,1.06288,1.06314
2013.03.19 00:37:39.150,1.0629,1.06316
2013.03.19 00:37:39.570,1.06292,1.06318
2013.03.19 00:37:39.630,1.06293,1.0632
2013.03.19 00:37:39.810,1.06293,1.0632
2013.03.19 00:37:40.251,1.06291,1.06315
2013.03.19 00:37:40.569,1.06294,1.06315
2013.03.19 00:37:40.888,1.06294,1.06317
2013.03.19 00:37:41.130,1.06291,1.06317
2013.03.19 00:37:43.372,1.06292,1.06318
2013.03.19 00:37:43.439,1.06293,1.06319
2013.03.19 00:37:47.681,1.06303,1.06327
2013.03.19 00:37:47.860,1.06303,1.06328
2013.03.19 00:37:48.399,1.06307,1.0633
2013.03.19 00:37:49.401,1.06306,1.0633
2013.03.19 00:37:50.444,1.06307,1.0633
2013.03.19 00:37:50.515,1.06311,1.0633
2013.03.19 00:37:51.519,1.06308,1.06332
2013.03.19 00:37:52.249,1.06308,1.06333
2013.03.19 00:37:52.600,1.06307,1.06333
2013.03.19 00:37:58.119,1.06307,1.06332
2013.03.19 00:37:58.569,1.06302,1.06328
2013.03.19 00:37:58.889,1.06299,1.06325
2013.03.19 00:38:02.148,1.06297,1.06323
2013.03.19 00:38:02.808,1.06297,1.06325
2013.03.19 00:38:03.329,1.06297,1.06323
2013.03.19 00:38:03.580,1.06297,1.0632
2013.03.19 00:38:04.357,1.06295,1.06319
2013.03.19 00:38:04.940,1.06292,1.06318
2013.03.19 00:38:05.969,1.06292,1.06318
2013.03.19 00:38:06.290,1.06287,1.06308
2013.03.19 00:38:07.849,1.06288,1.06309
2013.03.19 00:38:12.339,1.06283,1.06309
2013.03.19 00:38:14.301,1.06283,1.06309
2013.03.19 00:38:15.659,1.06287,1.06313
2013.03.19 00:38:15.839,1.06287,1.06313
2013.03.19 00:38:16.079,1.06287,1.06313
2013.03.19 00:38:19.737,1.0629,1.06317
2013.03.19 00:38:19.807,1.0629,1.06318
2013.03.19 00:38:21.287,1.0629,1.06317
2013.03.19 00:38:21.838,1.06289,1.06317
2013.03.19 00:38:28.770,1.06287,1.06314
2013.03.19 00:38:29.361,1.06287,1.06314
2013.03.19 00:38:31.679,1.06289,1.06314
2013.03.19 00:38:31.809,1.0629,1.06318
2013.03.19 00:38:37.828,1.06289,1.06317
2013.03.19 00:38:38.009,1.06286,1.06312
2013.03.19 00:38:38.519,1.06286,1.06308
2013.03.19 00:38:39.287,1.06282,1.06308
2013.03.19 00:38:39.569,1.06284,1.06309
2013.03.19 00:38:40.010,1.06285,1.06312
2013.03.19 00:38:40.069,1.06288,1.06313
2013.03.19 00:38:40.609,1.0629,1.06317
2013.03.19 00:38:40.669,1.06292,1.06318
2013.03.19 00:38:47.820,1.06292,1.06318
2013.03.19 00:38:53.589,1.06296,1.0632
2013.03.19 00:38:53.949,1.06297,1.06323
2013.03.19 00:39:02.681,1.06299,1.06324
2013.03.19 00:39:03.039,1.06301,1.06328
2013.03.19 00:39:03.169,1.06304,1.06328
2013.03.19 00:39:03.470,1.06302,1.06325
2013.03.19 00:39:03.592,1.06302,1.06323
2013.03.19 00:39:04.131,1.06299,1.06323
2013.03.19 00:39:04.311,1.06299,1.06323
2013.03.19 00:39:04.499,1.06299,1.06323
2013.03.19 00:39:05.059,1.06296,1.06319
2013.03.19 00:39:05.179,1.06296,1.06319
2013.03.19 00:39:05.239,1.063,1.06321
2013.03.19 00:39:05.539,1.06299,1.06323
2013.03.19 00:39:07.359,1.06299,1.06323
2013.03.19 00:39:07.915,1.06299,1.06323
2013.03.19 00:39:08.459,1.06299,1.06323
2013.03.19 00:39:13.819,1.06296,1.06319
2013.03.19 00:39:14.459,1.06296,1.06319
2013.03.19 00:39:15.768,1.06296,1.06322
2013.03.19 00:39:17.717,1.063,1.06327
2013.03.19 00:39:38.416,1.06299,1.06327
2013.03.19 00:39:43.108,1.06301,1.06327
2013.03.19 00:39:43.867,1.06299,1.06327
2013.03.19 00:39:48.631,1.06296,1.06323
2013.03.19 00:39:53.058,1.06295,1.06324
2013.03.19 00:39:56.410,1.06295,1.06324
2013.03.19 00:40:08.438,1.06295,1.06324
2013.03.19 00:40:09.131,1.06294,1.06321
2013.03.19 00:40:09.370,1.06296,1.06321
2013.03.19 00:40:09.849,1.06292,1.06319
2013.03.19 00:40:14.359,1.06293,1.06319
2013.03.19 00:40:14.538,1.06296,1.06319
2013.03.19 00:40:14.870,1.06294,1.06319
2013.03.19 00:40:15.109,1.06294,1.06318
2013.03.19 00:40:16.429,1.06291,1.06319
2013.03.19 00:40:16.609,1.06289,1.06316
2013.03.19 00:40:16.912,1.06289,1.06313
2013.03.19 00:40:17.683,1.06289,1.06313
2013.03.19 00:40:17.839,1.06289,1.06316
2013.03.19 00:40:17.959,1.06294,1.06321
2013.03.19 00:40:18.139,1.06294,1.06322
2013.03.19 00:40:18.379,1.06294,1.06322
2013.03.19 00:40:18.799,1.06301,1.06326
2013.03.19 00:40:19.806,1.06302,1.06329
2013.03.19 00:40:20.651,1.06306,1.06329
2013.03.19 00:40:20.829,1.06307,1.06333
2013.03.19 00:40:21.093,1.06307,1.06333
2013.03.19 00:40:23.321,1.06307,1.06333
2013.03.19 00:40:24.329,1.06307,1.0633
2013.03.19 00:40:25.288,1.06303,1.06328
2013.03.19 00:40:26.985,1.06307,1.06329
2013.03.19 00:40:27.241,1.06308,1.06329
2013.03.19 00:40:27.679,1.06311,1.06338
2013.03.19 00:40:28.837,1.06311,1.06339
2013.03.19 00:40:29.140,1.06305,1.06334
2013.03.19 00:40:29.499,1.06304,1.06325
2013.03.19 00:40:29.859,1.06304,1.0632
2013.03.19 00:40:31.035,1.063,1.0632
2013.03.19 00:40:31.199,1.06301,1.06327
2013.03.19 00:40:31.380,1.06307,1.06328
2013.03.19 00:40:31.858,1.06302,1.06328
2013.03.19 00:40:33.048,1.06302,1.06329
2013.03.19 00:40:33.577,1.06303,1.0633
2013.03.19 00:40:34.139,1.06303,1.0633
2013.03.19 00:40:34.199,1.06302,1.06328
2013.03.19 00:40:34.886,1.06302,1.06325
2013.03.19 00:40:35.069,1.06302,1.06328
2013.03.19 00:40:35.252,1.06299,1.06323
2013.03.19 00:40:35.549,1.06299,1.06323
2013.03.19 00:40:36.535,1.06301,1.06323
2013.03.19 00:40:36.800,1.06301,1.06322
2013.03.19 00:40:37.116,1.06295,1.06313
2013.03.19 00:40:37.740,1.06288,1.06313
2013.03.19 00:40:37.922,1.06286,1.06311
2013.03.19 00:40:38.341,1.06283,1.06308
2013.03.19 00:40:42.149,1.06287,1.06313
2013.03.19 00:40:42.360,1.0629,1.06313
2013.03.19 00:40:42.419,1.06292,1.06317
2013.03.19 00:40:42.679,1.06292,1.06318
2013.03.19 00:40:42.919,1.06292,1.06318
2013.03.19 00:40:43.509,1.06297,1.06318
2013.03.19 00:40:43.810,1.06296,1.06323
2013.03.19 00:40:43.989,1.06296,1.06324
2013.03.19 00:40:45.063,1.06297,1.06324
2013.03.19 00:40:45.830,1.06297,1.06325
2013.03.19 00:40:46.690,1.06303,1.06328
2013.03.19 00:40:47.089,1.06301,1.06327
2013.03.19 00:40:50.452,1.06303,1.06328
2013.03.19 00:40:51.919,1.06307,1.06334
2013.03.19 00:40:52.320,1.06306,1.06334
2013.03.19 00:40:52.845,1.06304,1.06331
2013.03.19 00:40:53.250,1.06307,1.06334
2013.03.19 00:40:53.690,1.06307,1.06334
2013.03.19 00:40:54.420,1.06307,1.06334
2013.03.19 00:40:55.130,1.06307,1.06334
2013.03.19 00:40:59.779,1.06306,1.06329
2013.03.19 00:41:00.414,1.06303,1.06329
2013.03.19 00:41:03.388,1.06302,1.06329
2013.03.19 00:41:03.719,1.06302,1.06329
2013.03.19 00:41:03.779,1.06302,1.06328
2013.03.19 00:41:04.080,1.06295,1.06321
2013.03.19 00:41:04.460,1.06293,1.06319
2013.03.19 00:41:04.819,1.06292,1.06318
2013.03.19 00:41:05.428,1.0629,1.06317
2013.03.19 00:41:14.889,1.0629,1.06317
2013.03.19 00:41:14.950,1.06295,1.06318
2013.03.19 00:41:15.580,1.06295,1.0632
2013.03.19 00:41:18.670,1.06293,1.06319
2013.03.19 00:41:20.179,1.06295,1.06319
2013.03.19 00:41:28.631,1.06295,1.06321
2013.03.19 00:41:35.053,1.06296,1.06323
2013.03.19 00:41:36.719,1.06296,1.06323
2013.03.19 00:41:36.780,1.06296,1.06321
2013.03.19 00:41:37.121,1.06291,1.06318
2013.03.19 00:41:40.064,1.06291,1.06318
2013.03.19 00:41:42.599,1.06291,1.06318
2013.03.19 00:41:47.659,1.06291,1.06316
2013.03.19 00:41:50.371,1.06291,1.06315
2013.03.19 00:41:54.413,1.0629,1.06314
2013.03.19 00:41:54.799,1.06288,1.06313
2013.03.19 00:41:55.509,1.06288,1.06313
2013.03.19 00:41:56.809,1.06286,1.06309
2013.03.19 00:41:57.169,1.06285,1.06309
2013.03.19 00:42:01.221,1.06287,1.0631
2013.03.19 00:42:13.823,1.06285,1.0631
2013.03.19 00:42:14.010,1.06281,1.06308
2013.03.19 00:42:22.859,1.06281,1.06305
2013.03.19 00:42:26.390,1.06281,1.06308
2013.03.19 00:42:28.730,1.06284,1.06309
2013.03.19 00:42:29.278,1.06284,1.06311
2013.03.19 00:42:32.854,1.06284,1.06312
2013.03.19 00:42:33.039,1.06284,1.06311
2013.03.19 00:42:33.623,1.06283,1.06309
2013.03.19 00:42:34.400,1.06284,1.06309
2013.03.19 00:42:34.579,1.06284,1.06311
2013.03.19 00:42:36.920,1.06283,1.06311
2013.03.19 00:42:37.099,1.06283,1.06309
2013.03.19 00:42:40.909,1.06284,1.06311
2013.03.19 00:42:43.119,1.06283,1.06309
2013.03.19 00:42:43.550,1.0628,1.06306
2013.03.19 00:42:44.198,1.06279,1.06306
2013.03.19 00:42:50.050,1.06279,1.06306
2013.03.19 00:42:50.621,1.06279,1.06306
2013.03.19 00:42:51.279,1.06282,1.06309
2013.03.19 00:42:51.827,1.06282,1.06309
2013.03.19 00:43:01.630,1.06279,1.06305
2013.03.19 00:43:07.459,1.06281,1.06306
2013.03.19 00:43:08.823,1.06284,1.0631
2013.03.19 00:43:13.144,1.06284,1.0631
2013.03.19 00:43:13.389,1.06284,1.06311
2013.03.19 00:43:16.070,1.06284,1.0631
2013.03.19 00:43:20.950,1.06284,1.06311
2013.03.19 00:43:40.929,1.06282,1.06308
2013.03.19 00:43:40.989,1.06281,1.06308
2013.03.19 00:43:51.149,1.06286,1.06309
2013.03.19 00:43:51.209,1.06286,1.06313
2013.03.19 00:43:51.568,1.06286,1.06313
2013.03.19 00:43:51.750,1.06293,1.06315
2013.03.19 00:43:51.891,1.06293,1.06318
2013.03.19 00:43:52.129,1.06292,1.06318
2013.03.19 00:43:52.881,1.06293,1.06318
2013.03.19 00:43:59.469,1.06296,1.06319
2013.03.19 00:43:59.829,1.06296,1.06323
2013.03.19 00:44:02.372,1.06296,1.0632
2013.03.19 00:44:03.150,1.06296,1.06323
2013.03.19 00:44:03.329,1.06302,1.06327
2013.03.19 00:44:06.113,1.063,1.06325
2013.03.19 00:44:10.129,1.06302,1.06327
2013.03.19 00:44:10.681,1.06301,1.06325
2013.03.19 00:44:10.740,1.06301,1.06324
2013.03.19 00:44:11.039,1.06301,1.06324
2013.03.19 00:44:11.957,1.06301,1.06327
2013.03.19 00:44:12.609,1.063,1.06324
2013.03.19 00:44:13.820,1.063,1.06324
2013.03.19 00:44:14.189,1.06302,1.06327
2013.03.19 00:44:14.631,1.06303,1.06327
2013.03.19 00:44:15.049,1.06303,1.06329
2013.03.19 00:44:15.529,1.06303,1.06327
2013.03.19 00:44:15.649,1.06303,1.06328
2013.03.19 00:44:15.949,1.06303,1.06327
2013.03.19 00:44:16.069,1.06303,1.06328
2013.03.19 00:44:16.130,1.06302,1.06328
2013.03.19 00:44:16.369,1.063,1.06328
2013.03.19 00:44:17.000,1.06296,1.06324
2013.03.19 00:44:18.673,1.06297,1.06325
2013.03.19 00:44:23.130,1.06301,1.06328
2013.03.19 00:44:24.430,1.063,1.06327
2013.03.19 00:44:25.950,1.063,1.06325
2013.03.19 00:44:26.419,1.06295,1.06322
2013.03.19 00:44:27.594,1.06297,1.06323
2013.03.19 00:44:27.900,1.06295,1.06322
2013.03.19 00:44:28.349,1.06297,1.06323
2013.03.19 00:44:29.088,1.06297,1.06324
2013.03.19 00:44:29.152,1.06302,1.06326
2013.03.19 00:44:29.399,1.06302,1.06328
2013.03.19 00:44:30.044,1.06302,1.06328
2013.03.19 00:44:30.260,1.06302,1.06328
2013.03.19 00:44:30.319,1.06302,1.06325
2013.03.19 00:44:32.329,1.06297,1.06323
2013.03.19 00:44:32.849,1.06301,1.06323
2013.03.19 00:44:33.390,1.06301,1.06326
2013.03.19 00:44:33.510,1.06297,1.06322
2013.03.19 00:44:33.571,1.06296,1.0632
2013.03.19 00:44:33.630,1.06296,1.06322
2013.03.19 00:44:33.870,1.06296,1.06322
2013.03.19 00:44:35.589,1.06296,1.06322
2013.03.19 00:44:35.910,1.06301,1.06324
2013.03.19 00:44:37.618,1.063,1.06323
2013.03.19 00:44:38.670,1.06297,1.06323
2013.03.19 00:44:40.569,1.06297,1.06323
2013.03.19 00:44:41.049,1.06301,1.06329
2013.03.19 00:44:43.689,1.06301,1.06329
2013.03.19 00:44:44.741,1.06301,1.06329
2013.03.19 00:44:46.400,1.06303,1.06328
2013.03.19 00:44:46.519,1.06303,1.06328
2013.03.19 00:44:46.669,1.06303,1.06328
2013.03.19 00:44:49.449,1.06307,1.0633
2013.03.19 00:44:50.220,1.06307,1.06333
2013.03.19 00:44:50.280,1.06307,1.06334
2013.03.19 00:44:50.699,1.06307,1.06334
2013.03.19 00:44:51.139,1.06301,1.06329
2013.03.19 00:44:51.509,1.06301,1.06328
2013.03.19 00:44:52.029,1.06301,1.06328
2013.03.19 00:44:57.399,1.06301,1.06328
2013.03.19 00:44:57.939,1.06297,1.06324
2013.03.19 00:44:58.325,1.06297,1.06322
2013.03.19 00:45:01.439,1.06297,1.06322
2013.03.19 00:45:06.840,1.06297,1.06322
2013.03.19 00:45:10.256,1.06297,1.06322
2013.03.19 00:45:15.959,1.06297,1.06322
2013.03.19 00:45:17.138,1.06296,1.06319
2013.03.19 00:45:17.771,1.06294,1.06319
2013.03.19 00:45:24.409,1.06293,1.06318
2013.03.19 00:45:24.769,1.06289,1.06316
2013.03.19 00:45:25.319,1.06289,1.06314
2013.03.19 00:45:25.459,1.06289,1.06314
2013.03.19 00:45:25.959,1.06289,1.06314
2013.03.19 00:45:26.019,1.06288,1.06312
2013.03.19 00:45:36.869,1.06284,1.06312
2013.03.19 00:45:37.120,1.06284,1.06309
2013.03.19 00:45:37.780,1.06281,1.06309
2013.03.19 00:45:44.140,1.06287,1.06309
2013.03.19 00:45:44.849,1.06289,1.06315
2013.03.19 00:45:45.030,1.06294,1.06318
2013.03.19 00:45:45.390,1.06294,1.06319
2013.03.19 00:45:45.799,1.06299,1.06319
2013.03.19 00:45:46.531,1.06299,1.06324
2013.03.19 00:45:46.710,1.06299,1.06326
2013.03.19 00:45:46.791,1.063,1.06326
2013.03.19 00:45:47.211,1.06306,1.06332
2013.03.19 00:45:47.389,1.06304,1.0633
2013.03.19 00:45:49.339,1.06304,1.06328
2013.03.19 00:45:50.649,1.063,1.06326
2013.03.19 00:45:50.709,1.06299,1.06326
2013.03.19 00:45:52.840,1.063,1.06327
2013.03.19 00:45:53.834,1.06299,1.06326
2013.03.19 00:45:54.049,1.06299,1.06327
2013.03.19 00:45:54.886,1.06299,1.06326
2013.03.19 00:45:57.790,1.063,1.06327
2013.03.19 00:46:00.580,1.063,1.06326
2013.03.19 00:46:00.939,1.063,1.06324
2013.03.19 00:46:01.799,1.063,1.06326
2013.03.19 00:46:01.920,1.06299,1.06326
2013.03.19 00:46:02.283,1.06299,1.06326
2013.03.19 00:46:03.500,1.06299,1.06326
2013.03.19 00:46:03.810,1.06299,1.06323
2013.03.19 00:46:10.230,1.06299,1.06326
2013.03.19 00:46:10.781,1.06299,1.06323
2013.03.19 00:46:11.348,1.06296,1.0632
2013.03.19 00:46:19.300,1.06292,1.06319
2013.03.19 00:46:19.419,1.06291,1.06319
2013.03.19 00:46:39.219,1.06292,1.06318
2013.03.19 00:47:02.550,1.06294,1.06318
2013.03.19 00:47:02.909,1.06298,1.06325
2013.03.19 00:47:07.069,1.06294,1.06318
2013.03.19 00:47:07.371,1.06291,1.06314
2013.03.19 00:47:07.430,1.06289,1.06314
2013.03.19 00:47:13.810,1.06287,1.06313
2013.03.19 00:47:13.993,1.06292,1.06316
2013.03.19 00:47:18.539,1.06295,1.06319
2013.03.19 00:47:18.900,1.06292,1.06319
2013.03.19 00:47:19.866,1.06292,1.06319
2013.03.19 00:47:22.609,1.06291,1.06319
2013.03.19 00:47:23.119,1.06288,1.06315
2013.03.19 00:47:23.423,1.06287,1.06315
2013.03.19 00:47:23.950,1.06289,1.06313
2013.03.19 00:47:26.969,1.06286,1.06314
2013.03.19 00:47:27.339,1.06288,1.06314
2013.03.19 00:47:27.880,1.06291,1.06318
2013.03.19 00:47:28.339,1.06293,1.06319
2013.03.19 00:47:28.460,1.06296,1.0632
2013.03.19 00:47:29.720,1.06299,1.06325
2013.03.19 00:47:30.469,1.06302,1.06329
2013.03.19 00:47:36.160,1.06302,1.06328
2013.03.19 00:47:38.888,1.06302,1.06329
2013.03.19 00:47:42.873,1.06302,1.06328
2013.03.19 00:47:45.943,1.06304,1.06328
2013.03.19 00:47:50.889,1.06302,1.06326
2013.03.19 00:47:50.949,1.06302,1.06325
2013.03.19 00:47:51.490,1.06302,1.06325
2013.03.19 00:47:52.040,1.06301,1.06326
2013.03.19 00:47:52.100,1.06301,1.06324
2013.03.19 00:47:52.476,1.06302,1.06328
2013.03.19 00:47:58.038,1.06302,1.06326
2013.03.19 00:47:58.340,1.06302,1.06323
2013.03.19 00:47:58.641,1.0631,1.06328
2013.03.19 00:47:58.700,1.0631,1.06332
2013.03.19 00:47:59.396,1.06304,1.06329
2013.03.19 00:47:59.587,1.06303,1.06329
2013.03.19 00:48:00.140,1.06302,1.06329
2013.03.19 00:48:00.200,1.06296,1.06324
2013.03.19 00:48:00.380,1.06299,1.06326
2013.03.19 00:48:03.214,1.06299,1.06326
2013.03.19 00:48:04.411,1.06301,1.06326
2013.03.19 00:48:04.471,1.06305,1.06329
2013.03.19 00:48:04.530,1.06305,1.0633
2013.03.19 00:48:04.711,1.06305,1.06329
2013.03.19 00:48:04.910,1.06305,1.06331
2013.03.19 00:48:08.010,1.06305,1.06329
2013.03.19 00:48:08.369,1.063,1.06326
2013.03.19 00:48:10.875,1.063,1.06326
2013.03.19 00:48:19.826,1.063,1.06326
2013.03.19 00:48:20.809,1.063,1.06326
2013.03.19 00:48:21.242,1.06304,1.0633
2013.03.19 00:48:21.300,1.06304,1.06332
2013.03.19 00:48:21.670,1.06304,1.06332
2013.03.19 00:48:34.888,1.06304,1.0633
2013.03.19 00:48:37.817,1.06304,1.06327
2013.03.19 00:48:37.879,1.06302,1.06324
2013.03.19 00:48:37.939,1.06302,1.06323
2013.03.19 00:48:38.060,1.06302,1.06321
2013.03.19 00:48:38.730,1.06293,1.06321
2013.03.19 00:48:42.808,1.06293,1.06321
2013.03.19 00:48:47.919,1.06293,1.06321
2013.03.19 00:48:47.980,1.06298,1.06325
2013.03.19 00:48:48.500,1.06298,1.06327
2013.03.19 00:48:48.779,1.06302,1.06329
2013.03.19 00:48:48.839,1.06306,1.0633
2013.03.19 00:48:49.280,1.06301,1.06329
2013.03.19 00:48:49.639,1.06303,1.06329
2013.03.19 00:48:51.705,1.06303,1.06327
2013.03.19 00:48:52.649,1.06303,1.06327
2013.03.19 00:48:56.170,1.06303,1.06327
2013.03.19 00:48:56.549,1.06298,1.06325
2013.03.19 00:49:16.799,1.06294,1.06321
2013.03.19 00:49:17.180,1.06294,1.06321
2013.03.19 00:49:23.132,1.06294,1.06319
2013.03.19 00:49:23.190,1.06294,1.06318
2013.03.19 00:49:23.550,1.06288,1.06314
2013.03.19 00:49:23.910,1.06294,1.06318
2013.03.19 00:49:26.080,1.06294,1.0632
2013.03.19 00:49:26.320,1.06298,1.06324
2013.03.19 00:49:27.036,1.06298,1.06325
2013.03.19 00:49:27.279,1.06304,1.06329
2013.03.19 00:49:27.820,1.06301,1.06329
2013.03.19 00:49:28.577,1.06304,1.06329
2013.03.19 00:49:30.890,1.06301,1.06329
2013.03.19 00:49:38.580,1.06301,1.06324
2013.03.19 00:49:46.790,1.06302,1.06328
2013.03.19 00:49:48.910,1.06301,1.06328
2013.03.19 00:49:48.971,1.06301,1.06328
2013.03.19 00:49:54.040,1.06301,1.06325
2013.03.19 00:49:54.382,1.06302,1.06328
2013.03.19 00:49:54.559,1.06302,1.06328
2013.03.19 00:49:56.886,1.06301,1.06327
2013.03.19 00:49:57.327,1.06302,1.06328
2013.03.19 00:50:01.066,1.06302,1.06327
2013.03.19 00:50:01.310,1.06297,1.06323
2013.03.19 00:50:01.490,1.06297,1.06323
2013.03.19 00:50:01.671,1.06297,1.06323
2013.03.19 00:50:20.881,1.06297,1.06323
2013.03.19 00:50:27.137,1.06298,1.06323
2013.03.19 00:50:27.450,1.06298,1.06325
2013.03.19 00:50:28.128,1.06303,1.06325
2013.03.19 00:50:28.781,1.06305,1.06329
2013.03.19 00:50:29.490,1.06305,1.06329
2013.03.19 00:50:32.450,1.06305,1.06325
2013.03.19 00:50:32.570,1.06303,1.06328
2013.03.19 00:50:32.691,1.06299,1.06325
2013.03.19 00:50:32.822,1.06304,1.06331
2013.03.19 00:50:38.355,1.06304,1.0633
2013.03.19 00:50:44.801,1.06304,1.06328
2013.03.19 00:50:45.107,1.06297,1.06324
2013.03.19 00:50:46.620,1.06297,1.06324
2013.03.19 00:50:50.430,1.06297,1.06324
2013.03.19 00:50:50.550,1.06297,1.06324
2013.03.19 00:50:50.670,1.06296,1.06321
2013.03.19 00:50:51.196,1.06294,1.06322
2013.03.19 00:50:51.860,1.06292,1.06321
2013.03.19 00:50:52.229,1.06292,1.06318
2013.03.19 00:50:52.567,1.06294,1.06321
2013.03.19 00:50:52.631,1.06294,1.06321
2013.03.19 00:50:53.111,1.06294,1.06321
2013.03.19 00:50:55.866,1.06292,1.06318
2013.03.19 00:50:55.990,1.06289,1.06316
2013.03.19 00:50:56.050,1.0629,1.06316
2013.03.19 00:51:16.351,1.06288,1.06313
2013.03.19 00:51:18.640,1.0629,1.06315
2013.03.19 00:51:20.771,1.06286,1.06313
2013.03.19 00:51:32.092,1.06285,1.06311
2013.03.19 00:51:33.070,1.06285,1.06311
2013.03.19 00:51:33.392,1.06284,1.06308
2013.03.19 00:51:33.750,1.06277,1.06301
2013.03.19 00:51:33.870,1.06277,1.06301
2013.03.19 00:51:34.352,1.06277,1.06301
2013.03.19 00:51:35.340,1.06277,1.06301
2013.03.19 00:51:35.880,1.06281,1.06306
2013.03.19 00:51:35.940,1.06281,1.06306
2013.03.19 00:51:56.160,1.06281,1.06305
2013.03.19 00:51:56.853,1.06281,1.06305
2013.03.19 00:52:13.550,1.06279,1.06305
2013.03.19 00:52:23.390,1.0628,1.06298
2013.03.19 00:52:23.510,1.06272,1.06296
2013.03.19 00:52:23.570,1.06272,1.06296
2013.03.19 00:52:23.990,1.06276,1.06301
2013.03.19 00:52:24.451,1.06276,1.06301
2013.03.19 00:52:25.121,1.06276,1.06301
2013.03.19 00:52:25.654,1.06276,1.06301
2013.03.19 00:52:29.661,1.06276,1.06303
2013.03.19 00:52:30.834,1.06276,1.06301
2013.03.19 00:52:31.140,1.06276,1.06301
2013.03.19 00:52:31.384,1.06276,1.063
2013.03.19 00:52:31.770,1.06276,1.06299
2013.03.19 00:52:35.830,1.06271,1.06297
2013.03.19 00:52:38.870,1.06271,1.06294
2013.03.19 00:52:39.111,1.06271,1.06293
2013.03.19 00:52:39.260,1.06271,1.06294
2013.03.19 00:52:39.530,1.06271,1.06293
2013.03.19 00:52:39.900,1.06271,1.06297
2013.03.19 00:52:46.352,1.06271,1.06295
2013.03.19 00:52:46.531,1.06266,1.06293
2013.03.19 00:52:46.991,1.06266,1.0629
2013.03.19 00:52:47.118,1.06266,1.06293
2013.03.19 00:52:47.240,1.06266,1.06293
2013.03.19 00:52:47.490,1.06271,1.06295
2013.03.19 00:52:50.881,1.06269,1.06295
2013.03.19 00:52:51.240,1.06265,1.06292
2013.03.19 00:52:51.301,1.06265,1.06294
2013.03.19 00:52:51.551,1.06272,1.06295
2013.03.19 00:53:07.694,1.06269,1.06294
2013.03.19 00:53:12.060,1.06269,1.06294
2013.03.19 00:53:12.581,1.06269,1.06294
2013.03.19 00:53:15.762,1.06269,1.06294
2013.03.19 00:53:16.358,1.06269,1.06294
2013.03.19 00:53:20.741,1.06269,1.06294
2013.03.19 00:53:22.101,1.06271,1.06295
2013.03.19 00:53:22.650,1.06271,1.06295
2013.03.19 00:53:23.310,1.06271,1.06295
2013.03.19 00:53:26.054,1.06269,1.06293
2013.03.19 00:53:26.823,1.06269,1.0629
2013.03.19 00:53:27.001,1.06266,1.0629
2013.03.19 00:53:30.457,1.06267,1.06289
2013.03.19 00:53:30.521,1.06268,1.06289
2013.03.19 00:53:31.109,1.06268,1.06288
2013.03.19 00:53:32.240,1.06268,1.06288
2013.03.19 00:53:32.680,1.06264,1.06288
2013.03.19 00:53:34.976,1.06267,1.06288
2013.03.19 00:53:35.100,1.06267,1.06289
2013.03.19 00:53:36.932,1.06269,1.06293
2013.03.19 00:53:37.351,1.06269,1.06293
2013.03.19 00:53:39.930,1.06269,1.06295
2013.03.19 00:53:40.110,1.06273,1.06299
2013.03.19 00:53:43.793,1.0627,1.06293
2013.03.19 00:53:43.850,1.0627,1.06293
2013.03.19 00:53:43.911,1.06267,1.06291
2013.03.19 00:53:44.151,1.06263,1.06285
2013.03.19 00:53:44.213,1.06262,1.06286
2013.03.19 00:53:45.856,1.06263,1.06288
2013.03.19 00:53:46.312,1.06267,1.06293
2013.03.19 00:53:46.511,1.06267,1.06293
2013.03.19 00:53:47.291,1.06268,1.06293
2013.03.19 00:53:47.637,1.06268,1.06293
2013.03.19 00:53:50.082,1.06268,1.06293
2013.03.19 00:53:51.491,1.06268,1.06293
2013.03.19 00:53:52.160,1.06267,1.06294
2013.03.19 00:53:52.221,1.06267,1.06294
2013.03.19 00:53:52.341,1.06267,1.06294
2013.03.19 00:53:52.911,1.06267,1.06294
2013.03.19 00:53:54.780,1.06267,1.06294
2013.03.19 00:54:06.831,1.06267,1.06295
2013.03.19 00:54:07.110,1.06271,1.06297
2013.03.19 00:54:07.872,1.06269,1.06297
2013.03.19 00:54:14.421,1.06269,1.06297
2013.03.19 00:54:14.601,1.06266,1.06292
2013.03.19 00:54:18.231,1.0627,1.0629
2013.03.19 00:54:18.797,1.06271,1.06294
2013.03.19 00:54:20.182,1.0627,1.06289
2013.03.19 00:54:21.780,1.06266,1.0629
2013.03.19 00:54:21.840,1.06266,1.0629
2013.03.19 00:54:21.900,1.06264,1.06289
2013.03.19 00:54:24.640,1.06264,1.06288
2013.03.19 00:54:36.652,1.06264,1.06288
2013.03.19 00:54:39.181,1.0626,1.06283
2013.03.19 00:54:39.721,1.06261,1.06285
2013.03.19 00:54:40.020,1.06261,1.06283
2013.03.19 00:54:40.631,1.0626,1.06283
2013.03.19 00:54:41.333,1.0626,1.0628
2013.03.19 00:54:41.853,1.06261,1.06284
2013.03.19 00:54:42.031,1.06261,1.06287
2013.03.19 00:54:42.540,1.06261,1.06287
2013.03.19 00:54:43.431,1.06261,1.06287
2013.03.19 00:54:46.310,1.06261,1.06284
2013.03.19 00:54:46.520,1.06261,1.06283
2013.03.19 00:54:48.082,1.06261,1.06283
2013.03.19 00:54:48.201,1.0626,1.0628
2013.03.19 00:54:48.380,1.06255,1.06278
2013.03.19 00:54:49.037,1.06255,1.06277
2013.03.19 00:54:49.345,1.06255,1.06277
2013.03.19 00:54:50.830,1.06254,1.06273
2013.03.19 00:54:51.011,1.06251,1.06273
2013.03.19 00:54:51.130,1.0625,1.06273
2013.03.19 00:54:53.321,1.06245,1.06271
2013.03.19 00:54:53.562,1.06245,1.06269
2013.03.19 00:54:54.012,1.06245,1.06268
2013.03.19 00:54:54.251,1.06239,1.06263
2013.03.19 00:54:54.420,1.06239,1.06263
2013.03.19 00:54:54.480,1.06239,1.06263
2013.03.19 00:54:54.640,1.06239,1.06264
2013.03.19 00:54:55.814,1.06244,1.06268
2013.03.19 00:54:56.083,1.06244,1.06268
2013.03.19 00:54:56.612,1.06244,1.06268
2013.03.19 00:54:57.201,1.06241,1.06264
2013.03.19 00:54:58.078,1.06238,1.06264
2013.03.19 00:54:59.722,1.06238,1.06263
2013.03.19 00:54:59.851,1.0624,1.06264
2013.03.19 00:55:00.221,1.06238,1.06264
2013.03.19 00:55:00.581,1.06238,1.06263
2013.03.19 00:55:01.112,1.06238,1.06264
2013.03.19 00:55:01.661,1.06238,1.06264
2013.03.19 00:55:01.722,1.06246,1.06267
2013.03.19 00:55:01.840,1.06246,1.0627
2013.03.19 00:55:02.021,1.06249,1.06273
2013.03.19 00:55:02.330,1.06251,1.06279
2013.03.19 00:55:03.371,1.06246,1.06273
2013.03.19 00:55:03.611,1.06247,1.06275
2013.03.19 00:55:03.861,1.06252,1.06279
2013.03.19 00:55:06.874,1.06252,1.0628
2013.03.19 00:55:07.454,1.06252,1.06279
2013.03.19 00:55:09.063,1.06252,1.06279
2013.03.19 00:55:09.420,1.06252,1.06279
2013.03.19 00:55:10.351,1.06253,1.06278
2013.03.19 00:55:10.891,1.06256,1.0628
2013.03.19 00:55:12.161,1.06257,1.06283
2013.03.19 00:55:12.222,1.06257,1.06284
2013.03.19 00:55:12.341,1.06257,1.06284
2013.03.19 00:55:12.701,1.0626,1.06285
2013.03.19 00:55:13.360,1.06261,1.06284
2013.03.19 00:55:16.392,1.06257,1.06279
2013.03.19 00:55:16.513,1.06257,1.0628
2013.03.19 00:55:16.570,1.06257,1.06278
2013.03.19 00:55:16.990,1.06252,1.06274
2013.03.19 00:55:17.050,1.06251,1.06274
2013.03.19 00:55:17.171,1.06251,1.06278
2013.03.19 00:55:17.291,1.06251,1.06278
2013.03.19 00:55:17.590,1.06257,1.06281
2013.03.19 00:55:17.831,1.06257,1.06281
2013.03.19 00:55:19.121,1.06254,1.0628
2013.03.19 00:55:19.195,1.06251,1.06278
2013.03.19 00:55:19.263,1.06251,1.06277
2013.03.19 00:55:19.820,1.06256,1.06278
2013.03.19 00:55:21.323,1.06255,1.06279
2013.03.19 00:55:23.320,1.06256,1.06279
2013.03.19 00:55:24.683,1.06256,1.06282
2013.03.19 00:55:24.802,1.06256,1.06283
2013.03.19 00:55:24.861,1.06256,1.06283
2013.03.19 00:55:25.162,1.06256,1.06283
2013.03.19 00:55:25.393,1.06256,1.06282
2013.03.19 00:55:25.753,1.06256,1.06283
2013.03.19 00:55:26.270,1.06262,1.06284
2013.03.19 00:55:26.855,1.06262,1.06284
2013.03.19 00:55:27.388,1.06261,1.06284
2013.03.19 00:55:28.282,1.06262,1.06282
2013.03.19 00:55:28.662,1.06262,1.0628
2013.03.19 00:55:31.241,1.06262,1.06284
2013.03.19 00:55:34.571,1.0626,1.06284
2013.03.19 00:55:35.132,1.06261,1.06284
2013.03.19 00:55:37.621,1.06262,1.06284
2013.03.19 00:55:38.172,1.06262,1.06287
2013.03.19 00:55:39.898,1.06266,1.06288
2013.03.19 00:55:44.181,1.06266,1.06292
2013.03.19 00:55:45.050,1.06266,1.06293
2013.03.19 00:55:45.353,1.06271,1.06294
2013.03.19 00:55:46.098,1.06271,1.06294
2013.03.19 00:55:47.301,1.06266,1.06293
2013.03.19 00:55:47.392,1.06266,1.06294
2013.03.19 00:55:49.071,1.06266,1.06293
2013.03.19 00:55:49.372,1.06266,1.06293
2013.03.19 00:55:49.678,1.06266,1.06293
2013.03.19 00:55:50.641,1.06266,1.06293
2013.03.19 00:55:51.001,1.06266,1.06293
2013.03.19 00:55:51.060,1.06266,1.06293
2013.03.19 00:55:53.367,1.06266,1.06293
2013.03.19 00:55:55.741,1.06272,1.06293
2013.03.19 00:55:55.860,1.06272,1.06295
2013.03.19 00:55:56.341,1.06272,1.06295
2013.03.19 00:56:00.572,1.06269,1.06293
2013.03.19 00:56:00.811,1.06269,1.06293
2013.03.19 00:56:00.990,1.06268,1.06293
2013.03.19 00:56:04.281,1.06272,1.06298
2013.03.19 00:56:11.180,1.06272,1.06299
2013.03.19 00:56:11.302,1.06272,1.06299
2013.03.19 00:56:11.801,1.06272,1.06299
2013.03.19 00:56:12.411,1.06272,1.06299
2013.03.19 00:56:14.151,1.06272,1.06299
2013.03.19 00:56:15.111,1.06272,1.06299
2013.03.19 00:56:21.280,1.06272,1.06299
2013.03.19 00:56:29.631,1.06276,1.063
2013.03.19 00:56:29.773,1.06276,1.063
2013.03.19 00:56:37.360,1.06276,1.063
2013.03.19 00:56:40.880,1.06276,1.063
2013.03.19 00:56:46.921,1.06275,1.06299
2013.03.19 00:56:47.160,1.06275,1.063
2013.03.19 00:56:47.701,1.06275,1.06299
2013.03.19 00:56:50.281,1.0627,1.06298
2013.03.19 00:56:54.961,1.06275,1.06299
2013.03.19 00:57:05.410,1.06275,1.063
2013.03.19 00:57:05.781,1.06277,1.06303
2013.03.19 00:57:05.840,1.06279,1.06304
2013.03.19 00:57:07.970,1.06273,1.06302
2013.03.19 00:57:08.330,1.06273,1.06294
2013.03.19 00:57:09.082,1.06275,1.06299
2013.03.19 00:57:09.320,1.06275,1.063
2013.03.19 00:57:09.610,1.06275,1.06302
2013.03.19 00:57:10.422,1.06275,1.06302
2013.03.19 00:57:11.333,1.06275,1.06304
2013.03.19 00:57:12.471,1.06275,1.06302
2013.03.19 00:57:17.861,1.06275,1.06299
2013.03.19 00:57:25.170,1.06275,1.06302
2013.03.19 00:57:25.532,1.0628,1.06303
2013.03.19 00:57:29.671,1.0628,1.06303
2013.03.19 00:57:30.289,1.06281,1.06307
2013.03.19 00:57:30.800,1.06284,1.06308
2013.03.19 00:57:30.920,1.06285,1.06308
2013.03.19 00:57:31.220,1.06287,1.06311
2013.03.19 00:57:31.826,1.06291,1.06314
2013.03.19 00:57:33.025,1.06286,1.0631
2013.03.19 00:57:33.091,1.06285,1.0631
2013.03.19 00:57:33.590,1.06286,1.0631
2013.03.19 00:57:33.710,1.06286,1.06308
2013.03.19 00:57:34.306,1.06285,1.06305
2013.03.19 00:57:34.961,1.0628,1.063
2013.03.19 00:57:35.020,1.06278,1.063
2013.03.19 00:57:35.741,1.06278,1.063
2013.03.19 00:57:35.814,1.06276,1.06299
2013.03.19 00:57:36.342,1.06277,1.06302
2013.03.19 00:57:36.401,1.0628,1.06307
2013.03.19 00:57:36.940,1.06281,1.06304
2013.03.19 00:57:37.373,1.06278,1.06301
2013.03.19 00:57:37.492,1.06275,1.06299
2013.03.19 00:57:40.890,1.06275,1.06299
2013.03.19 00:57:41.020,1.06275,1.06299
2013.03.19 00:57:41.201,1.06271,1.06295
2013.03.19 00:57:41.320,1.06271,1.06295
2013.03.19 00:57:41.601,1.06271,1.06295
2013.03.19 00:57:41.699,1.06271,1.06295
2013.03.19 00:57:42.460,1.06271,1.06295
2013.03.19 00:57:44.502,1.06271,1.06295
2013.03.19 00:57:51.173,1.06271,1.06295
2013.03.19 00:57:51.687,1.0627,1.06294
2013.03.19 00:57:52.595,1.06269,1.06293
2013.03.19 00:57:55.882,1.06271,1.06295
2013.03.19 00:58:08.812,1.06272,1.06296
2013.03.19 00:58:11.625,1.06272,1.06296
2013.03.19 00:58:18.932,1.06272,1.06296
2013.03.19 00:58:19.481,1.06272,1.06293
2013.03.19 00:58:19.840,1.06267,1.06291
2013.03.19 00:58:19.901,1.06267,1.06289
2013.03.19 00:58:20.081,1.06265,1.06289
2013.03.19 00:58:20.560,1.06262,1.06286
2013.03.19 00:58:20.810,1.06262,1.06286
2013.03.19 00:58:20.870,1.06264,1.06289
2013.03.19 00:58:40.840,1.06264,1.06289
2013.03.19 00:58:53.801,1.06272,1.06295
2013.03.19 00:58:53.860,1.06272,1.06295
2013.03.19 00:59:07.380,1.06272,1.06293
2013.03.19 00:59:07.560,1.06272,1.06295
2013.03.19 00:59:07.741,1.06278,1.06294
2013.03.19 00:59:08.060,1.06274,1.06294
2013.03.19 00:59:11.770,1.0627,1.06294
2013.03.19 00:59:20.520,1.0627,1.06294
2013.03.19 00:59:22.390,1.06275,1.06299
2013.03.19 00:59:22.510,1.06277,1.063
2013.03.19 00:59:24.500,1.06278,1.06298
2013.03.19 00:59:36.148,1.06278,1.06298
2013.03.19 00:59:42.472,1.06278,1.06298
2013.03.19 00:59:43.160,1.06277,1.06298
2013.03.19 00:59:44.061,1.06277,1.06298
2013.03.19 00:59:49.092,1.06277,1.063
2013.03.19 00:59:50.115,1.06277,1.06298
2013.03.19 00:59:51.301,1.06277,1.06298
2013.03.19 00:59:54.608,1.06277,1.06299
2013.03.19 00:59:55.790,1.06276,1.063
2013.03.19 00:59:55.971,1.06269,1.06296
2013.03.19 00:59:56.672,1.06266,1.06291
2013.03.19 00:59:58.541,1.06263,1.06289
2013.03.19 01:00:00.407,1.06266,1.06291
2013.03.19 01:00:01.837,1.06263,1.06289
2013.03.19 01:00:05.800,1.06262,1.06288
2013.03.19 01:00:06.060,1.06262,1.06286
2013.03.19 01:00:08.331,1.06262,1.06286
2013.03.19 01:00:08.877,1.06262,1.06286
2013.03.19 01:00:09.200,1.06266,1.06288
2013.03.19 01:00:09.530,1.06271,1.06294
2013.03.19 01:00:13.733,1.06271,1.06293
2013.03.19 01:00:14.911,1.06267,1.06291
2013.03.19 01:00:21.401,1.06266,1.06291
2013.03.19 01:00:21.551,1.06263,1.06285
2013.03.19 01:00:21.910,1.06258,1.06285
2013.03.19 01:00:22.091,1.06258,1.06284
2013.03.19 01:00:22.450,1.06256,1.06275
2013.03.19 01:00:22.891,1.06253,1.06278
2013.03.19 01:00:23.721,1.06254,1.06278
2013.03.19 01:00:24.620,1.06257,1.06284
2013.03.19 01:00:24.741,1.06257,1.06284
2013.03.19 01:00:24.921,1.06259,1.06284
2013.03.19 01:00:25.103,1.06262,1.06288
2013.03.19 01:00:27.816,1.06262,1.06284
2013.03.19 01:00:27.940,1.06259,1.06284
2013.03.19 01:00:33.911,1.06259,1.06284
2013.03.19 01:00:34.251,1.06257,1.06279
2013.03.19 01:00:34.932,1.06257,1.06279
2013.03.19 01:00:35.564,1.06257,1.06279
2013.03.19 01:00:41.431,1.06257,1.0628
2013.03.19 01:00:44.942,1.06257,1.06279
2013.03.19 01:00:45.060,1.06253,1.06279
2013.03.19 01:00:45.331,1.06253,1.06273
2013.03.19 01:00:47.051,1.06253,1.06274
2013.03.19 01:00:48.640,1.06253,1.06279
2013.03.19 01:00:53.071,1.06257,1.06284
2013.03.19 01:00:54.560,1.06256,1.06284
2013.03.19 01:00:56.326,1.06254,1.06279
2013.03.19 01:00:56.909,1.06253,1.06279
2013.03.19 01:01:02.091,1.06246,1.0627
2013.03.19 01:01:02.272,1.06246,1.06264
2013.03.19 01:01:02.450,1.06241,1.06264
2013.03.19 01:01:03.042,1.06241,1.06264
2013.03.19 01:01:03.311,1.06241,1.06264
2013.03.19 01:01:04.321,1.06241,1.06269
2013.03.19 01:01:05.581,1.06242,1.06268
2013.03.19 01:01:06.215,1.06242,1.06263
2013.03.19 01:01:06.762,1.06239,1.06263
2013.03.19 01:01:07.208,1.06234,1.06258
2013.03.19 01:01:08.192,1.06233,1.06258
2013.03.19 01:01:08.371,1.06239,1.0626
2013.03.19 01:01:08.491,1.06239,1.06264
2013.03.19 01:01:09.681,1.06231,1.06254
2013.03.19 01:01:09.746,1.06231,1.06254
2013.03.19 01:01:10.543,1.06236,1.06254
2013.03.19 01:01:10.619,1.06243,1.06267
2013.03.19 01:01:10.861,1.06244,1.06269
2013.03.19 01:01:10.921,1.06244,1.0627
2013.03.19 01:01:11.421,1.06247,1.06271
2013.03.19 01:01:11.851,1.06247,1.06274
2013.03.19 01:01:11.971,1.06247,1.06269
2013.03.19 01:01:12.211,1.06241,1.06267
2013.03.19 01:01:12.331,1.0624,1.06267
2013.03.19 01:01:14.191,1.0624,1.06267
2013.03.19 01:01:14.251,1.06235,1.06261
2013.03.19 01:01:15.590,1.06235,1.06263
2013.03.19 01:01:15.831,1.06238,1.06264
2013.03.19 01:01:16.452,1.06235,1.06263
2013.03.19 01:01:18.880,1.06235,1.0626
2013.03.19 01:01:19.681,1.06235,1.06263
2013.03.19 01:01:23.281,1.0624,1.06264
2013.03.19 01:01:24.153,1.0624,1.06265
2013.03.19 01:01:26.721,1.0624,1.06264
2013.03.19 01:01:29.181,1.06238,1.06264
2013.03.19 01:01:29.721,1.0624,1.06267
2013.03.19 01:01:30.709,1.0624,1.06267
2013.03.19 01:01:30.774,1.06244,1.06271
2013.03.19 01:01:39.535,1.06245,1.06272
2013.03.19 01:01:41.364,1.06249,1.06275
2013.03.19 01:01:41.491,1.06247,1.06275
2013.03.19 01:01:42.291,1.06249,1.06277
2013.03.19 01:01:43.056,1.06249,1.06275
2013.03.19 01:01:44.815,1.06249,1.06277
2013.03.19 01:01:45.366,1.06249,1.06275
2013.03.19 01:01:50.044,1.06248,1.06274
2013.03.19 01:02:05.061,1.06246,1.06272
2013.03.19 01:02:05.138,1.06246,1.06272
2013.03.19 01:02:05.201,1.06248,1.06274
2013.03.19 01:02:06.071,1.0625,1.06274
2013.03.19 01:02:13.860,1.06248,1.06274
2013.03.19 01:02:14.160,1.06252,1.0628
2013.03.19 01:02:14.701,1.0625,1.06276
2013.03.19 01:02:16.385,1.06251,1.06276
2013.03.19 01:02:17.380,1.06252,1.06278
2013.03.19 01:02:17.860,1.0625,1.06276
2013.03.19 01:02:18.650,1.0625,1.06276
2013.03.19 01:02:19.268,1.06251,1.06276
2013.03.19 01:02:22.953,1.06248,1.06276
2013.03.19 01:02:28.816,1.0625,1.06276
2013.03.19 01:02:32.246,1.0625,1.06273
2013.03.19 01:02:32.609,1.06246,1.06272
2013.03.19 01:02:33.163,1.0625,1.06272
2013.03.19 01:02:33.402,1.06252,1.06276
2013.03.19 01:02:40.601,1.06252,1.06277
2013.03.19 01:02:40.841,1.06251,1.06275
2013.03.19 01:02:40.901,1.06251,1.06275
2013.03.19 01:02:41.261,1.06247,1.06271
2013.03.19 01:02:42.551,1.06246,1.06271
2013.03.19 01:02:44.211,1.06246,1.06271
2013.03.19 01:02:44.521,1.06251,1.06277
2013.03.19 01:02:48.616,1.06252,1.06278
2013.03.19 01:02:50.381,1.06252,1.06277
2013.03.19 01:02:50.842,1.06247,1.06273
2013.03.19 01:02:58.952,1.06247,1.06273
2013.03.19 01:02:59.012,1.06247,1.06273
2013.03.19 01:02:59.371,1.06247,1.06273
2013.03.19 01:03:05.121,1.06247,1.06273
2013.03.19 01:03:05.696,1.06242,1.06268
2013.03.19 01:03:09.913,1.06247,1.0627
2013.03.19 01:03:10.330,1.06247,1.06272
2013.03.19 01:03:13.813,1.06246,1.06271
2013.03.19 01:03:21.032,1.06247,1.06272
2013.03.19 01:03:21.093,1.06246,1.06271
2013.03.19 01:03:21.510,1.06246,1.06269
2013.03.19 01:03:21.941,1.06246,1.06272
2013.03.19 01:03:35.940,1.0625,1.06275
2013.03.19 01:03:36.181,1.06257,1.06277
2013.03.19 01:03:36.242,1.06257,1.06279
2013.03.19 01:03:36.541,1.06257,1.06279
2013.03.19 01:03:36.941,1.06256,1.06279
2013.03.19 01:03:37.061,1.06272,1.0628
2013.03.19 01:03:37.181,1.06273,1.06293
2013.03.19 01:03:37.241,1.06273,1.06294
2013.03.19 01:03:37.361,1.06273,1.06297
2013.03.19 01:03:37.420,1.06271,1.06297
2013.03.19 01:03:37.481,1.0627,1.06297
2013.03.19 01:03:37.972,1.06266,1.06294
2013.03.19 01:03:38.381,1.06267,1.06291
2013.03.19 01:03:41.094,1.06267,1.06293
2013.03.19 01:03:41.602,1.06267,1.06293
2013.03.19 01:03:42.115,1.06267,1.06291
2013.03.19 01:03:42.636,1.06267,1.06291
2013.03.19 01:03:43.217,1.06267,1.06291
2013.03.19 01:03:50.143,1.06268,1.06294
2013.03.19 01:03:50.861,1.06267,1.06291
2013.03.19 01:03:51.391,1.06267,1.06291
2013.03.19 01:03:58.622,1.06267,1.06293
2013.03.19 01:04:07.141,1.06272,1.06296
2013.03.19 01:04:07.332,1.06272,1.06298
2013.03.19 01:04:27.601,1.06271,1.06299
2013.03.19 01:04:28.172,1.06271,1.06299
2013.03.19 01:04:32.921,1.06272,1.06297
2013.03.19 01:04:34.936,1.06272,1.06298
2013.03.19 01:04:37.161,1.06273,1.06297
2013.03.19 01:04:40.102,1.06277,1.063
2013.03.19 01:04:40.223,1.0628,1.06303
2013.03.19 01:04:40.836,1.0628,1.06306
2013.03.19 01:04:40.903,1.06279,1.06303
2013.03.19 01:04:41.392,1.06275,1.063
2013.03.19 01:04:44.961,1.06274,1.06298
2013.03.19 01:04:45.292,1.06272,1.06295
2013.03.19 01:04:45.565,1.06272,1.06295
2013.03.19 01:04:46.131,1.06271,1.06298
2013.03.19 01:04:46.642,1.06271,1.06298
2013.03.19 01:04:52.152,1.06269,1.06295
2013.03.19 01:04:52.451,1.0627,1.06294
2013.03.19 01:04:52.751,1.06267,1.06292
2013.03.19 01:04:54.332,1.06267,1.06292
2013.03.19 01:04:54.571,1.06267,1.0629
2013.03.19 01:04:54.931,1.06265,1.06288
2013.03.19 01:05:35.128,1.06263,1.06288
2013.03.19 01:05:35.806,1.06262,1.06287
2013.03.19 01:05:40.311,1.06263,1.06288
2013.03.19 01:05:54.842,1.06262,1.06287
2013.03.19 01:05:55.462,1.0626,1.06284
2013.03.19 01:06:08.382,1.06258,1.06285
2013.03.19 01:06:16.031,1.06261,1.06289
2013.03.19 01:06:17.612,1.06261,1.06287
2013.03.19 01:06:18.091,1.06256,1.06279
2013.03.19 01:06:18.412,1.06251,1.06279
2013.03.19 01:06:36.511,1.06255,1.06282
2013.03.19 01:06:56.937,1.06253,1.06279
2013.03.19 01:07:08.574,1.06251,1.06276
2013.03.19 01:07:16.820,1.06252,1.06278
2013.03.19 01:07:17.325,1.06253,1.06278
2013.03.19 01:07:31.239,1.06257,1.06284
2013.03.19 01:07:31.372,1.06256,1.06284
2013.03.19 01:07:37.662,1.06257,1.06285
2013.03.19 01:07:37.902,1.06262,1.06288
2013.03.19 01:07:38.796,1.06262,1.06288
2013.03.19 01:07:39.309,1.06261,1.06285
2013.03.19 01:07:40.372,1.06262,1.06288
2013.03.19 01:07:40.800,1.06261,1.06288
2013.03.19 01:07:41.789,1.06261,1.06288
2013.03.19 01:07:42.891,1.06261,1.06287
2013.03.19 01:07:45.142,1.06261,1.06287
2013.03.19 01:07:54.879,1.06261,1.06288
2013.03.19 01:07:55.351,1.06261,1.06288
2013.03.19 01:07:57.112,1.06264,1.0629
2013.03.19 01:07:57.651,1.06264,1.0629
2013.03.19 01:07:57.711,1.06264,1.0629
2013.03.19 01:08:17.961,1.06262,1.06289
2013.03.19 01:08:28.131,1.06261,1.06289
2013.03.19 01:08:38.522,1.06261,1.06289
2013.03.19 01:08:46.368,1.06259,1.06286
2013.03.19 01:09:19.191,1.06259,1.06286
2013.03.19 01:09:34.301,1.06257,1.06282
2013.03.19 01:09:34.611,1.06256,1.0628
2013.03.19 01:09:35.122,1.06256,1.0628
2013.03.19 01:09:37.631,1.06254,1.0628
2013.03.19 01:09:37.691,1.06251,1.06276
2013.03.19 01:09:37.811,1.06251,1.06276
2013.03.19 01:09:42.621,1.06255,1.06278
2013.03.19 01:09:49.068,1.0625,1.06276
2013.03.19 01:09:57.317,1.06248,1.06276
2013.03.19 01:09:58.053,1.06247,1.06273
2013.03.19 01:10:02.831,1.06245,1.06273
2013.03.19 01:10:04.138,1.06246,1.06274
2013.03.19 01:10:10.161,1.06247,1.06273
2013.03.19 01:10:12.702,1.06247,1.06273
2013.03.19 01:10:14.601,1.06246,1.06273
2013.03.19 01:10:14.661,1.06246,1.06273
2013.03.19 01:10:15.091,1.06243,1.06269
2013.03.19 01:10:15.632,1.06242,1.06267
2013.03.19 01:10:21.862,1.06241,1.06267
2013.03.19 01:10:21.921,1.0624,1.06263
2013.03.19 01:10:22.101,1.06238,1.06263
2013.03.19 01:10:22.677,1.06237,1.06263
2013.03.19 01:10:26.861,1.06237,1.06263
2013.03.19 01:10:29.583,1.06237,1.06265
2013.03.19 01:10:29.701,1.06242,1.06267
2013.03.19 01:10:29.762,1.06242,1.06268
2013.03.19 01:10:31.592,1.06243,1.0627
2013.03.19 01:10:32.153,1.06241,1.06269
2013.03.19 01:10:40.274,1.06243,1.06269
2013.03.19 01:10:50.041,1.06241,1.0627
2013.03.19 01:10:57.628,1.06241,1.06268
2013.03.19 01:11:01.311,1.06241,1.06266
2013.03.19 01:11:01.492,1.06243,1.06269
2013.03.19 01:11:02.211,1.06241,1.06267
2013.03.19 01:11:22.981,1.06241,1.06269
2013.03.19 01:11:23.041,1.06241,1.06269
2013.03.19 01:11:27.163,1.06243,1.06269
2013.03.19 01:11:46.671,1.06246,1.06273
2013.03.19 01:11:51.582,1.06248,1.06274
2013.03.19 01:11:51.821,1.06252,1.06273
2013.03.19 01:11:52.342,1.06252,1.06279
2013.03.19 01:11:57.161,1.06249,1.06273
2013.03.19 01:12:14.664,1.06247,1.06273
2013.03.19 01:12:15.274,1.06247,1.06269
2013.03.19 01:12:16.368,1.06242,1.06269
2013.03.19 01:12:29.733,1.06243,1.06269
2013.03.19 01:12:42.352,1.06246,1.06273
2013.03.19 01:12:42.592,1.06246,1.06271
2013.03.19 01:13:36.533,1.06246,1.06271
2013.03.19 01:13:42.697,1.06246,1.06275
2013.03.19 01:13:45.872,1.06246,1.06274
2013.03.19 01:13:46.053,1.06244,1.06268
2013.03.19 01:13:46.638,1.06242,1.06268
2013.03.19 01:14:06.117,1.06244,1.0627
2013.03.19 01:14:06.363,1.06248,1.06276
2013.03.19 01:14:08.376,1.0625,1.06276
2013.03.19 01:14:58.543,1.06251,1.06278
2013.03.19 01:15:05.844,1.0625,1.06277
2013.03.19 01:15:27.122,1.06245,1.0628
2013.03.19 01:15:28.012,1.06251,1.06279
2013.03.19 01:15:29.863,1.06252,1.06279
2013.03.19 01:15:37.793,1.06251,1.06279
2013.03.19 01:15:41.632,1.06251,1.06279
2013.03.19 01:15:48.063,1.06251,1.06279
2013.03.19 01:15:49.333,1.06252,1.06279
2013.03.19 01:15:50.343,1.06253,1.0628
2013.03.19 01:15:50.403,1.06259,1.06285
2013.03.19 01:15:50.775,1.06258,1.06285
2013.03.19 01:15:51.328,1.06259,1.06285
2013.03.19 01:16:04.013,1.06263,1.06288
2013.03.19 01:16:05.424,1.06267,1.06292
2013.03.19 01:16:12.323,1.06268,1.06295
2013.03.19 01:16:20.263,1.06272,1.06295
2013.03.19 01:16:20.322,1.06273,1.063
2013.03.19 01:16:24.114,1.06273,1.06299
2013.03.19 01:16:26.366,1.06273,1.06296
2013.03.19 01:16:29.855,1.06273,1.06297
2013.03.19 01:16:29.982,1.06269,1.06296
2013.03.19 01:16:46.823,1.06263,1.0629
2013.03.19 01:16:46.943,1.06261,1.06286
2013.03.19 01:16:47.503,1.06261,1.06286
2013.03.19 01:16:50.854,1.06261,1.06288
2013.03.19 01:16:51.303,1.06261,1.06286
2013.03.19 01:16:52.852,1.06261,1.06288
2013.03.19 01:16:52.992,1.06266,1.06288
2013.03.19 01:16:58.903,1.0626,1.06287
2013.03.19 01:16:59.203,1.06256,1.06284
2013.03.19 01:16:59.583,1.06256,1.06284
2013.03.19 01:17:20.052,1.06259,1.06284
2013.03.19 01:17:29.790,1.06259,1.06287
2013.03.19 01:17:30.672,1.06259,1.06284
2013.03.19 01:17:33.463,1.06259,1.06284
2013.03.19 01:17:34.264,1.06259,1.06284
2013.03.19 01:17:39.702,1.06259,1.06284
2013.03.19 01:17:40.102,1.06256,1.06282
2013.03.19 01:17:50.303,1.06256,1.06282
2013.03.19 01:17:58.853,1.06256,1.06282
2013.03.19 01:17:59.032,1.0626,1.06284
2013.03.19 01:17:59.093,1.0626,1.06286
2013.03.19 01:17:59.333,1.0626,1.06288
2013.03.19 01:17:59.453,1.06265,1.06288
2013.03.19 01:17:59.873,1.06264,1.06291
2013.03.19 01:18:00.052,1.06265,1.06291
2013.03.19 01:18:05.902,1.06261,1.06287
2013.03.19 01:18:06.153,1.06261,1.06285
2013.03.19 01:18:06.214,1.06259,1.06284
2013.03.19 01:18:17.317,1.06256,1.0628
2013.03.19 01:18:17.565,1.06254,1.0628
2013.03.19 01:18:17.893,1.06256,1.0628
2013.03.19 01:18:24.454,1.06261,1.06286
2013.03.19 01:18:27.923,1.06259,1.06286
2013.03.19 01:18:29.260,1.06248,1.06273
2013.03.19 01:18:30.181,1.06252,1.06278
2013.03.19 01:18:30.626,1.06252,1.06278
2013.03.19 01:18:44.590,1.06252,1.06278
2013.03.19 01:18:46.353,1.06252,1.06278
2013.03.19 01:18:58.119,1.06252,1.06278
2013.03.19 01:18:58.593,1.06252,1.06275
2013.03.19 01:18:58.713,1.0625,1.06273
2013.03.19 01:19:05.599,1.06245,1.06271
2013.03.19 01:19:16.666,1.06241,1.06267
2013.03.19 01:19:16.973,1.06241,1.0626
2013.03.19 01:19:17.392,1.06236,1.06259
2013.03.19 01:19:28.132,1.06234,1.06258
2013.03.19 01:19:28.373,1.06228,1.06254
2013.03.19 01:19:28.494,1.06228,1.0625
2013.03.19 01:19:36.086,1.06225,1.06249
2013.03.19 01:19:45.869,1.06223,1.06249
2013.03.19 01:19:46.443,1.06222,1.06247
2013.03.19 01:19:51.359,1.06221,1.06247
2013.03.19 01:19:51.609,1.0622,1.06248
2013.03.19 01:20:04.129,1.0622,1.06247
2013.03.19 01:20:04.473,1.06216,1.06242
2013.03.19 01:20:05.663,1.06216,1.0624
2013.03.19 01:20:10.618,1.06216,1.06242
2013.03.19 01:20:12.033,1.0622,1.06243
2013.03.19 01:20:12.494,1.0622,1.06248
2013.03.19 01:20:12.873,1.0622,1.06247
2013.03.19 01:20:13.182,1.0622,1.06247
2013.03.19 01:20:17.323,1.06226,1.06249
2013.03.19 01:20:17.878,1.06226,1.0625
2013.03.19 01:20:18.453,1.06222,1.06247
2013.03.19 01:20:19.865,1.06225,1.0625
2013.03.19 01:20:21.398,1.06225,1.06252
2013.03.19 01:20:21.843,1.06225,1.06248
2013.03.19 01:20:25.129,1.06225,1.0625
2013.03.19 01:20:31.563,1.06228,1.06254
2013.03.19 01:20:31.704,1.06225,1.0625
2013.03.19 01:20:34.277,1.06227,1.0625
2013.03.19 01:20:34.394,1.06232,1.06256
2013.03.19 01:20:34.944,1.06232,1.06257
2013.03.19 01:20:47.703,1.06237,1.0626
2013.03.19 01:20:52.013,1.06235,1.06258
2013.03.19 01:20:52.133,1.06232,1.06256
2013.03.19 01:20:53.074,1.06232,1.06258
2013.03.19 01:20:54.613,1.06232,1.06256
2013.03.19 01:20:56.624,1.06229,1.06256
2013.03.19 01:21:05.335,1.06227,1.06251
2013.03.19 01:21:11.383,1.06225,1.06253
2013.03.19 01:21:12.973,1.06225,1.06251
2013.03.19 01:21:13.333,1.06225,1.06251
2013.03.19 01:21:13.924,1.06225,1.06253
2013.03.19 01:21:30.577,1.06227,1.06251
2013.03.19 01:21:46.307,1.06223,1.06251
2013.03.19 01:21:52.367,1.06225,1.06251
2013.03.19 01:22:00.071,1.06223,1.06251
2013.03.19 01:22:06.253,1.06222,1.0625
2013.03.19 01:22:26.384,1.06224,1.0625
2013.03.19 01:22:40.049,1.06224,1.06252
2013.03.19 01:22:41.806,1.06224,1.0625
2013.03.19 01:22:46.993,1.06224,1.06249
2013.03.19 01:22:59.735,1.06222,1.06248
2013.03.19 01:23:27.343,1.06224,1.0625
2013.03.19 01:23:39.923,1.06226,1.0625
2013.03.19 01:23:44.864,1.06226,1.06249
2013.03.19 01:23:45.311,1.06221,1.06247
2013.03.19 01:23:47.805,1.06221,1.06247
2013.03.19 01:23:48.204,1.06221,1.06245
2013.03.19 01:23:51.124,1.06221,1.06247
2013.03.19 01:24:04.734,1.06224,1.06248
2013.03.19 01:24:05.301,1.06224,1.06249
2013.03.19 01:24:06.944,1.06224,1.06252
2013.03.19 01:24:09.124,1.06224,1.06249
2013.03.19 01:24:18.153,1.06219,1.06245
2013.03.19 01:24:33.174,1.06224,1.06246
2013.03.19 01:24:33.234,1.06225,1.06248
2013.03.19 01:24:33.773,1.06225,1.06251
2013.03.19 01:24:59.843,1.06221,1.06249
2013.03.19 01:25:02.564,1.06224,1.06249
2013.03.19 01:25:15.037,1.06225,1.06249
2013.03.19 01:25:29.334,1.06226,1.06251
2013.03.19 01:25:29.873,1.0623,1.06253
2013.03.19 01:25:30.313,1.06231,1.06256
2013.03.19 01:25:30.374,1.06231,1.06257
2013.03.19 01:25:31.668,1.0623,1.06256
2013.03.19 01:25:33.593,1.0623,1.06257
2013.03.19 01:25:34.172,1.0623,1.06256
2013.03.19 01:25:35.173,1.0623,1.06255
2013.03.19 01:25:35.805,1.0623,1.06254
2013.03.19 01:25:36.043,1.06226,1.0625
2013.03.19 01:25:38.133,1.06226,1.06253
2013.03.19 01:25:41.183,1.06226,1.0625
2013.03.19 01:25:48.883,1.06226,1.06253
2013.03.19 01:25:49.893,1.06231,1.06254
2013.03.19 01:25:50.513,1.06231,1.06255
2013.03.19 01:25:52.303,1.06228,1.06255
2013.03.19 01:25:52.424,1.06227,1.0625
2013.03.19 01:25:52.973,1.06226,1.0625
2013.03.19 01:25:53.094,1.06223,1.0625
2013.03.19 01:25:59.874,1.0622,1.06246
2013.03.19 01:26:00.565,1.0622,1.06247
2013.03.19 01:26:10.303,1.06225,1.06251
2013.03.19 01:26:12.103,1.06225,1.06253
2013.03.19 01:26:12.224,1.06229,1.06255
2013.03.19 01:26:24.313,1.0623,1.06256
2013.03.19 01:26:24.834,1.0623,1.06256
2013.03.19 01:26:28.383,1.0623,1.06256
2013.03.19 01:26:31.353,1.06229,1.06256
2013.03.19 01:26:32.423,1.0623,1.06256
2013.03.19 01:26:38.935,1.06236,1.0626
2013.03.19 01:26:39.114,1.06237,1.06261
2013.03.19 01:26:39.297,1.06236,1.06263
2013.03.19 01:26:42.844,1.06236,1.06262
2013.03.19 01:26:42.965,1.06232,1.06259
2013.03.19 01:26:43.144,1.06231,1.06256
2013.03.19 01:26:43.565,1.06223,1.06247
2013.03.19 01:26:44.965,1.06223,1.06247
2013.03.19 01:26:55.117,1.06225,1.0625
2013.03.19 01:26:55.364,1.06228,1.06254
2013.03.19 01:27:09.304,1.06226,1.06254
2013.03.19 01:27:11.342,1.06226,1.06249
2013.03.19 01:27:27.035,1.06226,1.06249
2013.03.19 01:27:27.659,1.06227,1.06254
2013.03.19 01:27:37.835,1.06228,1.06254
2013.03.19 01:27:48.049,1.06228,1.06254
2013.03.19 01:27:51.124,1.06228,1.06253
2013.03.19 01:27:51.331,1.06228,1.06253
2013.03.19 01:27:51.934,1.06228,1.06253
2013.03.19 01:27:52.102,1.06228,1.06253
2013.03.19 01:27:54.925,1.06225,1.06249
2013.03.19 01:27:57.054,1.06227,1.06253
2013.03.19 01:28:03.843,1.06227,1.06253
2013.03.19 01:28:03.904,1.06227,1.06251
2013.03.19 01:28:21.593,1.06223,1.06249
2013.03.19 01:28:25.215,1.06221,1.06244
2013.03.19 01:28:25.334,1.06219,1.06244
2013.03.19 01:28:25.455,1.06219,1.06244
2013.03.19 01:28:25.874,1.06216,1.0624
2013.03.19 01:28:25.936,1.06214,1.0624
2013.03.19 01:28:26.059,1.06214,1.0624
2013.03.19 01:28:26.123,1.06214,1.0624
2013.03.19 01:28:45.393,1.06214,1.0624
2013.03.19 01:28:46.084,1.06217,1.06241
2013.03.19 01:28:46.204,1.06217,1.06241
2013.03.19 01:28:46.384,1.06218,1.06243
2013.03.19 01:28:46.564,1.06221,1.06243
2013.03.19 01:28:47.015,1.06225,1.06246
2013.03.19 01:28:47.384,1.06226,1.06251
2013.03.19 01:28:47.564,1.06229,1.0625
2013.03.19 01:29:07.583,1.06228,1.06255
2013.03.19 01:29:28.065,1.06229,1.06255
2013.03.19 01:29:28.344,1.06231,1.06255
2013.03.19 01:29:28.534,1.06233,1.06255
2013.03.19 01:29:28.893,1.06238,1.06258
2013.03.19 01:29:29.074,1.06238,1.06262
2013.03.19 01:29:42.404,1.06238,1.06265
2013.03.19 01:29:42.844,1.06238,1.06265
2013.03.19 01:29:48.790,1.06238,1.06264
2013.03.19 01:30:08.874,1.06237,1.06264
2013.03.19 01:30:43.000,1.06237,1.06266
2013.03.19 01:30:49.094,1.06239,1.06267
2013.03.19 01:30:54.060,1.06239,1.06267
2013.03.19 01:31:07.425,1.06241,1.06265
2013.03.19 01:31:07.785,1.06245,1.06268
2013.03.19 01:31:12.725,1.06246,1.06272
2013.03.19 01:31:12.935,1.06245,1.06272
2013.03.19 01:31:13.394,1.06241,1.06268
2013.03.19 01:31:32.065,1.06241,1.06268
2013.03.19 01:31:32.452,1.06244,1.06269
2013.03.19 01:31:38.575,1.06244,1.06269
2013.03.19 01:31:52.119,1.06244,1.06269
2013.03.19 01:31:56.756,1.06238,1.06265
2013.03.19 01:31:56.936,1.0624,1.06266
2013.03.19 01:31:57.125,1.06242,1.06269
2013.03.19 01:32:04.937,1.06246,1.06273
2013.03.19 01:32:05.065,1.06251,1.06276
2013.03.19 01:32:05.665,1.06251,1.06276
2013.03.19 01:32:05.916,1.06247,1.06271
2013.03.19 01:32:05.976,1.06247,1.06271
2013.03.19 01:32:06.095,1.06245,1.06271
2013.03.19 01:32:06.398,1.06247,1.06271
2013.03.19 01:32:06.526,1.06241,1.06267
2013.03.19 01:32:06.704,1.06241,1.06267
2013.03.19 01:32:06.824,1.06241,1.06267
2013.03.19 01:32:07.185,1.06242,1.06269
2013.03.19 01:32:07.546,1.06242,1.06267
2013.03.19 01:32:07.847,1.06237,1.06262
2013.03.19 01:32:07.904,1.0624,1.06262
2013.03.19 01:32:08.455,1.06241,1.06264
2013.03.19 01:32:09.005,1.06241,1.06265
2013.03.19 01:32:15.156,1.06236,1.06262
2013.03.19 01:32:15.275,1.06235,1.06259
2013.03.19 01:32:15.515,1.06235,1.06259
2013.03.19 01:32:15.875,1.06232,1.06256
2013.03.19 01:32:21.113,1.06227,1.06254
2013.03.19 01:32:27.134,1.0623,1.06256
2013.03.19 01:32:31.894,1.06227,1.06254
2013.03.19 01:32:39.327,1.0623,1.06254
2013.03.19 01:32:39.877,1.06227,1.06254
2013.03.19 01:32:40.002,1.06233,1.06256
2013.03.19 01:32:40.505,1.06233,1.06259
2013.03.19 01:32:40.564,1.06235,1.06259
2013.03.19 01:32:40.804,1.06236,1.06259
2013.03.19 01:32:41.363,1.06238,1.06265
2013.03.19 01:32:50.605,1.06238,1.06265
2013.03.19 01:32:57.916,1.06238,1.06262
2013.03.19 01:32:57.977,1.06233,1.06259
2013.03.19 01:33:02.124,1.06237,1.06263
2013.03.19 01:33:04.334,1.06237,1.06263
2013.03.19 01:33:05.837,1.06238,1.06262
2013.03.19 01:33:06.576,1.06239,1.06265
2013.03.19 01:33:06.658,1.06244,1.06269
2013.03.19 01:33:06.906,1.06245,1.0627
2013.03.19 01:33:08.184,1.06247,1.06271
2013.03.19 01:33:08.494,1.06247,1.06274
2013.03.19 01:33:09.090,1.06247,1.06273
2013.03.19 01:33:09.155,1.06247,1.06273
2013.03.19 01:33:13.097,1.06241,1.06268
2013.03.19 01:33:14.185,1.06239,1.06264
2013.03.19 01:33:16.425,1.06237,1.06263
2013.03.19 01:33:17.057,1.06236,1.06263
2013.03.19 01:33:19.045,1.06237,1.06263
2013.03.19 01:33:19.405,1.06237,1.06263
2013.03.19 01:33:19.645,1.06242,1.06267
2013.03.19 01:33:25.104,1.06241,1.06267
2013.03.19 01:33:28.056,1.06241,1.06265
2013.03.19 01:33:30.914,1.06241,1.06267
2013.03.19 01:33:31.925,1.06242,1.06267
2013.03.19 01:33:39.074,1.06243,1.06268
2013.03.19 01:33:40.024,1.06247,1.06271
2013.03.19 01:33:48.105,1.06247,1.06271
2013.03.19 01:33:48.405,1.06251,1.06276
2013.03.19 01:33:49.664,1.06251,1.06278
2013.03.19 01:33:50.166,1.06251,1.06277
2013.03.19 01:33:50.226,1.06251,1.06276
2013.03.19 01:33:51.840,1.06251,1.06277
2013.03.19 01:33:52.084,1.06251,1.06277
2013.03.19 01:33:55.825,1.06249,1.06276
2013.03.19 01:33:56.385,1.06245,1.06271
2013.03.19 01:33:56.685,1.06246,1.06271
2013.03.19 01:34:00.982,1.06245,1.06271
2013.03.19 01:34:01.098,1.06246,1.06271
2013.03.19 01:34:07.665,1.06245,1.06271
2013.03.19 01:34:08.336,1.06245,1.06271
2013.03.19 01:34:08.876,1.06246,1.06271
2013.03.19 01:34:13.936,1.06246,1.06273
2013.03.19 01:34:15.486,1.06246,1.06271
2013.03.19 01:34:20.665,1.06245,1.06271
2013.03.19 01:34:21.135,1.06247,1.06271
2013.03.19 01:34:21.196,1.06247,1.06271
2013.03.19 01:34:21.866,1.0625,1.06277
2013.03.19 01:34:24.375,1.06251,1.06276
2013.03.19 01:34:25.217,1.06251,1.06276
2013.03.19 01:34:25.525,1.06254,1.06281
2013.03.19 01:34:25.775,1.06257,1.06281
2013.03.19 01:34:27.176,1.06252,1.06277
2013.03.19 01:34:27.236,1.06251,1.06275
2013.03.19 01:34:29.326,1.06249,1.06274
2013.03.19 01:34:32.435,1.06251,1.06274
2013.03.19 01:35:07.721,1.06252,1.06278
2013.03.19 01:35:18.824,1.06254,1.06279
2013.03.19 01:35:23.745,1.06256,1.06282
2013.03.19 01:35:33.564,1.06256,1.06282
2013.03.19 01:35:33.895,1.0625,1.06274
2013.03.19 01:35:34.135,1.0625,1.06274
2013.03.19 01:35:34.654,1.06247,1.06274
2013.03.19 01:35:44.825,1.0625,1.06274
2013.03.19 01:35:49.187,1.06247,1.06274
2013.03.19 01:35:49.846,1.0625,1.06274
2013.03.19 01:35:51.834,1.06247,1.06274
2013.03.19 01:35:54.005,1.06247,1.06273
2013.03.19 01:35:55.065,1.06243,1.06268
2013.03.19 01:35:55.124,1.06243,1.06268
2013.03.19 01:35:58.095,1.06242,1.06268
2013.03.19 01:35:58.215,1.06242,1.06268
2013.03.19 01:35:58.336,1.06243,1.06268
2013.03.19 01:35:58.755,1.06248,1.06273
2013.03.19 01:36:20.554,1.06251,1.06277
2013.03.19 01:36:23.157,1.06251,1.06277
2013.03.19 01:36:25.875,1.06252,1.06277
2013.03.19 01:36:28.635,1.06251,1.06277
2013.03.19 01:36:34.135,1.06252,1.06277
2013.03.19 01:36:37.105,1.06251,1.06277
2013.03.19 01:36:39.047,1.06248,1.06275
2013.03.19 01:36:39.956,1.06251,1.06276
2013.03.19 01:36:40.135,1.06248,1.06276
2013.03.19 01:36:57.585,1.06251,1.06276
2013.03.19 01:36:59.117,1.06251,1.06277
2013.03.19 01:37:00.587,1.06249,1.06277
2013.03.19 01:37:07.495,1.06246,1.06271
2013.03.19 01:37:07.615,1.06247,1.06274
2013.03.19 01:37:07.796,1.06246,1.06271
2013.03.19 01:37:12.046,1.0625,1.06275
2013.03.19 01:37:12.866,1.06251,1.06276
2013.03.19 01:37:13.475,1.06251,1.06278
2013.03.19 01:37:17.983,1.06256,1.06279
2013.03.19 01:37:18.228,1.0626,1.06283
2013.03.19 01:37:21.075,1.06256,1.06281
2013.03.19 01:37:21.134,1.06254,1.06281
2013.03.19 01:37:21.595,1.06256,1.06281
2013.03.19 01:37:22.716,1.06254,1.06276
2013.03.19 01:37:22.909,1.06251,1.06276
2013.03.19 01:37:22.977,1.0625,1.06276
2013.03.19 01:37:23.035,1.0625,1.06273
2013.03.19 01:37:23.342,1.06246,1.06272
2013.03.19 01:37:23.696,1.06245,1.06272
2013.03.19 01:37:23.853,1.06245,1.06273
2013.03.19 01:37:27.215,1.06251,1.06275
2013.03.19 01:37:28.228,1.06251,1.06277
2013.03.19 01:37:29.625,1.06251,1.06275
2013.03.19 01:37:31.225,1.06252,1.06277
2013.03.19 01:37:33.225,1.06252,1.06276
2013.03.19 01:37:33.285,1.0625,1.06276
2013.03.19 01:37:48.226,1.06249,1.06276
2013.03.19 01:37:50.325,1.06246,1.06269
2013.03.19 01:37:50.448,1.06247,1.06272
2013.03.19 01:37:50.564,1.06249,1.06273
2013.03.19 01:37:51.699,1.06249,1.06274
2013.03.19 01:37:57.737,1.06251,1.06275
2013.03.19 01:38:00.384,1.06253,1.06279
2013.03.19 01:38:01.389,1.06252,1.06278
2013.03.19 01:38:02.566,1.06249,1.06274
2013.03.19 01:38:03.600,1.06251,1.06274
2013.03.19 01:38:03.963,1.06253,1.06278
2013.03.19 01:38:26.156,1.0625,1.06276
2013.03.19 01:38:27.065,1.0625,1.06277
2013.03.19 01:38:27.602,1.0625,1.06276
2013.03.19 01:38:31.016,1.0625,1.06273
2013.03.19 01:38:31.195,1.06246,1.0627
2013.03.19 01:38:31.256,1.06245,1.0627
2013.03.19 01:38:32.195,1.06245,1.06271
2013.03.19 01:38:32.496,1.06251,1.06273
2013.03.19 01:38:34.093,1.06251,1.06273
