Time,Bid,Ask
2013.03.20 00:00:01.156,1.06405,1.06429
2013.03.20 00:00:01.275,1.06407,1.06432
2013.03.20 00:00:13.437,1.06409,1.06433
2013.03.20 00:00:16.335,1.06406,1.06431
2013.03.20 00:00:21.485,1.06406,1.06432
2013.03.20 00:00:24.916,1.06406,1.06432
2013.03.20 00:00:25.471,1.06407,1.06433
2013.03.20 00:00:26.060,1.06407,1.06432
2013.03.20 00:00:29.915,1.06406,1.06429
2013.03.20 00:00:30.433,1.06406,1.06429
2013.03.20 00:00:34.370,1.06404,1.06428
2013.03.20 00:00:36.596,1.06404,1.06428
2013.03.20 00:00:36.777,1.06402,1.06427
2013.03.20 00:00:36.837,1.06401,1.06423
2013.03.20 00:00:37.018,1.06398,1.06423
2013.03.20 00:00:37.376,1.06399,1.06423
2013.03.20 00:00:38.276,1.06399,1.06421
2013.03.20 00:00:38.336,1.06397,1.06419
2013.03.20 00:00:40.317,1.06399,1.06421
2013.03.20 00:00:40.871,1.06397,1.06419
2013.03.20 00:00:40.996,1.06395,1.06419
2013.03.20 00:00:41.906,1.06393,1.0642
2013.03.20 00:00:42.450,1.06397,1.06421
2013.03.20 00:00:43.087,1.06397,1.06423
2013.03.20 00:00:46.032,1.06397,1.06424
2013.03.20 00:00:46.157,1.06403,1.06427
2013.03.20 00:00:46.607,1.06405,1.0643
2013.03.20 00:00:46.727,1.0641,1.06433
2013.03.20 00:00:46.847,1.06408,1.06432
2013.03.20 00:00:52.557,1.0641,1.06433
2013.03.20 00:00:54.348,1.0641,1.06435
2013.03.20 00:00:55.097,1.0641,1.06434
2013.03.20 00:00:57.377,1.0641,1.06433
2013.03.20 00:00:58.801,1.06408,1.06432
2013.03.20 00:00:59.638,1.0641,1.06433
2013.03.20 00:01:02.466,1.06408,1.06432
2013.03.20 00:01:02.647,1.06405,1.06429
2013.03.20 00:01:03.157,1.06402,1.06425
2013.03.20 00:01:03.277,1.06399,1.06423
2013.03.20 00:01:03.337,1.06399,1.06423
2013.03.20 00:01:03.726,1.06397,1.06421
2013.03.20 00:01:05.101,1.06397,1.0642
2013.03.20 00:01:06.662,1.06401,1.06425
2013.03.20 00:01:09.156,1.06402,1.06425
2013.03.20 00:01:11.725,1.06402,1.06425
2013.03.20 00:01:15.037,1.06402,1.06425
2013.03.20 00:01:24.866,1.06403,1.06425
2013.03.20 00:01:28.296,1.06402,1.06425
2013.03.20 00:01:29.782,1.06402,1.06425
2013.03.20 00:01:32.600,1.06404,1.06428
2013.03.20 00:01:35.316,1.06406,1.06429
2013.03.20 00:01:36.561,1.06404,1.06429
2013.03.20 00:01:37.566,1.06406,1.06429
2013.03.20 00:01:39.538,1.06406,1.06431
2013.03.20 00:01:39.777,1.0641,1.06434
2013.03.20 00:01:39.836,1.06412,1.06435
2013.03.20 00:01:40.197,1.06415,1.06436
2013.03.20 00:01:43.417,1.06415,1.06436
2013.03.20 00:01:45.566,1.06412,1.06436
2013.03.20 00:01:53.768,1.06412,1.06436
2013.03.20 00:01:56.127,1.06412,1.06436
2013.03.20 00:01:59.797,1.06413,1.06436
2013.03.20 00:02:00.801,1.06415,1.06439
2013.03.20 00:02:05.112,1.06414,1.06439
2013.03.20 00:02:06.537,1.06415,1.06439
2013.03.20 00:02:06.596,1.06416,1.06439
2013.03.20 00:02:24.877,1.06418,1.06439
2013.03.20 00:02:26.656,1.06415,1.06439
2013.03.20 00:02:30.610,1.06417,1.06439
2013.03.20 00:02:33.326,1.06416,1.06439
2013.03.20 00:02:34.182,1.06414,1.06439
2013.03.20 00:02:38.800,1.06415,1.06439
2013.03.20 00:02:46.279,1.06414,1.06439
2013.03.20 00:02:49.476,1.06417,1.0644
2013.03.20 00:02:50.519,1.06417,1.0644
2013.03.20 00:02:50.697,1.06414,1.0644
2013.03.20 00:02:52.377,1.06416,1.0644
2013.03.20 00:02:55.798,1.06414,1.0644
2013.03.20 00:03:02.336,1.06416,1.06441
2013.03.20 00:03:02.677,1.06416,1.06438
2013.03.20 00:03:02.984,1.06409,1.06436
2013.03.20 00:03:03.357,1.06409,1.06434
2013.03.20 00:03:04.786,1.06406,1.0643
2013.03.20 00:03:05.107,1.06406,1.0643
2013.03.20 00:03:05.860,1.06406,1.0643
2013.03.20 00:03:07.898,1.06411,1.06432
2013.03.20 00:03:08.077,1.06411,1.06432
2013.03.20 00:03:09.879,1.06407,1.06431
2013.03.20 00:03:12.356,1.06407,1.06431
2013.03.20 00:03:15.326,1.06407,1.06431
2013.03.20 00:03:17.299,1.06407,1.0643
2013.03.20 00:03:17.906,1.06407,1.06429
2013.03.20 00:03:18.087,1.06407,1.06428
2013.03.20 00:03:18.207,1.06404,1.06423
2013.03.20 00:03:18.267,1.06404,1.0642
2013.03.20 00:03:18.568,1.06401,1.06419
2013.03.20 00:03:18.627,1.06401,1.06419
2013.03.20 00:03:20.997,1.06401,1.06417
2013.03.20 00:03:21.196,1.06395,1.06417
2013.03.20 00:03:24.976,1.06395,1.06417
2013.03.20 00:03:27.556,1.06395,1.06418
2013.03.20 00:03:30.087,1.06393,1.06415
2013.03.20 00:03:30.147,1.0639,1.06414
2013.03.20 00:03:30.207,1.06388,1.0641
2013.03.20 00:03:30.523,1.06386,1.06409
2013.03.20 00:03:30.846,1.06386,1.06408
2013.03.20 00:03:31.607,1.06386,1.06407
2013.03.20 00:03:32.038,1.06386,1.06407
2013.03.20 00:03:32.728,1.06386,1.06405
2013.03.20 00:03:35.383,1.06386,1.06407
2013.03.20 00:03:35.506,1.06386,1.06405
2013.03.20 00:03:36.330,1.06386,1.06405
2013.03.20 00:03:36.806,1.06386,1.06403
2013.03.20 00:03:37.607,1.06386,1.06401
2013.03.20 00:03:38.528,1.06386,1.06401
2013.03.20 00:03:38.716,1.06386,1.06405
2013.03.20 00:03:42.804,1.06386,1.06406
2013.03.20 00:03:43.446,1.06386,1.064
2013.03.20 00:03:43.507,1.06386,1.064
2013.03.20 00:03:43.567,1.06386,1.06403
2013.03.20 00:03:48.718,1.06386,1.06406
2013.03.20 00:03:51.956,1.06384,1.06402
2013.03.20 00:03:52.276,1.06384,1.06404
2013.03.20 00:03:52.336,1.06384,1.06404
2013.03.20 00:04:05.296,1.06384,1.06406
2013.03.20 00:04:09.357,1.06384,1.06406
2013.03.20 00:04:14.126,1.06384,1.06406
2013.03.20 00:04:23.226,1.06384,1.06405
2013.03.20 00:04:24.901,1.06384,1.06406
2013.03.20 00:04:26.000,1.06384,1.06408
2013.03.20 00:04:30.267,1.06384,1.06408
2013.03.20 00:04:34.028,1.06385,1.06408
2013.03.20 00:04:36.176,1.06385,1.06407
2013.03.20 00:04:37.631,1.06385,1.06409
2013.03.20 00:04:40.666,1.06385,1.06407
2013.03.20 00:04:50.365,1.06385,1.06406
2013.03.20 00:04:52.987,1.06386,1.06406
2013.03.20 00:04:55.577,1.06384,1.06403
2013.03.20 00:04:55.756,1.06382,1.06403
2013.03.20 00:04:56.317,1.06382,1.06406
2013.03.20 00:04:56.677,1.06386,1.06409
2013.03.20 00:04:56.926,1.06387,1.06411
2013.03.20 00:04:59.774,1.06387,1.06411
2013.03.20 00:05:01.996,1.06387,1.06411
2013.03.20 00:05:03.856,1.06387,1.06411
2013.03.20 00:05:04.918,1.06392,1.06416
2013.03.20 00:05:05.437,1.06397,1.06418
2013.03.20 00:05:11.011,1.06397,1.06418
2013.03.20 00:05:11.618,1.06397,1.06422
2013.03.20 00:05:24.250,1.06398,1.06422
2013.03.20 00:05:25.233,1.064,1.06425
2013.03.20 00:05:29.607,1.06401,1.06425
2013.03.20 00:05:29.847,1.06403,1.06429
2013.03.20 00:05:30.157,1.06406,1.0643
2013.03.20 00:05:30.217,1.06407,1.0643
2013.03.20 00:05:30.870,1.06409,1.06434
2013.03.20 00:05:33.887,1.06408,1.06432
2013.03.20 00:05:33.948,1.06404,1.06426
2013.03.20 00:05:34.008,1.06402,1.06426
2013.03.20 00:05:34.307,1.06405,1.06426
2013.03.20 00:05:34.367,1.06406,1.06428
2013.03.20 00:05:38.659,1.06406,1.06428
2013.03.20 00:05:56.637,1.06407,1.06432
2013.03.20 00:05:56.757,1.0641,1.06432
2013.03.20 00:06:01.150,1.06411,1.06435
2013.03.20 00:06:01.879,1.06416,1.06435
2013.03.20 00:06:01.997,1.06413,1.06441
2013.03.20 00:06:02.058,1.06415,1.06441
2013.03.20 00:06:02.177,1.06417,1.06441
2013.03.20 00:06:02.734,1.06419,1.06444
2013.03.20 00:06:04.227,1.06415,1.06441
2013.03.20 00:06:06.777,1.06415,1.0644
2013.03.20 00:06:14.377,1.06414,1.06439
2013.03.20 00:06:14.557,1.06413,1.06436
2013.03.20 00:06:14.866,1.06409,1.06436
2013.03.20 00:06:19.157,1.0641,1.06434
2013.03.20 00:06:24.113,1.06411,1.06436
2013.03.20 00:06:25.528,1.0641,1.06435
2013.03.20 00:06:25.987,1.06411,1.06436
2013.03.20 00:06:26.606,1.06413,1.0644
2013.03.20 00:06:26.689,1.06415,1.0644
2013.03.20 00:06:26.819,1.06414,1.0644
2013.03.20 00:06:27.397,1.06415,1.06441
2013.03.20 00:06:29.566,1.06414,1.06441
2013.03.20 00:06:31.360,1.06415,1.06441
2013.03.20 00:06:31.547,1.06414,1.06438
2013.03.20 00:06:31.930,1.06413,1.06435
2013.03.20 00:06:31.998,1.06408,1.06433
2013.03.20 00:06:32.058,1.06408,1.06431
2013.03.20 00:06:32.417,1.06411,1.06438
2013.03.20 00:06:32.478,1.06411,1.06438
2013.03.20 00:06:32.838,1.06414,1.06437
2013.03.20 00:06:32.897,1.06415,1.0644
2013.03.20 00:06:34.037,1.06414,1.06438
2013.03.20 00:06:36.099,1.06416,1.06438
2013.03.20 00:06:46.130,1.06416,1.06436
2013.03.20 00:06:46.678,1.06412,1.06435
2013.03.20 00:06:47.737,1.06411,1.06435
2013.03.20 00:06:50.400,1.06411,1.06437
2013.03.20 00:06:50.795,1.06411,1.06435
2013.03.20 00:06:57.642,1.06412,1.06435
2013.03.20 00:06:58.275,1.06413,1.06437
2013.03.20 00:07:03.347,1.06412,1.06435
2013.03.20 00:07:05.872,1.06411,1.06435
2013.03.20 00:07:06.787,1.06411,1.06434
2013.03.20 00:07:09.987,1.06408,1.06432
2013.03.20 00:07:10.337,1.06407,1.06431
2013.03.20 00:07:10.886,1.06403,1.06429
2013.03.20 00:07:15.009,1.06402,1.06427
2013.03.20 00:07:17.677,1.06401,1.06428
2013.03.20 00:07:17.917,1.06401,1.06424
2013.03.20 00:07:17.979,1.06398,1.06422
2013.03.20 00:07:18.297,1.06396,1.0642
2013.03.20 00:07:20.667,1.06401,1.06426
2013.03.20 00:07:22.687,1.06405,1.06428
2013.03.20 00:07:22.868,1.06406,1.06431
2013.03.20 00:07:24.056,1.06405,1.06429
2013.03.20 00:07:29.848,1.06408,1.06429
2013.03.20 00:07:33.375,1.0641,1.06432
2013.03.20 00:07:42.958,1.06408,1.06433
2013.03.20 00:07:43.608,1.06408,1.06434
2013.03.20 00:07:45.447,1.06408,1.06433
2013.03.20 00:07:47.308,1.06409,1.06434
2013.03.20 00:07:59.030,1.06408,1.06434
2013.03.20 00:08:02.868,1.06408,1.06433
2013.03.20 00:08:04.443,1.06408,1.06434
2013.03.20 00:08:05.087,1.06407,1.06433
2013.03.20 00:08:05.327,1.06404,1.06429
2013.03.20 00:08:42.337,1.06404,1.06429
2013.03.20 00:08:42.517,1.06401,1.06425
2013.03.20 00:08:42.637,1.06401,1.06428
2013.03.20 00:08:43.188,1.06401,1.06425
2013.03.20 00:08:44.277,1.06401,1.06423
2013.03.20 00:08:44.627,1.06395,1.06421
2013.03.20 00:08:45.232,1.06398,1.06419
2013.03.20 00:08:45.601,1.06401,1.06425
2013.03.20 00:08:45.815,1.06399,1.06425
2013.03.20 00:08:46.059,1.06401,1.06425
2013.03.20 00:08:46.597,1.06401,1.06425
2013.03.20 00:08:47.157,1.06402,1.06428
2013.03.20 00:08:47.279,1.06406,1.06429
2013.03.20 00:09:03.356,1.06406,1.0643
2013.03.20 00:09:04.073,1.06407,1.06432
2013.03.20 00:09:06.637,1.06407,1.0643
2013.03.20 00:09:07.219,1.06407,1.06432
2013.03.20 00:09:14.579,1.06406,1.0643
2013.03.20 00:09:17.667,1.06404,1.06427
2013.03.20 00:09:17.967,1.06401,1.06425
2013.03.20 00:09:18.088,1.06403,1.06429
2013.03.20 00:09:19.283,1.06405,1.06429
2013.03.20 00:09:19.947,1.06408,1.06431
2013.03.20 00:09:24.562,1.0641,1.06434
2013.03.20 00:09:31.297,1.06409,1.06434
2013.03.20 00:09:38.867,1.0641,1.06434
2013.03.20 00:09:39.287,1.06411,1.06434
2013.03.20 00:09:39.347,1.06416,1.06439
2013.03.20 00:09:39.707,1.06419,1.0644
2013.03.20 00:09:39.887,1.06422,1.06444
2013.03.20 00:09:47.112,1.06421,1.06446
2013.03.20 00:09:55.208,1.06422,1.06446
2013.03.20 00:09:57.716,1.06421,1.06446
2013.03.20 00:10:21.127,1.06422,1.06447
2013.03.20 00:10:41.085,1.0642,1.06446
2013.03.20 00:10:47.175,1.06419,1.06446
2013.03.20 00:10:50.655,1.06419,1.06445
2013.03.20 00:10:59.997,1.06419,1.06446
2013.03.20 00:11:00.057,1.06421,1.06446
2013.03.20 00:11:23.080,1.06419,1.06446
2013.03.20 00:11:28.880,1.0642,1.06445
2013.03.20 00:11:33.851,1.06421,1.06446
2013.03.20 00:11:34.599,1.0642,1.06446
2013.03.20 00:11:39.115,1.0642,1.06445
2013.03.20 00:11:44.630,1.06418,1.06444
2013.03.20 00:11:49.067,1.0642,1.06445
2013.03.20 00:12:06.882,1.06419,1.06444
2013.03.20 00:12:18.116,1.06419,1.06446
2013.03.20 00:12:20.123,1.06424,1.06446
2013.03.20 00:12:21.487,1.06424,1.06449
2013.03.20 00:12:21.668,1.06426,1.0645
2013.03.20 00:12:22.319,1.06428,1.06454
2013.03.20 00:12:24.978,1.06421,1.06444
2013.03.20 00:12:25.277,1.06424,1.06448
2013.03.20 00:12:27.909,1.06422,1.06448
2013.03.20 00:12:27.978,1.06421,1.06443
2013.03.20 00:12:28.948,1.06422,1.06444
2013.03.20 00:12:34.307,1.06422,1.06447
2013.03.20 00:12:39.157,1.06417,1.06443
2013.03.20 00:12:39.458,1.06417,1.06439
2013.03.20 00:12:39.524,1.06417,1.06439
2013.03.20 00:12:40.067,1.06417,1.06443
2013.03.20 00:12:40.329,1.06417,1.06443
2013.03.20 00:12:58.238,1.06417,1.06443
2013.03.20 00:13:04.907,1.06418,1.06444
2013.03.20 00:13:14.368,1.06417,1.06442
2013.03.20 00:13:14.759,1.06414,1.06439
2013.03.20 00:13:19.269,1.06415,1.06439
2013.03.20 00:13:28.327,1.06413,1.06439
2013.03.20 00:13:57.827,1.06414,1.06438
2013.03.20 00:14:01.015,1.06414,1.06438
2013.03.20 00:14:28.405,1.06414,1.0644
2013.03.20 00:14:29.717,1.06414,1.0644
2013.03.20 00:14:39.185,1.06415,1.0644
2013.03.20 00:14:43.199,1.06413,1.0644
2013.03.20 00:14:55.119,1.06413,1.06439
2013.03.20 00:14:56.923,1.06412,1.06438
2013.03.20 00:14:57.925,1.06413,1.06439
2013.03.20 00:14:59.252,1.06415,1.0644
2013.03.20 00:15:06.049,1.06414,1.0644
2013.03.20 00:15:15.097,1.06415,1.0644
2013.03.20 00:15:17.512,1.06415,1.0644
2013.03.20 00:15:20.689,1.06414,1.0644
2013.03.20 00:15:24.700,1.06414,1.0644
2013.03.20 00:15:25.108,1.06411,1.06438
2013.03.20 00:15:29.709,1.06413,1.0644
2013.03.20 00:15:37.898,1.06414,1.0644
2013.03.20 00:15:38.507,1.06414,1.06441
2013.03.20 00:15:45.749,1.06413,1.06438
2013.03.20 00:15:52.160,1.06414,1.06441
2013.03.20 00:15:55.078,1.06415,1.06438
2013.03.20 00:15:55.584,1.06414,1.06438
2013.03.20 00:15:57.794,1.06412,1.06437
2013.03.20 00:16:04.706,1.06414,1.06438
2013.03.20 00:16:15.666,1.06415,1.0644
2013.03.20 00:16:15.726,1.06417,1.0644
2013.03.20 00:16:15.906,1.06417,1.06438
2013.03.20 00:16:16.026,1.06418,1.06443
2013.03.20 00:16:17.070,1.06417,1.06438
2013.03.20 00:16:51.029,1.06413,1.06438
2013.03.20 00:16:51.090,1.06414,1.06438
2013.03.20 00:16:51.405,1.06412,1.06438
2013.03.20 00:16:54.044,1.0641,1.06435
2013.03.20 00:16:54.307,1.0641,1.06435
2013.03.20 00:17:04.326,1.06411,1.06434
2013.03.20 00:17:07.885,1.06411,1.06434
2013.03.20 00:17:11.135,1.06411,1.06435
2013.03.20 00:17:11.197,1.06413,1.06438
2013.03.20 00:17:11.315,1.06417,1.06439
2013.03.20 00:17:12.235,1.06417,1.06439
2013.03.20 00:17:21.905,1.06416,1.06439
2013.03.20 00:17:32.085,1.06414,1.06438
2013.03.20 00:17:34.685,1.06413,1.06437
2013.03.20 00:17:37.858,1.06413,1.06437
2013.03.20 00:17:52.056,1.06414,1.06438
2013.03.20 00:18:11.183,1.06414,1.06441
2013.03.20 00:18:11.946,1.06416,1.06441
2013.03.20 00:18:12.517,1.06417,1.06443
2013.03.20 00:18:16.257,1.06417,1.06443
2013.03.20 00:18:18.045,1.06417,1.06441
2013.03.20 00:18:18.604,1.06417,1.06441
2013.03.20 00:18:24.858,1.06417,1.06441
2013.03.20 00:18:35.105,1.06415,1.06439
2013.03.20 00:18:35.886,1.06416,1.06439
2013.03.20 00:18:40.617,1.06415,1.06437
2013.03.20 00:18:40.858,1.06411,1.06435
2013.03.20 00:18:41.145,1.06411,1.06434
2013.03.20 00:18:41.806,1.06411,1.06432
2013.03.20 00:18:43.006,1.06412,1.06434
2013.03.20 00:18:43.066,1.06412,1.06434
2013.03.20 00:18:44.056,1.0641,1.06434
2013.03.20 00:18:49.583,1.06411,1.06434
2013.03.20 00:18:52.042,1.06413,1.06437
2013.03.20 00:19:02.999,1.06411,1.06437
2013.03.20 00:19:15.420,1.06412,1.06435
2013.03.20 00:19:16.406,1.06414,1.06435
2013.03.20 00:19:30.321,1.06411,1.06435
2013.03.20 00:19:30.566,1.0641,1.06432
2013.03.20 00:19:31.145,1.06411,1.06433
2013.03.20 00:19:35.907,1.06411,1.06435
2013.03.20 00:19:53.656,1.06413,1.06435
2013.03.20 00:19:53.895,1.06413,1.06439
2013.03.20 00:19:53.956,1.06416,1.06439
2013.03.20 00:19:54.805,1.06414,1.06439
2013.03.20 00:20:07.107,1.06417,1.06439
2013.03.20 00:20:07.288,1.06418,1.06444
2013.03.20 00:20:07.887,1.06418,1.06444
2013.03.20 00:20:08.347,1.06418,1.06444
2013.03.20 00:20:08.406,1.06418,1.06443
2013.03.20 00:20:15.822,1.06416,1.06439
2013.03.20 00:20:38.486,1.06414,1.06439
2013.03.20 00:20:38.546,1.06414,1.06438
2013.03.20 00:20:46.021,1.06413,1.06439
2013.03.20 00:20:53.075,1.06414,1.06439
2013.03.20 00:20:53.316,1.06412,1.06437
2013.03.20 00:20:53.556,1.06413,1.06439
2013.03.20 00:20:57.056,1.06414,1.06438
2013.03.20 00:20:58.780,1.06412,1.06436
2013.03.20 00:21:03.220,1.06412,1.06436
2013.03.20 00:21:04.509,1.06411,1.06436
2013.03.20 00:21:09.456,1.06412,1.06437
2013.03.20 00:21:12.257,1.06412,1.06436
2013.03.20 00:21:15.176,1.06412,1.06438
2013.03.20 00:21:17.006,1.06412,1.06437
2013.03.20 00:21:35.557,1.06416,1.06439
2013.03.20 00:21:45.224,1.06417,1.06442
2013.03.20 00:21:48.907,1.06416,1.06442
2013.03.20 00:21:50.787,1.06416,1.0644
2013.03.20 00:21:50.966,1.06418,1.06443
2013.03.20 00:21:56.026,1.06416,1.06442
2013.03.20 00:22:10.077,1.06416,1.0644
2013.03.20 00:22:17.082,1.06414,1.06439
2013.03.20 00:22:25.316,1.06416,1.06439
2013.03.20 00:22:29.966,1.06418,1.06443
2013.03.20 00:22:33.715,1.06416,1.06443
2013.03.20 00:22:43.137,1.06416,1.06439
2013.03.20 00:23:03.166,1.06413,1.06437
2013.03.20 00:23:10.229,1.06411,1.06437
2013.03.20 00:23:14.268,1.06411,1.06436
2013.03.20 00:23:17.736,1.06413,1.06436
2013.03.20 00:23:23.130,1.06415,1.06437
2013.03.20 00:23:44.096,1.06412,1.06437
2013.03.20 00:24:04.126,1.06412,1.06437
2013.03.20 00:24:21.297,1.0641,1.06436
2013.03.20 00:24:23.123,1.0641,1.06436
2013.03.20 00:24:25.204,1.06409,1.06436
2013.03.20 00:24:29.698,1.06408,1.06435
2013.03.20 00:24:29.775,1.06407,1.06435
2013.03.20 00:24:30.286,1.06405,1.06432
2013.03.20 00:24:30.347,1.06406,1.06432
2013.03.20 00:24:42.627,1.06407,1.0643
2013.03.20 00:24:46.999,1.06407,1.0643
2013.03.20 00:25:09.948,1.06405,1.06428
2013.03.20 00:25:25.618,1.06404,1.06428
2013.03.20 00:25:26.898,1.06404,1.06428
2013.03.20 00:25:42.996,1.06403,1.06424
2013.03.20 00:25:43.556,1.06403,1.06428
2013.03.20 00:25:49.717,1.06402,1.06427
2013.03.20 00:25:50.895,1.06404,1.06429
2013.03.20 00:26:04.046,1.06404,1.06429
2013.03.20 00:26:24.827,1.06404,1.06429
2013.03.20 00:26:30.576,1.06402,1.06429
2013.03.20 00:26:42.770,1.06401,1.06427
2013.03.20 00:26:43.658,1.06402,1.06427
2013.03.20 00:26:47.334,1.06403,1.06428
2013.03.20 00:26:50.357,1.06406,1.06429
2013.03.20 00:26:50.537,1.06406,1.06432
2013.03.20 00:26:52.717,1.0641,1.06433
2013.03.20 00:27:21.757,1.06412,1.06435
2013.03.20 00:27:22.307,1.06412,1.06438
2013.03.20 00:27:26.037,1.06412,1.06438
2013.03.20 00:27:27.979,1.06412,1.06438
2013.03.20 00:27:39.806,1.06413,1.06438
2013.03.20 00:27:41.457,1.06415,1.06438
2013.03.20 00:27:41.517,1.06417,1.06439
2013.03.20 00:27:41.637,1.06418,1.06444
2013.03.20 00:27:41.938,1.06418,1.06444
2013.03.20 00:27:42.297,1.06417,1.06444
2013.03.20 00:27:55.327,1.06416,1.06439
2013.03.20 00:27:55.637,1.06414,1.06439
2013.03.20 00:27:56.257,1.06411,1.06434
2013.03.20 00:27:57.652,1.06411,1.06434
2013.03.20 00:27:57.758,1.06413,1.06434
2013.03.20 00:27:58.256,1.06411,1.06434
2013.03.20 00:28:02.758,1.06411,1.06438
2013.03.20 00:28:03.267,1.06413,1.06438
2013.03.20 00:28:05.084,1.06414,1.06438
2013.03.20 00:28:05.828,1.06413,1.06438
2013.03.20 00:28:06.187,1.0641,1.06429
2013.03.20 00:28:06.247,1.06406,1.06427
2013.03.20 00:28:06.307,1.06404,1.06427
2013.03.20 00:28:11.305,1.06402,1.06427
2013.03.20 00:28:11.668,1.06401,1.06427
2013.03.20 00:28:12.107,1.06401,1.06426
2013.03.20 00:28:46.117,1.06397,1.06423
2013.03.20 00:28:46.357,1.06396,1.06422
2013.03.20 00:28:46.884,1.06395,1.06419
2013.03.20 00:28:48.738,1.06392,1.06418
2013.03.20 00:28:56.587,1.06392,1.06416
2013.03.20 00:29:06.857,1.06392,1.06414
2013.03.20 00:29:08.062,1.06394,1.06415
2013.03.20 00:29:12.078,1.06394,1.06417
2013.03.20 00:29:15.117,1.06394,1.06418
2013.03.20 00:29:18.289,1.06394,1.06418
2013.03.20 00:29:24.606,1.06394,1.06414
2013.03.20 00:29:35.926,1.06394,1.06416
2013.03.20 00:29:39.256,1.06394,1.06414
2013.03.20 00:29:39.316,1.06392,1.06414
2013.03.20 00:29:43.041,1.06394,1.06414
2013.03.20 00:29:45.859,1.06394,1.06416
2013.03.20 00:29:53.996,1.06392,1.06413
2013.03.20 00:29:56.147,1.06392,1.06413
2013.03.20 00:29:56.207,1.06392,1.06411
2013.03.20 00:29:56.566,1.06392,1.06416
2013.03.20 00:29:57.636,1.06392,1.06416
2013.03.20 00:29:57.780,1.06391,1.06416
2013.03.20 00:30:06.616,1.06392,1.06416
2013.03.20 00:30:07.167,1.06392,1.06416
2013.03.20 00:30:09.567,1.06392,1.06416
2013.03.20 00:30:10.246,1.06392,1.06416
2013.03.20 00:30:18.679,1.06392,1.06416
2013.03.20 00:30:18.797,1.06391,1.06413
2013.03.20 00:30:19.737,1.06387,1.06412
2013.03.20 00:30:20.277,1.06387,1.06411
2013.03.20 00:30:23.549,1.06387,1.06408
2013.03.20 00:30:23.607,1.06386,1.06409
2013.03.20 00:30:23.727,1.06386,1.06407
2013.03.20 00:30:24.167,1.06381,1.06405
2013.03.20 00:30:24.927,1.06381,1.06404
2013.03.20 00:30:25.956,1.06381,1.06404
2013.03.20 00:30:26.957,1.06381,1.06405
2013.03.20 00:30:28.229,1.06381,1.06403
2013.03.20 00:30:29.735,1.06381,1.06406
2013.03.20 00:30:30.643,1.06382,1.06407
2013.03.20 00:30:30.966,1.06382,1.06406
2013.03.20 00:30:41.570,1.06381,1.06407
2013.03.20 00:30:42.582,1.06381,1.06405
2013.03.20 00:30:42.950,1.06381,1.06402
2013.03.20 00:30:46.868,1.06376,1.06402
2013.03.20 00:30:47.719,1.06378,1.06402
2013.03.20 00:30:59.707,1.06376,1.06402
2013.03.20 00:31:00.181,1.06376,1.06401
2013.03.20 00:31:07.831,1.06375,1.06399
2013.03.20 00:31:08.078,1.06376,1.06399
2013.03.20 00:31:13.138,1.06377,1.06401
2013.03.20 00:31:14.023,1.06377,1.06401
2013.03.20 00:31:28.082,1.06377,1.06401
2013.03.20 00:31:43.310,1.06385,1.06407
2013.03.20 00:31:43.592,1.06385,1.06408
2013.03.20 00:31:44.547,1.06382,1.06408
2013.03.20 00:31:48.458,1.06382,1.06408
2013.03.20 00:31:50.519,1.06382,1.06408
2013.03.20 00:31:51.047,1.06382,1.06406
2013.03.20 00:31:53.798,1.0638,1.06405
2013.03.20 00:31:56.965,1.06378,1.06402
2013.03.20 00:31:57.628,1.06378,1.06402
2013.03.20 00:32:05.618,1.06376,1.06402
2013.03.20 00:32:08.078,1.06375,1.06398
2013.03.20 00:32:14.817,1.06376,1.06402
2013.03.20 00:32:18.008,1.06376,1.06401
2013.03.20 00:32:18.637,1.06376,1.064
2013.03.20 00:32:18.938,1.06368,1.06394
2013.03.20 00:32:19.057,1.06366,1.06391
2013.03.20 00:32:19.118,1.06366,1.06391
2013.03.20 00:32:19.678,1.06365,1.06391
2013.03.20 00:32:19.857,1.06367,1.06391
2013.03.20 00:32:20.728,1.06369,1.06393
2013.03.20 00:32:22.810,1.0637,1.06393
2013.03.20 00:32:23.998,1.06374,1.06397
2013.03.20 00:32:27.297,1.06373,1.06396
2013.03.20 00:32:27.817,1.06372,1.06396
2013.03.20 00:32:27.938,1.0637,1.06393
2013.03.20 00:32:30.848,1.06366,1.06392
2013.03.20 00:32:31.820,1.06366,1.06392
2013.03.20 00:32:33.248,1.06364,1.06387
2013.03.20 00:32:33.804,1.06365,1.06389
2013.03.20 00:32:38.768,1.06361,1.06386
2013.03.20 00:32:40.188,1.06363,1.06386
2013.03.20 00:32:40.311,1.06365,1.06388
2013.03.20 00:32:40.970,1.06367,1.0639
2013.03.20 00:32:41.039,1.06369,1.06393
2013.03.20 00:32:41.099,1.06371,1.06395
2013.03.20 00:32:41.223,1.06373,1.06398
2013.03.20 00:32:41.733,1.06377,1.064
2013.03.20 00:32:42.318,1.06375,1.06397
2013.03.20 00:32:42.748,1.0637,1.06391
2013.03.20 00:32:43.968,1.06371,1.06395
2013.03.20 00:32:44.529,1.06374,1.06397
2013.03.20 00:32:45.797,1.06376,1.06398
2013.03.20 00:32:46.798,1.06376,1.064
2013.03.20 00:32:47.789,1.06376,1.064
2013.03.20 00:32:48.347,1.06376,1.064
2013.03.20 00:32:49.888,1.06376,1.06399
2013.03.20 00:32:51.358,1.06376,1.06399
2013.03.20 00:32:53.036,1.06371,1.06397
2013.03.20 00:32:53.096,1.06371,1.06395
2013.03.20 00:32:53.287,1.06369,1.06392
2013.03.20 00:32:53.766,1.06366,1.06389
2013.03.20 00:32:54.938,1.06366,1.0639
2013.03.20 00:33:00.616,1.06366,1.06389
2013.03.20 00:33:00.676,1.06366,1.06389
2013.03.20 00:33:00.987,1.06361,1.06384
2013.03.20 00:33:01.347,1.06361,1.06387
2013.03.20 00:33:01.706,1.06367,1.06388
2013.03.20 00:33:01.886,1.06367,1.06391
2013.03.20 00:33:02.564,1.06367,1.06393
2013.03.20 00:33:03.076,1.06367,1.06393
2013.03.20 00:33:03.267,1.06371,1.06393
2013.03.20 00:33:08.245,1.06371,1.06398
2013.03.20 00:33:09.095,1.06377,1.06399
2013.03.20 00:33:09.217,1.06378,1.06403
2013.03.20 00:33:09.596,1.06383,1.06409
2013.03.20 00:33:11.395,1.06386,1.06409
2013.03.20 00:33:11.455,1.06387,1.06409
2013.03.20 00:33:12.456,1.06387,1.06409
2013.03.20 00:33:13.445,1.06389,1.06413
2013.03.20 00:33:13.567,1.06389,1.06413
2013.03.20 00:33:13.806,1.06387,1.06409
2013.03.20 00:33:18.666,1.06389,1.0641
2013.03.20 00:33:18.907,1.06393,1.06409
2013.03.20 00:33:19.086,1.06393,1.06418
2013.03.20 00:33:19.457,1.06395,1.06419
2013.03.20 00:33:21.078,1.06394,1.06419
2013.03.20 00:33:21.616,1.06393,1.06418
2013.03.20 00:33:28.346,1.06393,1.06419
2013.03.20 00:33:28.466,1.06385,1.06407
2013.03.20 00:33:28.527,1.06382,1.06407
2013.03.20 00:33:28.586,1.06386,1.06408
2013.03.20 00:33:28.947,1.06383,1.06407
2013.03.20 00:33:29.376,1.06383,1.06407
2013.03.20 00:33:29.436,1.06383,1.06408
2013.03.20 00:33:29.976,1.06386,1.06409
2013.03.20 00:33:30.105,1.06386,1.0641
2013.03.20 00:33:32.396,1.06389,1.06409
2013.03.20 00:33:32.907,1.0639,1.06411
2013.03.20 00:33:33.205,1.0639,1.06414
2013.03.20 00:33:33.677,1.06391,1.06416
2013.03.20 00:33:34.567,1.06395,1.06419
2013.03.20 00:33:35.317,1.06396,1.0642
2013.03.20 00:33:35.677,1.064,1.06424
2013.03.20 00:33:36.266,1.06398,1.06424
2013.03.20 00:33:37.847,1.064,1.06424
2013.03.20 00:33:37.930,1.06398,1.06422
2013.03.20 00:33:38.636,1.06397,1.06421
2013.03.20 00:33:38.756,1.06395,1.06417
2013.03.20 00:33:46.628,1.0639,1.06416
2013.03.20 00:33:46.746,1.06393,1.06417
2013.03.20 00:33:47.047,1.06391,1.06416
2013.03.20 00:33:47.466,1.0639,1.06414
2013.03.20 00:33:53.976,1.06391,1.06417
2013.03.20 00:33:54.290,1.06396,1.06419
2013.03.20 00:34:04.187,1.06396,1.06418
2013.03.20 00:34:04.697,1.06396,1.06419
2013.03.20 00:34:05.916,1.06396,1.06418
2013.03.20 00:34:06.431,1.06396,1.06419
2013.03.20 00:34:12.122,1.06397,1.06421
2013.03.20 00:34:15.055,1.06397,1.06422
2013.03.20 00:34:34.606,1.06397,1.06419
2013.03.20 00:34:35.855,1.06398,1.06421
2013.03.20 00:34:36.035,1.06398,1.06422
2013.03.20 00:34:36.216,1.06401,1.06424
2013.03.20 00:34:36.565,1.06404,1.06426
2013.03.20 00:34:41.409,1.06404,1.06427
2013.03.20 00:34:43.336,1.06403,1.06426
2013.03.20 00:34:43.648,1.06404,1.06428
2013.03.20 00:34:45.146,1.06404,1.06429
2013.03.20 00:34:46.117,1.06403,1.06429
2013.03.20 00:34:46.980,1.06403,1.06424
2013.03.20 00:34:47.046,1.06399,1.06424
2013.03.20 00:34:47.586,1.06399,1.06424
2013.03.20 00:34:47.646,1.06399,1.06424
2013.03.20 00:34:48.087,1.06397,1.06422
2013.03.20 00:34:54.578,1.06399,1.06423
2013.03.20 00:34:55.796,1.06399,1.06423
2013.03.20 00:35:01.109,1.06399,1.06423
2013.03.20 00:35:01.476,1.06398,1.06422
2013.03.20 00:35:02.088,1.06397,1.0642
2013.03.20 00:35:02.897,1.06397,1.0642
2013.03.20 00:35:10.534,1.06397,1.06421
2013.03.20 00:35:13.886,1.06397,1.0642
2013.03.20 00:35:17.106,1.06394,1.06417
2013.03.20 00:35:21.978,1.06394,1.06419
2013.03.20 00:35:26.047,1.06394,1.0642
2013.03.20 00:35:30.556,1.06395,1.06419
2013.03.20 00:35:30.736,1.06394,1.06417
2013.03.20 00:35:33.096,1.06394,1.06417
2013.03.20 00:35:33.336,1.06394,1.06419
2013.03.20 00:35:38.336,1.06394,1.0642
2013.03.20 00:35:43.337,1.06396,1.0642
2013.03.20 00:35:48.986,1.06399,1.06423
2013.03.20 00:35:50.368,1.06399,1.06424
2013.03.20 00:35:50.499,1.064,1.06426
2013.03.20 00:35:50.856,1.06404,1.06429
2013.03.20 00:35:52.773,1.06404,1.06428
2013.03.20 00:35:53.337,1.06404,1.06428
2013.03.20 00:35:55.776,1.06399,1.06425
2013.03.20 00:35:55.897,1.06399,1.06424
2013.03.20 00:35:56.016,1.06399,1.06421
2013.03.20 00:35:56.077,1.06397,1.06419
2013.03.20 00:35:58.525,1.06397,1.06418
2013.03.20 00:35:59.706,1.06395,1.06418
2013.03.20 00:36:01.679,1.06395,1.06419
2013.03.20 00:36:05.136,1.06393,1.06419
2013.03.20 00:36:06.856,1.06395,1.06419
2013.03.20 00:36:07.385,1.06395,1.06419
2013.03.20 00:36:12.966,1.06395,1.06416
2013.03.20 00:36:13.137,1.06395,1.06418
2013.03.20 00:36:14.115,1.06395,1.06418
2013.03.20 00:36:14.237,1.06395,1.06419
2013.03.20 00:36:15.346,1.06395,1.06419
2013.03.20 00:36:19.715,1.06396,1.06421
2013.03.20 00:36:21.626,1.06396,1.06421
2013.03.20 00:36:22.796,1.06392,1.06417
2013.03.20 00:36:26.456,1.06391,1.06416
2013.03.20 00:36:28.020,1.06392,1.06416
2013.03.20 00:36:28.936,1.06392,1.06416
2013.03.20 00:36:30.536,1.06388,1.06413
2013.03.20 00:36:30.836,1.06386,1.0641
2013.03.20 00:36:31.716,1.06386,1.06409
2013.03.20 00:36:32.316,1.06386,1.0641
2013.03.20 00:36:32.826,1.06386,1.0641
2013.03.20 00:36:33.781,1.06387,1.06413
2013.03.20 00:36:37.838,1.06384,1.06407
2013.03.20 00:36:38.147,1.06381,1.06405
2013.03.20 00:36:38.208,1.06378,1.06402
2013.03.20 00:36:49.867,1.0638,1.06406
2013.03.20 00:36:50.085,1.0638,1.06404
2013.03.20 00:36:50.627,1.06382,1.06406
2013.03.20 00:36:53.646,1.06383,1.06407
2013.03.20 00:36:55.606,1.06382,1.06403
2013.03.20 00:36:55.846,1.06378,1.06403
2013.03.20 00:36:56.408,1.06378,1.06403
2013.03.20 00:36:58.617,1.06382,1.06402
2013.03.20 00:37:02.346,1.06377,1.06401
2013.03.20 00:37:02.616,1.06378,1.06402
2013.03.20 00:37:06.382,1.06377,1.06403
2013.03.20 00:37:24.116,1.06378,1.06401
2013.03.20 00:37:24.176,1.06382,1.06407
2013.03.20 00:37:24.700,1.06384,1.06408
2013.03.20 00:37:42.076,1.06385,1.06408
2013.03.20 00:37:42.656,1.06381,1.06405
2013.03.20 00:37:44.575,1.06381,1.06405
2013.03.20 00:37:47.648,1.06379,1.06405
2013.03.20 00:37:48.979,1.06379,1.06405
2013.03.20 00:37:50.036,1.06376,1.06399
2013.03.20 00:37:52.468,1.06376,1.06399
2013.03.20 00:37:54.016,1.06376,1.06399
2013.03.20 00:37:58.842,1.06374,1.06399
2013.03.20 00:37:59.031,1.06373,1.06397
2013.03.20 00:38:14.574,1.06372,1.06396
2013.03.20 00:38:23.047,1.06372,1.06398
2013.03.20 00:38:29.468,1.06371,1.06397
2013.03.20 00:38:30.216,1.06371,1.06395
2013.03.20 00:38:31.078,1.06371,1.06395
2013.03.20 00:38:34.284,1.06371,1.06395
2013.03.20 00:38:48.178,1.06371,1.06395
2013.03.20 00:38:50.246,1.0637,1.06394
2013.03.20 00:38:56.406,1.0637,1.06394
2013.03.20 00:38:57.581,1.06372,1.06394
2013.03.20 00:39:04.135,1.06369,1.06394
2013.03.20 00:39:04.620,1.0637,1.06394
2013.03.20 00:39:45.531,1.0637,1.06394
2013.03.20 00:39:48.436,1.06369,1.06394
2013.03.20 00:39:58.431,1.06368,1.06394
2013.03.20 00:39:59.556,1.06368,1.06394
2013.03.20 00:39:59.616,1.06369,1.06394
2013.03.20 00:40:01.176,1.06372,1.06398
2013.03.20 00:40:03.367,1.06374,1.06398
2013.03.20 00:40:09.841,1.06375,1.06398
2013.03.20 00:40:12.261,1.06373,1.06398
2013.03.20 00:40:17.894,1.06374,1.06399
2013.03.20 00:40:18.606,1.06377,1.06399
2013.03.20 00:40:21.086,1.06376,1.06399
2013.03.20 00:40:21.860,1.06375,1.06398
2013.03.20 00:40:23.840,1.06377,1.06398
2013.03.20 00:40:25.967,1.06374,1.06397
2013.03.20 00:40:30.176,1.0637,1.06395
2013.03.20 00:40:33.516,1.06368,1.06394
2013.03.20 00:40:41.905,1.06369,1.06395
2013.03.20 00:40:42.962,1.06368,1.06395
2013.03.20 00:40:44.328,1.06368,1.06394
2013.03.20 00:40:44.647,1.0637,1.06395
2013.03.20 00:40:44.977,1.06368,1.06395
2013.03.20 00:40:46.056,1.06369,1.06394
2013.03.20 00:40:55.588,1.0637,1.06394
2013.03.20 00:41:06.008,1.0637,1.06394
2013.03.20 00:41:28.066,1.06368,1.06392
2013.03.20 00:41:37.559,1.06369,1.06394
2013.03.20 00:41:37.746,1.06369,1.06392
2013.03.20 00:41:38.891,1.06369,1.06394
2013.03.20 00:41:46.010,1.06369,1.06393
2013.03.20 00:42:01.766,1.06368,1.06393
2013.03.20 00:42:01.886,1.06367,1.06392
2013.03.20 00:42:06.307,1.06368,1.06393
2013.03.20 00:42:08.458,1.06368,1.06392
2013.03.20 00:42:11.776,1.06366,1.06391
2013.03.20 00:42:12.374,1.06368,1.06391
2013.03.20 00:42:13.874,1.06367,1.06392
2013.03.20 00:42:28.657,1.06366,1.0639
2013.03.20 00:42:35.577,1.06367,1.06391
2013.03.20 00:42:35.916,1.06367,1.06391
2013.03.20 00:42:38.469,1.06367,1.06391
2013.03.20 00:42:46.237,1.06367,1.06391
2013.03.20 00:42:48.487,1.06367,1.06391
2013.03.20 00:43:01.897,1.06367,1.06393
2013.03.20 00:43:02.448,1.06368,1.06393
2013.03.20 00:43:13.277,1.06371,1.06395
2013.03.20 00:43:17.454,1.06371,1.06395
2013.03.20 00:43:30.798,1.06372,1.06396
2013.03.20 00:43:31.158,1.06377,1.06398
2013.03.20 00:43:31.217,1.06377,1.06401
2013.03.20 00:43:31.517,1.06381,1.06405
2013.03.20 00:43:31.817,1.06381,1.06404
2013.03.20 00:43:32.427,1.06381,1.06406
2013.03.20 00:43:32.944,1.06381,1.06407
2013.03.20 00:43:33.488,1.06383,1.06408
2013.03.20 00:43:39.267,1.06382,1.06407
2013.03.20 00:43:43.049,1.06382,1.06406
2013.03.20 00:43:43.597,1.06381,1.06403
2013.03.20 00:43:44.136,1.06381,1.06404
2013.03.20 00:43:44.837,1.06381,1.06407
2013.03.20 00:43:44.897,1.06381,1.06406
2013.03.20 00:43:45.077,1.06382,1.06407
2013.03.20 00:43:45.567,1.06382,1.06407
2013.03.20 00:43:45.747,1.0638,1.06405
2013.03.20 00:43:46.147,1.06381,1.06404
2013.03.20 00:43:47.517,1.0638,1.06404
2013.03.20 00:43:51.558,1.06378,1.06404
2013.03.20 00:43:53.567,1.06379,1.06405
2013.03.20 00:44:02.057,1.06379,1.06405
2013.03.20 00:44:04.385,1.06379,1.06405
2013.03.20 00:44:04.577,1.06381,1.06405
2013.03.20 00:44:06.717,1.06379,1.06403
2013.03.20 00:44:14.512,1.06379,1.06403
2013.03.20 00:44:16.347,1.06379,1.06403
2013.03.20 00:44:17.159,1.06379,1.06403
2013.03.20 00:44:17.233,1.06379,1.06403
2013.03.20 00:44:18.577,1.06379,1.06403
2013.03.20 00:44:29.855,1.06379,1.06403
2013.03.20 00:44:39.675,1.06379,1.06403
2013.03.20 00:44:40.207,1.06379,1.06402
2013.03.20 00:44:40.508,1.06379,1.06404
2013.03.20 00:44:41.368,1.06379,1.06404
2013.03.20 00:44:43.433,1.06379,1.06404
2013.03.20 00:44:43.499,1.0638,1.06405
2013.03.20 00:44:46.556,1.06382,1.06406
2013.03.20 00:44:46.617,1.06384,1.06408
2013.03.20 00:44:46.922,1.06386,1.0641
2013.03.20 00:44:46.988,1.06386,1.0641
2013.03.20 00:44:47.347,1.06388,1.0641
2013.03.20 00:44:47.468,1.06389,1.06413
2013.03.20 00:44:48.577,1.06389,1.06413
2013.03.20 00:44:48.816,1.06386,1.06409
2013.03.20 00:44:49.508,1.06386,1.06409
2013.03.20 00:44:49.814,1.06384,1.06407
2013.03.20 00:44:50.787,1.06383,1.06405
2013.03.20 00:44:51.337,1.06382,1.06407
2013.03.20 00:44:51.517,1.06384,1.06408
2013.03.20 00:44:58.149,1.06384,1.06408
2013.03.20 00:45:02.534,1.06384,1.06409
2013.03.20 00:45:21.878,1.06387,1.06411
2013.03.20 00:45:22.117,1.06389,1.06413
2013.03.20 00:45:22.808,1.06389,1.06415
2013.03.20 00:45:34.548,1.06389,1.06413
2013.03.20 00:45:34.693,1.0639,1.06414
2013.03.20 00:45:40.918,1.06387,1.06413
2013.03.20 00:45:40.977,1.06387,1.06409
2013.03.20 00:45:55.874,1.06385,1.06408
2013.03.20 00:45:57.478,1.06385,1.06408
2013.03.20 00:46:10.215,1.06384,1.06408
2013.03.20 00:46:18.666,1.06384,1.06408
2013.03.20 00:46:23.153,1.06384,1.06408
2013.03.20 00:46:26.765,1.06384,1.06408
2013.03.20 00:46:27.008,1.06388,1.06411
2013.03.20 00:46:27.068,1.06389,1.06414
2013.03.20 00:46:27.489,1.06388,1.06413
2013.03.20 00:46:27.848,1.06388,1.06412
2013.03.20 00:46:28.147,1.06388,1.06412
2013.03.20 00:46:28.388,1.06389,1.06413
2013.03.20 00:46:29.318,1.06389,1.06414
2013.03.20 00:46:32.128,1.0639,1.06415
2013.03.20 00:46:38.047,1.06388,1.06414
2013.03.20 00:46:38.107,1.06388,1.06413
2013.03.20 00:46:38.636,1.06388,1.06413
2013.03.20 00:46:42.967,1.06388,1.06413
2013.03.20 00:46:46.565,1.06388,1.06414
2013.03.20 00:46:46.747,1.06388,1.06414
2013.03.20 00:46:47.157,1.06389,1.06414
2013.03.20 00:46:47.868,1.06391,1.06416
2013.03.20 00:46:55.887,1.06391,1.06416
2013.03.20 00:47:14.677,1.06391,1.06416
2013.03.20 00:47:15.604,1.06391,1.06414
2013.03.20 00:47:15.787,1.06389,1.06412
2013.03.20 00:47:29.368,1.06392,1.06414
2013.03.20 00:47:29.427,1.06392,1.06416
2013.03.20 00:47:29.607,1.06392,1.06417
2013.03.20 00:47:29.848,1.06392,1.06416
2013.03.20 00:47:37.283,1.06392,1.06416
2013.03.20 00:47:37.467,1.06393,1.06418
2013.03.20 00:47:38.037,1.06396,1.06419
2013.03.20 00:47:38.097,1.06397,1.06419
2013.03.20 00:47:38.158,1.06397,1.06423
2013.03.20 00:47:38.337,1.06397,1.06419
2013.03.20 00:47:39.594,1.06395,1.06417
2013.03.20 00:47:39.657,1.06392,1.06417
2013.03.20 00:47:40.197,1.06391,1.06413
2013.03.20 00:47:44.261,1.06388,1.06413
2013.03.20 00:47:52.071,1.06392,1.06413
2013.03.20 00:47:52.735,1.06392,1.06414
2013.03.20 00:48:09.126,1.06393,1.06418
2013.03.20 00:48:09.637,1.06394,1.06419
2013.03.20 00:48:14.823,1.06394,1.0642
2013.03.20 00:48:16.380,1.06395,1.06419
2013.03.20 00:48:16.497,1.06395,1.06419
2013.03.20 00:48:24.908,1.06395,1.06418
2013.03.20 00:48:25.721,1.06395,1.06418
2013.03.20 00:48:28.602,1.06395,1.0642
2013.03.20 00:48:31.688,1.06396,1.06421
2013.03.20 00:48:32.997,1.06396,1.0642
2013.03.20 00:48:38.677,1.064,1.06424
2013.03.20 00:48:41.489,1.064,1.06424
2013.03.20 00:48:43.263,1.064,1.06424
2013.03.20 00:48:51.207,1.064,1.06422
2013.03.20 00:48:52.227,1.064,1.06421
2013.03.20 00:48:52.727,1.064,1.06424
2013.03.20 00:48:53.107,1.06397,1.06421
2013.03.20 00:48:54.727,1.064,1.06424
2013.03.20 00:48:57.027,1.06401,1.06424
2013.03.20 00:49:02.438,1.06403,1.06428
2013.03.20 00:49:06.521,1.06404,1.06428
2013.03.20 00:49:06.768,1.06411,1.06432
2013.03.20 00:49:06.948,1.06413,1.06432
2013.03.20 00:49:07.547,1.06414,1.06435
2013.03.20 00:49:07.901,1.06418,1.06435
2013.03.20 00:49:08.967,1.06415,1.06435
2013.03.20 00:49:09.637,1.06414,1.06434
2013.03.20 00:49:13.357,1.06415,1.06435
2013.03.20 00:49:13.538,1.06416,1.06437
2013.03.20 00:49:13.597,1.06416,1.06439
2013.03.20 00:49:15.857,1.06418,1.06439
2013.03.20 00:49:16.531,1.06419,1.06439
2013.03.20 00:49:17.007,1.0642,1.06442
2013.03.20 00:49:17.127,1.0642,1.06444
2013.03.20 00:49:37.011,1.0642,1.06444
2013.03.20 00:49:40.447,1.06419,1.06442
2013.03.20 00:49:41.281,1.06418,1.06442
2013.03.20 00:49:42.271,1.06421,1.06442
2013.03.20 00:49:43.378,1.06421,1.06442
2013.03.20 00:49:44.361,1.0642,1.0644
2013.03.20 00:49:44.902,1.06419,1.0644
2013.03.20 00:49:46.125,1.06416,1.06439
2013.03.20 00:49:54.907,1.06414,1.06439
2013.03.20 00:49:55.547,1.06416,1.06439
2013.03.20 00:50:00.197,1.06415,1.06439
2013.03.20 00:50:00.767,1.06415,1.06437
2013.03.20 00:50:21.047,1.06416,1.06437
2013.03.20 00:50:39.888,1.06415,1.06438
2013.03.20 00:50:41.137,1.06415,1.06439
2013.03.20 00:50:54.837,1.06418,1.06442
2013.03.20 00:50:55.465,1.06418,1.06442
2013.03.20 00:50:57.427,1.06418,1.06442
2013.03.20 00:50:58.310,1.06416,1.06439
2013.03.20 00:51:05.368,1.06418,1.06439
2013.03.20 00:51:06.030,1.06416,1.06435
2013.03.20 00:51:09.299,1.06412,1.06435
2013.03.20 00:51:11.290,1.06413,1.06436
2013.03.20 00:51:20.859,1.06412,1.06435
2013.03.20 00:51:24.607,1.06412,1.06436
2013.03.20 00:51:25.107,1.06411,1.06435
2013.03.20 00:51:26.067,1.06411,1.06435
2013.03.20 00:51:33.289,1.06411,1.06435
2013.03.20 00:51:38.349,1.06416,1.06435
2013.03.20 00:51:38.468,1.06413,1.06434
2013.03.20 00:51:39.148,1.06414,1.06435
2013.03.20 00:51:39.694,1.06412,1.06435
2013.03.20 00:51:42.606,1.06411,1.06435
2013.03.20 00:51:43.377,1.0641,1.06434
2013.03.20 00:51:46.108,1.0641,1.06435
2013.03.20 00:51:49.097,1.06413,1.06436
2013.03.20 00:52:05.987,1.06416,1.06435
2013.03.20 00:52:07.678,1.06411,1.06434
2013.03.20 00:52:11.127,1.06413,1.06434
2013.03.20 00:52:12.848,1.06409,1.06434
2013.03.20 00:52:19.756,1.06411,1.06434
2013.03.20 00:52:24.755,1.06413,1.06434
2013.03.20 00:52:27.729,1.06411,1.06434
2013.03.20 00:52:32.189,1.06412,1.06434
2013.03.20 00:52:38.178,1.0641,1.06434
2013.03.20 00:52:39.068,1.0641,1.06435
2013.03.20 00:52:39.379,1.06412,1.06436
2013.03.20 00:52:42.039,1.06414,1.06436
2013.03.20 00:52:42.097,1.06414,1.06439
2013.03.20 00:52:42.338,1.06422,1.06446
2013.03.20 00:52:42.708,1.06422,1.06444
2013.03.20 00:52:43.338,1.06422,1.06442
2013.03.20 00:52:44.527,1.06423,1.06447
2013.03.20 00:52:47.248,1.06422,1.06444
2013.03.20 00:52:49.047,1.06423,1.06444
2013.03.20 00:52:50.536,1.06422,1.06444
2013.03.20 00:52:58.338,1.06422,1.06443
2013.03.20 00:52:58.397,1.0642,1.06443
2013.03.20 00:53:03.768,1.06422,1.06443
2013.03.20 00:53:06.220,1.06419,1.06443
2013.03.20 00:53:08.279,1.06421,1.06444
2013.03.20 00:53:09.798,1.06423,1.06444
2013.03.20 00:53:13.648,1.06418,1.06444
2013.03.20 00:53:18.820,1.06419,1.06441
2013.03.20 00:53:18.895,1.06421,1.06444
2013.03.20 00:53:18.957,1.06421,1.06444
2013.03.20 00:53:19.138,1.06421,1.06444
2013.03.20 00:53:19.687,1.06421,1.06444
2013.03.20 00:53:24.188,1.06421,1.06441
2013.03.20 00:53:30.048,1.06417,1.06439
2013.03.20 00:53:32.028,1.06417,1.06441
2013.03.20 00:53:53.649,1.06419,1.06443
2013.03.20 00:53:53.707,1.06419,1.06443
2013.03.20 00:53:53.769,1.06424,1.06444
2013.03.20 00:53:53.948,1.06424,1.06445
2013.03.20 00:53:54.308,1.06424,1.06447
2013.03.20 00:53:54.368,1.06424,1.06448
2013.03.20 00:53:56.847,1.06426,1.06444
2013.03.20 00:53:57.207,1.06422,1.06441
2013.03.20 00:53:57.712,1.0642,1.06441
2013.03.20 00:54:01.258,1.06421,1.06441
2013.03.20 00:54:01.568,1.06422,1.06441
2013.03.20 00:54:01.769,1.06422,1.06446
2013.03.20 00:54:02.371,1.06424,1.06447
2013.03.20 00:54:02.617,1.06424,1.06447
2013.03.20 00:54:02.917,1.06427,1.0645
2013.03.20 00:54:03.708,1.06432,1.06451
2013.03.20 00:54:08.708,1.06431,1.06451
2013.03.20 00:54:09.175,1.06429,1.06447
2013.03.20 00:54:09.508,1.06429,1.06451
2013.03.20 00:54:10.037,1.06429,1.06453
2013.03.20 00:54:15.857,1.06429,1.06453
2013.03.20 00:54:18.927,1.06436,1.06457
2013.03.20 00:54:19.776,1.06436,1.06457
2013.03.20 00:54:20.557,1.0644,1.0646
2013.03.20 00:54:21.097,1.06438,1.06459
2013.03.20 00:54:21.609,1.06438,1.06459
2013.03.20 00:54:21.667,1.06437,1.06459
2013.03.20 00:54:23.184,1.06437,1.06459
2013.03.20 00:54:23.752,1.06437,1.06459
2013.03.20 00:54:24.297,1.06435,1.06458
2013.03.20 00:54:29.618,1.06436,1.06458
2013.03.20 00:54:34.307,1.06433,1.06455
2013.03.20 00:54:34.439,1.06433,1.06453
2013.03.20 00:54:34.498,1.06429,1.06451
2013.03.20 00:54:34.557,1.06428,1.06448
2013.03.20 00:54:34.798,1.06426,1.06448
2013.03.20 00:54:34.857,1.06427,1.0645
2013.03.20 00:54:35.737,1.06429,1.06451
2013.03.20 00:54:35.968,1.06429,1.06453
2013.03.20 00:54:44.557,1.06431,1.06453
2013.03.20 00:54:54.768,1.06434,1.06457
2013.03.20 00:54:55.445,1.06436,1.06458
2013.03.20 00:55:07.159,1.06434,1.06457
2013.03.20 00:55:07.217,1.06434,1.06456
2013.03.20 00:55:28.019,1.06433,1.06457
2013.03.20 00:55:39.087,1.06433,1.06459
2013.03.20 00:55:39.856,1.06439,1.06462
2013.03.20 00:55:42.658,1.06439,1.06462
2013.03.20 00:55:43.220,1.06437,1.06462
2013.03.20 00:55:46.345,1.06437,1.06459
2013.03.20 00:55:46.886,1.06437,1.06459
2013.03.20 00:55:55.707,1.06436,1.06458
2013.03.20 00:56:30.444,1.06437,1.06458
2013.03.20 00:56:34.859,1.06437,1.06458
2013.03.20 00:56:36.508,1.06437,1.06458
2013.03.20 00:56:55.531,1.06435,1.06461
2013.03.20 00:57:04.807,1.06434,1.06458
2013.03.20 00:57:08.831,1.06434,1.06458
2013.03.20 00:57:12.594,1.06436,1.06462
2013.03.20 00:57:32.208,1.06436,1.0646
2013.03.20 00:57:35.584,1.06437,1.0646
2013.03.20 00:57:36.023,1.06437,1.06461
2013.03.20 00:57:36.587,1.06437,1.0646
2013.03.20 00:57:40.747,1.06437,1.06462
2013.03.20 00:57:43.327,1.06437,1.06462
2013.03.20 00:57:51.926,1.06438,1.06461
2013.03.20 00:57:58.157,1.06438,1.06461
2013.03.20 00:58:01.698,1.06438,1.06458
2013.03.20 00:58:02.258,1.06438,1.06458
2013.03.20 00:58:02.804,1.06441,1.06458
2013.03.20 00:58:04.217,1.06437,1.06458
2013.03.20 00:58:18.187,1.06437,1.06458
2013.03.20 00:58:30.214,1.06438,1.06459
2013.03.20 00:58:31.669,1.06434,1.06458
2013.03.20 00:58:31.848,1.06434,1.06453
2013.03.20 00:58:31.968,1.06431,1.06453
2013.03.20 00:58:32.027,1.06432,1.06453
2013.03.20 00:58:32.388,1.06432,1.06455
2013.03.20 00:58:33.927,1.06431,1.06453
2013.03.20 00:58:35.732,1.06429,1.06453
2013.03.20 00:58:48.189,1.0643,1.06453
2013.03.20 00:58:50.355,1.06431,1.06453
2013.03.20 00:58:51.592,1.0643,1.06453
2013.03.20 00:58:54.562,1.06431,1.06454
2013.03.20 00:58:56.178,1.06431,1.06454
2013.03.20 00:58:57.780,1.06431,1.06454
2013.03.20 00:58:58.898,1.06433,1.06455
2013.03.20 00:58:59.018,1.06433,1.06457
2013.03.20 00:58:59.637,1.06433,1.06457
2013.03.20 00:59:00.832,1.06433,1.06457
2013.03.20 00:59:01.367,1.06432,1.06453
2013.03.20 00:59:10.329,1.06433,1.06453
2013.03.20 00:59:14.359,1.06432,1.06453
2013.03.20 00:59:15.979,1.06431,1.06453
2013.03.20 00:59:24.593,1.06431,1.06455
2013.03.20 00:59:24.659,1.06428,1.06452
2013.03.20 00:59:24.720,1.06424,1.06447
2013.03.20 00:59:25.330,1.06426,1.06447
2013.03.20 00:59:26.479,1.06426,1.06449
2013.03.20 00:59:26.698,1.06426,1.06451
2013.03.20 00:59:28.567,1.06428,1.06451
2013.03.20 00:59:29.128,1.0643,1.06453
2013.03.20 00:59:34.276,1.06432,1.06453
2013.03.20 00:59:34.618,1.06433,1.06456
2013.03.20 00:59:48.909,1.06433,1.06453
2013.03.20 01:00:02.738,1.06432,1.06455
2013.03.20 01:00:10.432,1.06432,1.06455
2013.03.20 01:00:11.090,1.0643,1.06455
2013.03.20 01:00:11.628,1.0643,1.06449
2013.03.20 01:00:11.689,1.06427,1.06449
2013.03.20 01:00:13.719,1.06427,1.06449
2013.03.20 01:00:14.928,1.06428,1.06449
2013.03.20 01:00:18.081,1.06429,1.06451
2013.03.20 01:00:23.528,1.06433,1.06452
2013.03.20 01:00:23.848,1.06431,1.06454
2013.03.20 01:00:24.028,1.06431,1.06455
2013.03.20 01:00:25.905,1.06431,1.06455
2013.03.20 01:00:26.771,1.06431,1.06456
2013.03.20 01:00:30.858,1.06432,1.06455
2013.03.20 01:00:30.942,1.06434,1.06455
2013.03.20 01:00:32.418,1.06435,1.06456
2013.03.20 01:00:33.841,1.06434,1.06455
2013.03.20 01:00:33.959,1.06432,1.06455
2013.03.20 01:00:37.246,1.06432,1.06455
2013.03.20 01:00:37.368,1.06433,1.06456
2013.03.20 01:00:38.965,1.06432,1.06455
2013.03.20 01:00:39.627,1.06431,1.06455
2013.03.20 01:00:45.339,1.06431,1.06455
2013.03.20 01:00:45.638,1.06433,1.06455
2013.03.20 01:00:45.699,1.06429,1.06455
2013.03.20 01:00:45.878,1.06429,1.06455
2013.03.20 01:00:46.238,1.0643,1.06455
2013.03.20 01:00:50.602,1.06431,1.06455
2013.03.20 01:00:53.098,1.06432,1.06455
2013.03.20 01:00:54.769,1.06433,1.06455
2013.03.20 01:01:02.033,1.06432,1.06455
2013.03.20 01:01:09.710,1.06429,1.06453
2013.03.20 01:01:10.248,1.0643,1.06456
2013.03.20 01:01:10.559,1.0643,1.06456
2013.03.20 01:01:10.619,1.0643,1.06456
2013.03.20 01:01:10.678,1.0643,1.06451
2013.03.20 01:01:11.351,1.06429,1.06449
2013.03.20 01:01:12.780,1.0643,1.06451
2013.03.20 01:01:16.082,1.06427,1.06449
2013.03.20 01:01:18.359,1.06427,1.06449
2013.03.20 01:01:24.395,1.06429,1.06449
2013.03.20 01:01:24.570,1.06429,1.06449
2013.03.20 01:01:28.559,1.0643,1.06453
2013.03.20 01:01:29.813,1.06429,1.06453
2013.03.20 01:01:31.420,1.06429,1.06453
2013.03.20 01:01:36.561,1.06431,1.06454
2013.03.20 01:01:37.137,1.06431,1.06454
2013.03.20 01:01:41.947,1.06432,1.06454
2013.03.20 01:01:45.048,1.06432,1.06456
2013.03.20 01:01:48.519,1.06434,1.06454
2013.03.20 01:01:48.970,1.06432,1.06454
2013.03.20 01:01:53.319,1.06433,1.06454
2013.03.20 01:01:55.042,1.06433,1.06454
2013.03.20 01:01:55.219,1.06431,1.06454
2013.03.20 01:01:55.758,1.06434,1.06456
2013.03.20 01:01:57.808,1.06438,1.06456
2013.03.20 01:01:58.399,1.06441,1.06461
2013.03.20 01:01:59.208,1.06441,1.06461
2013.03.20 01:01:59.509,1.06444,1.06461
2013.03.20 01:01:59.569,1.06444,1.06464
2013.03.20 01:02:00.048,1.06448,1.0647
2013.03.20 01:02:01.528,1.06448,1.0647
2013.03.20 01:02:02.139,1.06448,1.06467
2013.03.20 01:02:04.938,1.06451,1.06467
2013.03.20 01:02:06.876,1.06447,1.06465
2013.03.20 01:02:06.949,1.06441,1.06463
2013.03.20 01:02:10.148,1.06443,1.06465
2013.03.20 01:02:15.869,1.06446,1.06465
2013.03.20 01:02:18.959,1.06445,1.06465
2013.03.20 01:02:19.858,1.06445,1.06465
2013.03.20 01:02:26.480,1.06442,1.06464
2013.03.20 01:02:29.918,1.0644,1.06464
2013.03.20 01:02:31.889,1.06439,1.06464
2013.03.20 01:02:36.210,1.06441,1.06464
2013.03.20 01:02:39.417,1.06439,1.06464
2013.03.20 01:02:41.078,1.06441,1.06464
2013.03.20 01:02:42.838,1.06441,1.06464
2013.03.20 01:02:42.959,1.06443,1.06464
2013.03.20 01:02:43.349,1.06443,1.06463
2013.03.20 01:02:43.469,1.06438,1.06458
2013.03.20 01:02:44.238,1.06441,1.06458
2013.03.20 01:02:50.820,1.06443,1.06458
2013.03.20 01:02:56.929,1.06443,1.06464
2013.03.20 01:02:57.801,1.06445,1.06464
2013.03.20 01:03:00.692,1.06444,1.06464
2013.03.20 01:03:07.290,1.06445,1.06464
2013.03.20 01:03:09.770,1.06446,1.06465
2013.03.20 01:03:10.819,1.06445,1.06463
2013.03.20 01:03:12.629,1.06442,1.06463
2013.03.20 01:03:15.988,1.06444,1.06463
2013.03.20 01:03:18.942,1.06446,1.06463
2013.03.20 01:03:24.060,1.06447,1.06463
2013.03.20 01:03:25.229,1.06444,1.06463
2013.03.20 01:03:34.029,1.06445,1.06465
2013.03.20 01:03:34.238,1.06443,1.06465
2013.03.20 01:03:34.689,1.06439,1.06465
2013.03.20 01:03:35.029,1.06439,1.06465
2013.03.20 01:03:35.349,1.06439,1.06459
2013.03.20 01:03:36.779,1.06439,1.06459
2013.03.20 01:03:36.901,1.06436,1.06459
2013.03.20 01:03:38.236,1.06435,1.06455
2013.03.20 01:03:38.998,1.06433,1.06455
2013.03.20 01:03:40.029,1.06433,1.06454
2013.03.20 01:03:43.013,1.06437,1.06454
2013.03.20 01:03:45.679,1.06434,1.06454
2013.03.20 01:03:47.869,1.06435,1.06454
2013.03.20 01:04:00.620,1.06436,1.06454
2013.03.20 01:04:07.942,1.06433,1.06454
2013.03.20 01:04:15.708,1.06434,1.06455
2013.03.20 01:04:17.799,1.06436,1.06455
2013.03.20 01:04:30.238,1.06439,1.06456
2013.03.20 01:04:32.069,1.06438,1.06456
2013.03.20 01:04:34.828,1.06439,1.06456
2013.03.20 01:04:36.239,1.0644,1.06456
2013.03.20 01:04:37.034,1.0644,1.06458
2013.03.20 01:04:39.089,1.06437,1.06458
2013.03.20 01:04:40.823,1.06437,1.06458
2013.03.20 01:04:41.670,1.06437,1.06459
2013.03.20 01:04:46.052,1.0644,1.06459
2013.03.20 01:04:48.178,1.06437,1.06459
2013.03.20 01:04:53.398,1.06438,1.06459
2013.03.20 01:04:54.408,1.06437,1.06459
2013.03.20 01:04:56.839,1.06439,1.06459
2013.03.20 01:05:01.398,1.06436,1.0646
2013.03.20 01:05:01.908,1.06436,1.06458
2013.03.20 01:05:02.080,1.06436,1.06459
2013.03.20 01:05:02.139,1.06438,1.06459
2013.03.20 01:05:07.412,1.06441,1.06459
2013.03.20 01:05:07.938,1.06438,1.06459
2013.03.20 01:05:11.435,1.06441,1.06459
2013.03.20 01:05:16.830,1.06441,1.06458
2013.03.20 01:05:16.889,1.06436,1.06458
2013.03.20 01:05:19.055,1.06434,1.06457
2013.03.20 01:05:22.929,1.06436,1.06456
2013.03.20 01:05:32.109,1.06435,1.06456
2013.03.20 01:05:35.158,1.06434,1.06456
2013.03.20 01:05:35.829,1.06434,1.06456
2013.03.20 01:05:38.128,1.0643,1.06456
2013.03.20 01:05:39.096,1.06431,1.06456
2013.03.20 01:05:39.603,1.06431,1.06455
2013.03.20 01:05:40.526,1.06431,1.06455
2013.03.20 01:05:41.516,1.06432,1.06455
2013.03.20 01:05:45.622,1.0643,1.06453
2013.03.20 01:05:46.367,1.0643,1.06453
2013.03.20 01:05:52.199,1.06428,1.06453
2013.03.20 01:05:52.259,1.06428,1.06452
2013.03.20 01:05:53.155,1.06428,1.06453
2013.03.20 01:05:53.813,1.06428,1.06454
2013.03.20 01:05:54.596,1.06428,1.06453
2013.03.20 01:05:54.725,1.06428,1.06452
2013.03.20 01:05:55.889,1.06427,1.06449
2013.03.20 01:06:00.468,1.06428,1.06449
2013.03.20 01:06:01.628,1.06425,1.06449
2013.03.20 01:06:01.689,1.06425,1.06446
2013.03.20 01:06:06.281,1.06425,1.06449
2013.03.20 01:06:06.659,1.06428,1.06449
2013.03.20 01:06:06.782,1.06426,1.06449
2013.03.20 01:06:07.010,1.06428,1.06449
2013.03.20 01:06:10.147,1.0643,1.06449
2013.03.20 01:06:12.099,1.06429,1.06449
2013.03.20 01:06:16.508,1.0643,1.06453
2013.03.20 01:06:17.835,1.06429,1.06453
2013.03.20 01:06:17.901,1.06429,1.06454
2013.03.20 01:06:27.530,1.06431,1.06454
2013.03.20 01:06:28.285,1.0643,1.06453
2013.03.20 01:06:29.097,1.0643,1.06453
2013.03.20 01:06:34.320,1.06431,1.06453
2013.03.20 01:06:37.759,1.06432,1.06453
2013.03.20 01:06:38.852,1.06432,1.06454
2013.03.20 01:06:47.059,1.06434,1.06454
2013.03.20 01:06:48.152,1.06433,1.06454
2013.03.20 01:06:53.174,1.06431,1.06454
2013.03.20 01:06:55.001,1.06431,1.06455
2013.03.20 01:06:57.116,1.06431,1.06455
2013.03.20 01:06:57.239,1.0643,1.06455
2013.03.20 01:07:00.525,1.06431,1.06456
2013.03.20 01:07:01.254,1.06432,1.06456
2013.03.20 01:07:03.759,1.06432,1.06456
2013.03.20 01:07:06.319,1.06432,1.06456
2013.03.20 01:07:11.627,1.06433,1.06456
2013.03.20 01:07:12.349,1.06435,1.06457
2013.03.20 01:07:13.119,1.06434,1.06453
2013.03.20 01:07:13.420,1.06434,1.06452
2013.03.20 01:07:13.480,1.06429,1.06452
2013.03.20 01:07:13.659,1.06434,1.06452
2013.03.20 01:07:13.779,1.06436,1.06458
2013.03.20 01:07:14.029,1.06436,1.06459
2013.03.20 01:07:19.108,1.06436,1.06459
2013.03.20 01:07:20.258,1.06435,1.06459
2013.03.20 01:07:29.029,1.06436,1.0646
2013.03.20 01:07:35.888,1.06436,1.06459
2013.03.20 01:07:43.900,1.06433,1.06459
2013.03.20 01:07:53.544,1.06433,1.06458
2013.03.20 01:07:54.045,1.06433,1.06458
2013.03.20 01:08:03.435,1.0644,1.06458
2013.03.20 01:08:03.965,1.0644,1.06464
2013.03.20 01:08:05.961,1.06441,1.06464
2013.03.20 01:08:08.262,1.0644,1.06464
2013.03.20 01:08:25.108,1.0644,1.06462
2013.03.20 01:08:29.130,1.06439,1.06462
2013.03.20 01:08:30.990,1.0644,1.06462
2013.03.20 01:08:32.343,1.06441,1.06463
2013.03.20 01:08:43.769,1.06441,1.06463
2013.03.20 01:09:04.039,1.0644,1.06463
2013.03.20 01:09:16.680,1.06442,1.06463
2013.03.20 01:09:17.200,1.06441,1.06463
2013.03.20 01:09:24.579,1.06441,1.06462
2013.03.20 01:09:29.303,1.06437,1.06461
2013.03.20 01:09:31.735,1.06437,1.06461
2013.03.20 01:09:36.960,1.06436,1.0646
2013.03.20 01:09:37.732,1.06436,1.06458
2013.03.20 01:09:38.359,1.06434,1.06457
2013.03.20 01:09:44.899,1.06437,1.06457
2013.03.20 01:09:46.219,1.06436,1.06457
2013.03.20 01:09:55.560,1.06437,1.06462
2013.03.20 01:09:57.171,1.06436,1.06462
2013.03.20 01:10:03.106,1.06436,1.06458
2013.03.20 01:10:03.869,1.06431,1.06457
2013.03.20 01:10:04.784,1.06431,1.06456
2013.03.20 01:10:06.080,1.06432,1.06456
2013.03.20 01:10:07.318,1.06433,1.06457
2013.03.20 01:10:07.859,1.06435,1.06458
2013.03.20 01:10:08.720,1.06436,1.06459
2013.03.20 01:10:09.109,1.06433,1.06457
2013.03.20 01:10:09.230,1.0643,1.06453
2013.03.20 01:10:10.148,1.06427,1.06452
2013.03.20 01:10:12.225,1.06432,1.06453
2013.03.20 01:10:12.659,1.06433,1.06457
2013.03.20 01:10:12.839,1.06435,1.06458
2013.03.20 01:10:15.398,1.06433,1.06457
2013.03.20 01:10:15.729,1.06433,1.06454
2013.03.20 01:10:16.089,1.06427,1.06452
2013.03.20 01:10:16.629,1.06426,1.06449
2013.03.20 01:10:17.029,1.06426,1.06451
2013.03.20 01:10:18.021,1.06427,1.06452
2013.03.20 01:10:20.379,1.06427,1.06452
2013.03.20 01:10:20.559,1.06429,1.06453
2013.03.20 01:10:21.579,1.06427,1.06452
2013.03.20 01:10:23.945,1.06426,1.06452
2013.03.20 01:10:24.790,1.06428,1.06452
2013.03.20 01:10:24.849,1.0643,1.06453
2013.03.20 01:10:25.299,1.06428,1.06452
2013.03.20 01:10:25.479,1.06427,1.06451
2013.03.20 01:10:29.409,1.06428,1.06452
2013.03.20 01:10:29.470,1.0643,1.06453
2013.03.20 01:10:31.329,1.06427,1.06452
2013.03.20 01:10:31.869,1.06426,1.06449
2013.03.20 01:10:34.111,1.06426,1.06448
2013.03.20 01:10:41.641,1.06424,1.06448
2013.03.20 01:10:42.179,1.06427,1.06452
2013.03.20 01:10:42.869,1.06428,1.06452
2013.03.20 01:10:42.930,1.06431,1.06454
2013.03.20 01:10:42.992,1.06431,1.06455
2013.03.20 01:10:43.579,1.06433,1.06457
2013.03.20 01:10:43.940,1.06427,1.06452
2013.03.20 01:10:44.260,1.06431,1.06455
2013.03.20 01:10:44.961,1.0643,1.06453
2013.03.20 01:10:45.371,1.06428,1.06451
2013.03.20 01:11:00.955,1.06427,1.0645
2013.03.20 01:11:02.111,1.06427,1.0645
2013.03.20 01:11:08.337,1.06426,1.0645
2013.03.20 01:11:20.724,1.06427,1.06452
2013.03.20 01:11:28.382,1.06428,1.06453
2013.03.20 01:11:33.872,1.06428,1.06452
2013.03.20 01:11:39.677,1.06428,1.06452
2013.03.20 01:11:40.929,1.06428,1.06453
2013.03.20 01:11:43.549,1.06429,1.06453
2013.03.20 01:11:55.550,1.06432,1.06453
2013.03.20 01:11:56.980,1.06432,1.06453
2013.03.20 01:11:57.936,1.06431,1.06453
2013.03.20 01:12:00.980,1.06432,1.06456
2013.03.20 01:12:02.099,1.06432,1.06456
2013.03.20 01:12:03.621,1.06429,1.06454
2013.03.20 01:12:24.230,1.06431,1.06454
2013.03.20 01:12:24.350,1.06432,1.06454
2013.03.20 01:12:30.599,1.06431,1.06454
2013.03.20 01:12:30.661,1.0643,1.06454
2013.03.20 01:12:40.020,1.0643,1.06455
2013.03.20 01:12:41.194,1.06431,1.06457
2013.03.20 01:12:45.489,1.06433,1.06458
2013.03.20 01:12:45.870,1.06433,1.06457
2013.03.20 01:12:46.556,1.06432,1.06455
2013.03.20 01:12:54.041,1.06431,1.06455
2013.03.20 01:13:06.771,1.06432,1.06457
2013.03.20 01:13:14.461,1.06433,1.06457
2013.03.20 01:13:18.111,1.06434,1.06459
2013.03.20 01:13:22.129,1.06434,1.06459
2013.03.20 01:13:26.147,1.06434,1.06458
2013.03.20 01:13:28.852,1.06435,1.06459
2013.03.20 01:13:35.919,1.06436,1.06459
2013.03.20 01:13:36.429,1.06436,1.06459
2013.03.20 01:13:37.189,1.06436,1.0646
2013.03.20 01:13:42.314,1.06436,1.06459
2013.03.20 01:13:46.195,1.06432,1.06458
2013.03.20 01:13:48.801,1.06432,1.06458
2013.03.20 01:13:58.258,1.06436,1.06458
2013.03.20 01:14:03.610,1.06434,1.06458
2013.03.20 01:14:03.730,1.06434,1.06457
2013.03.20 01:14:10.411,1.06431,1.06454
2013.03.20 01:14:17.842,1.06432,1.06455
2013.03.20 01:14:24.039,1.0643,1.06456
2013.03.20 01:14:25.098,1.06432,1.06456
2013.03.20 01:14:25.759,1.06432,1.06453
2013.03.20 01:14:33.599,1.06428,1.06454
2013.03.20 01:14:33.960,1.06431,1.06455
2013.03.20 01:14:34.379,1.06431,1.06456
2013.03.20 01:14:36.629,1.06434,1.06456
2013.03.20 01:14:45.595,1.06431,1.06455
2013.03.20 01:14:49.216,1.0643,1.06455
2013.03.20 01:14:52.660,1.06433,1.06455
2013.03.20 01:14:54.400,1.06432,1.06455
2013.03.20 01:14:57.930,1.06431,1.06455
2013.03.20 01:15:07.380,1.06431,1.06455
2013.03.20 01:15:12.849,1.06432,1.06455
2013.03.20 01:15:12.970,1.06428,1.06449
2013.03.20 01:15:13.530,1.06428,1.06453
2013.03.20 01:15:14.449,1.06429,1.06454
2013.03.20 01:15:14.597,1.06429,1.06455
2013.03.20 01:15:15.038,1.06433,1.06455
2013.03.20 01:15:15.220,1.06436,1.06459
2013.03.20 01:15:15.729,1.06436,1.06459
2013.03.20 01:15:15.849,1.06433,1.06459
2013.03.20 01:15:16.400,1.06439,1.06464
2013.03.20 01:15:16.761,1.06437,1.06463
2013.03.20 01:15:37.060,1.06434,1.06461
2013.03.20 01:15:51.400,1.06441,1.0646
2013.03.20 01:15:51.580,1.06441,1.06464
2013.03.20 01:15:52.119,1.06437,1.0646
2013.03.20 01:15:52.600,1.06435,1.06459
2013.03.20 01:15:58.801,1.06436,1.0646
2013.03.20 01:15:59.281,1.06439,1.06464
2013.03.20 01:16:00.149,1.06437,1.06463
2013.03.20 01:16:07.180,1.06434,1.06459
2013.03.20 01:16:09.350,1.06435,1.06459
2013.03.20 01:16:15.670,1.06434,1.06459
2013.03.20 01:16:16.640,1.06435,1.06459
2013.03.20 01:16:18.420,1.06439,1.06461
2013.03.20 01:16:18.539,1.06439,1.06464
2013.03.20 01:16:19.655,1.06439,1.06464
2013.03.20 01:16:20.725,1.06438,1.06463
2013.03.20 01:16:26.990,1.06438,1.06464
2013.03.20 01:16:32.050,1.06439,1.06465
2013.03.20 01:16:39.017,1.06439,1.06465
2013.03.20 01:16:49.181,1.06438,1.06462
2013.03.20 01:16:49.882,1.06438,1.06464
2013.03.20 01:16:59.059,1.06439,1.06464
2013.03.20 01:16:59.898,1.06439,1.06464
2013.03.20 01:17:06.721,1.06439,1.06464
2013.03.20 01:17:09.023,1.06438,1.06464
2013.03.20 01:17:11.230,1.06439,1.06464
2013.03.20 01:17:11.750,1.06438,1.06464
2013.03.20 01:17:18.545,1.06438,1.06464
2013.03.20 01:17:18.850,1.06441,1.06464
2013.03.20 01:17:19.306,1.06444,1.06467
2013.03.20 01:17:19.600,1.06444,1.06468
2013.03.20 01:17:20.341,1.06444,1.06467
2013.03.20 01:17:29.889,1.06444,1.06469
2013.03.20 01:17:39.551,1.06446,1.0647
2013.03.20 01:17:41.340,1.06451,1.06472
2013.03.20 01:17:41.401,1.06451,1.06468
2013.03.20 01:17:41.581,1.06456,1.06479
2013.03.20 01:17:42.142,1.06456,1.06479
2013.03.20 01:17:43.091,1.06455,1.06475
2013.03.20 01:17:43.150,1.0645,1.06472
2013.03.20 01:17:43.211,1.0645,1.06472
2013.03.20 01:17:44.712,1.0645,1.06474
2013.03.20 01:17:46.041,1.06448,1.06474
2013.03.20 01:17:53.335,1.0645,1.06471
2013.03.20 01:17:57.275,1.06444,1.06469
2013.03.20 01:18:03.430,1.06444,1.06468
2013.03.20 01:18:04.591,1.06444,1.06469
2013.03.20 01:18:05.248,1.06445,1.0647
2013.03.20 01:18:07.200,1.06446,1.0647
2013.03.20 01:18:10.080,1.06446,1.0647
2013.03.20 01:18:10.140,1.06444,1.0647
2013.03.20 01:18:17.549,1.06442,1.06464
2013.03.20 01:18:20.595,1.06443,1.06467
2013.03.20 01:18:46.400,1.06445,1.06469
2013.03.20 01:18:46.461,1.06446,1.0647
2013.03.20 01:18:46.801,1.06446,1.0647
2013.03.20 01:18:47.114,1.06446,1.06468
2013.03.20 01:18:48.495,1.06446,1.06468
2013.03.20 01:18:48.561,1.06449,1.06472
2013.03.20 01:18:48.800,1.06449,1.06468
2013.03.20 01:18:48.920,1.06447,1.06468
2013.03.20 01:18:48.981,1.06447,1.06468
2013.03.20 01:18:49.160,1.06447,1.06468
2013.03.20 01:18:51.295,1.06445,1.06467
2013.03.20 01:18:51.542,1.06445,1.06468
2013.03.20 01:18:55.300,1.06451,1.06474
2013.03.20 01:18:55.424,1.06451,1.06474
2013.03.20 01:18:55.494,1.06452,1.06474
2013.03.20 01:18:55.896,1.06455,1.06474
2013.03.20 01:18:56.080,1.06451,1.06474
2013.03.20 01:18:56.320,1.06451,1.06474
2013.03.20 01:18:56.661,1.0645,1.06474
2013.03.20 01:18:57.010,1.06447,1.06472
2013.03.20 01:18:57.540,1.06448,1.06472
2013.03.20 01:19:01.990,1.06446,1.06472
2013.03.20 01:19:02.645,1.06446,1.0647
2013.03.20 01:19:03.340,1.06446,1.06468
2013.03.20 01:19:05.380,1.06447,1.06471
2013.03.20 01:19:05.620,1.06447,1.06468
2013.03.20 01:19:06.320,1.06446,1.06468
2013.03.20 01:19:19.482,1.06441,1.06465
2013.03.20 01:19:19.542,1.06439,1.06464
2013.03.20 01:19:19.720,1.06435,1.0646
2013.03.20 01:19:19.781,1.06435,1.06459
2013.03.20 01:19:20.249,1.06434,1.06459
2013.03.20 01:19:22.090,1.06434,1.06459
2013.03.20 01:19:22.611,1.0644,1.06463
2013.03.20 01:19:27.640,1.0644,1.06463
2013.03.20 01:19:31.940,1.06442,1.06463
2013.03.20 01:19:32.060,1.06443,1.06463
2013.03.20 01:19:35.090,1.06445,1.06464
2013.03.20 01:19:37.122,1.06445,1.06465
2013.03.20 01:19:37.699,1.06445,1.06469
2013.03.20 01:19:42.100,1.06445,1.06469
2013.03.20 01:19:43.293,1.06445,1.06469
2013.03.20 01:19:43.410,1.06445,1.06469
2013.03.20 01:19:43.590,1.06447,1.06469
2013.03.20 01:19:44.462,1.06447,1.06469
2013.03.20 01:19:46.420,1.0645,1.06474
2013.03.20 01:19:47.036,1.06448,1.06471
2013.03.20 01:19:47.610,1.06449,1.06473
2013.03.20 01:19:49.131,1.06452,1.06473
2013.03.20 01:19:49.250,1.06449,1.06473
2013.03.20 01:19:49.371,1.06448,1.06468
2013.03.20 01:19:49.492,1.06447,1.06468
2013.03.20 01:19:49.551,1.06445,1.06468
2013.03.20 01:19:49.990,1.06445,1.06468
2013.03.20 01:19:51.221,1.06443,1.06463
2013.03.20 01:19:51.752,1.06442,1.06463
2013.03.20 01:19:52.392,1.06442,1.06463
2013.03.20 01:19:52.821,1.06442,1.06463
2013.03.20 01:19:53.121,1.06442,1.06463
2013.03.20 01:19:53.660,1.06442,1.06466
2013.03.20 01:19:53.720,1.06446,1.06468
2013.03.20 01:19:55.231,1.06446,1.06467
2013.03.20 01:19:55.590,1.06447,1.0647
2013.03.20 01:19:55.830,1.0645,1.06473
2013.03.20 01:19:56.070,1.06448,1.06473
2013.03.20 01:19:56.560,1.06444,1.06465
2013.03.20 01:19:56.680,1.06444,1.06467
2013.03.20 01:19:56.800,1.06444,1.06468
2013.03.20 01:19:57.485,1.06444,1.06468
2013.03.20 01:19:58.210,1.06447,1.06469
2013.03.20 01:19:58.991,1.06446,1.06469
2013.03.20 01:19:59.752,1.06446,1.06469
2013.03.20 01:20:00.480,1.06446,1.06469
2013.03.20 01:20:00.931,1.06448,1.06469
2013.03.20 01:20:01.640,1.0645,1.06472
2013.03.20 01:20:02.190,1.0645,1.06472
2013.03.20 01:20:04.274,1.0645,1.06472
2013.03.20 01:20:04.342,1.06448,1.0647
2013.03.20 01:20:09.790,1.06449,1.06468
2013.03.20 01:20:10.611,1.06449,1.06469
2013.03.20 01:20:20.812,1.0645,1.06473
2013.03.20 01:20:32.240,1.06451,1.06473
2013.03.20 01:20:38.339,1.06451,1.06476
2013.03.20 01:20:40.914,1.06454,1.06476
2013.03.20 01:20:41.161,1.06453,1.06474
2013.03.20 01:20:41.722,1.06451,1.06474
2013.03.20 01:20:41.900,1.06453,1.06477
2013.03.20 01:20:42.321,1.06451,1.06468
2013.03.20 01:20:42.922,1.06448,1.06472
2013.03.20 01:20:44.402,1.06448,1.06472
2013.03.20 01:20:55.551,1.06449,1.0647
2013.03.20 01:20:55.670,1.06447,1.06468
2013.03.20 01:20:56.030,1.06444,1.06467
2013.03.20 01:20:57.291,1.06443,1.06467
2013.03.20 01:20:57.531,1.06447,1.06467
2013.03.20 01:20:58.812,1.06447,1.06466
2013.03.20 01:20:59.011,1.06444,1.06464
2013.03.20 01:20:59.490,1.06443,1.06464
2013.03.20 01:21:00.030,1.06441,1.06464
2013.03.20 01:21:00.091,1.0644,1.06464
2013.03.20 01:21:01.286,1.0644,1.06464
2013.03.20 01:21:06.301,1.0644,1.06462
2013.03.20 01:21:12.122,1.06438,1.0646
2013.03.20 01:21:12.301,1.06437,1.06458
2013.03.20 01:21:12.856,1.06434,1.06458
2013.03.20 01:21:16.530,1.06434,1.06458
2013.03.20 01:21:17.411,1.06438,1.06461
2013.03.20 01:21:18.231,1.06438,1.06463
2013.03.20 01:21:28.060,1.06438,1.06463
2013.03.20 01:21:28.300,1.06438,1.06463
2013.03.20 01:21:28.833,1.06443,1.06464
2013.03.20 01:21:28.891,1.06441,1.06464
2013.03.20 01:21:29.070,1.06443,1.06465
2013.03.20 01:21:29.310,1.06443,1.06468
2013.03.20 01:21:29.641,1.06447,1.06469
2013.03.20 01:21:30.201,1.06447,1.06469
2013.03.20 01:21:30.321,1.06441,1.06466
2013.03.20 01:21:30.452,1.06441,1.06464
2013.03.20 01:21:34.406,1.06441,1.06464
2013.03.20 01:21:36.350,1.06443,1.06466
2013.03.20 01:21:36.710,1.06443,1.06464
2013.03.20 01:21:37.251,1.06443,1.06468
2013.03.20 01:21:45.592,1.06443,1.06463
2013.03.20 01:21:46.806,1.06442,1.06463
2013.03.20 01:21:47.430,1.06442,1.06463
2013.03.20 01:21:50.310,1.06442,1.06463
2013.03.20 01:21:51.273,1.06442,1.06463
2013.03.20 01:21:54.200,1.0644,1.06463
2013.03.20 01:21:57.490,1.06441,1.06463
2013.03.20 01:22:10.430,1.0644,1.06463
2013.03.20 01:22:14.722,1.0644,1.06463
2013.03.20 01:22:17.811,1.06439,1.06462
2013.03.20 01:22:20.730,1.06436,1.06459
2013.03.20 01:22:22.154,1.06437,1.06459
2013.03.20 01:22:25.472,1.06438,1.06459
2013.03.20 01:22:29.915,1.06437,1.06459
2013.03.20 01:22:33.231,1.06436,1.06459
2013.03.20 01:22:39.420,1.06437,1.06459
2013.03.20 01:22:53.052,1.06438,1.06464
2013.03.20 01:22:53.650,1.06437,1.06461
2013.03.20 01:22:56.271,1.06438,1.06463
2013.03.20 01:22:56.676,1.06442,1.06466
2013.03.20 01:23:09.070,1.06442,1.06465
2013.03.20 01:23:09.980,1.06441,1.06464
2013.03.20 01:23:10.501,1.06439,1.06464
2013.03.20 01:23:17.411,1.06439,1.06464
2013.03.20 01:23:19.101,1.06438,1.06464
2013.03.20 01:23:28.930,1.06441,1.06464
2013.03.20 01:23:36.764,1.06439,1.06463
2013.03.20 01:23:37.578,1.06439,1.06464
2013.03.20 01:23:41.070,1.0644,1.06464
2013.03.20 01:23:41.191,1.06444,1.06464
2013.03.20 01:23:41.671,1.06446,1.06467
2013.03.20 01:23:44.186,1.06446,1.0647
2013.03.20 01:23:47.009,1.06444,1.0647
2013.03.20 01:23:54.820,1.06446,1.06469
2013.03.20 01:23:55.556,1.06446,1.06469
2013.03.20 01:24:01.501,1.06446,1.06469
2013.03.20 01:24:03.153,1.06446,1.06469
2013.03.20 01:24:06.964,1.06446,1.06469
2013.03.20 01:24:09.073,1.06446,1.06469
2013.03.20 01:24:18.993,1.06446,1.06469
2013.03.20 01:24:20.371,1.06444,1.06468
2013.03.20 01:24:20.551,1.06441,1.06465
2013.03.20 01:24:26.007,1.06441,1.06466
2013.03.20 01:24:28.260,1.06441,1.06466
2013.03.20 01:24:29.541,1.06441,1.06466
2013.03.20 01:24:31.141,1.06441,1.06465
2013.03.20 01:24:34.810,1.0644,1.06466
2013.03.20 01:24:38.621,1.06441,1.06465
2013.03.20 01:24:38.681,1.06441,1.06465
2013.03.20 01:24:57.441,1.06441,1.06464
2013.03.20 01:24:58.062,1.0644,1.06464
2013.03.20 01:24:59.550,1.0644,1.06464
2013.03.20 01:25:00.839,1.06438,1.06462
2013.03.20 01:25:01.371,1.0644,1.06463
2013.03.20 01:25:01.431,1.0644,1.06463
2013.03.20 01:25:02.201,1.0644,1.06464
2013.03.20 01:25:10.378,1.06441,1.06466
2013.03.20 01:25:10.860,1.06445,1.06466
2013.03.20 01:25:15.318,1.06445,1.06468
2013.03.20 01:25:21.531,1.06445,1.06468
2013.03.20 01:25:22.081,1.06447,1.0647
2013.03.20 01:25:22.201,1.06447,1.06471
2013.03.20 01:25:22.851,1.06447,1.06472
2013.03.20 01:25:22.971,1.06447,1.06472
2013.03.20 01:25:23.092,1.06446,1.06469
2013.03.20 01:25:23.631,1.06447,1.06472
2013.03.20 01:25:26.360,1.06446,1.0647
2013.03.20 01:25:32.618,1.06445,1.06469
2013.03.20 01:25:42.860,1.06446,1.06469
2013.03.20 01:25:43.596,1.06443,1.06468
2013.03.20 01:25:57.590,1.06442,1.06466
2013.03.20 01:26:03.171,1.06441,1.06466
2013.03.20 01:26:23.942,1.0644,1.06464
2013.03.20 01:26:25.503,1.0644,1.06464
2013.03.20 01:26:34.137,1.0644,1.06464
2013.03.20 01:26:38.547,1.0644,1.06464
2013.03.20 01:26:39.097,1.0644,1.06464
2013.03.20 01:26:45.110,1.06441,1.06464
2013.03.20 01:26:56.366,1.06443,1.06466
2013.03.20 01:26:57.688,1.06443,1.06467
2013.03.20 01:26:58.591,1.06442,1.06465
2013.03.20 01:26:59.171,1.06447,1.06467
2013.03.20 01:26:59.231,1.06447,1.06468
2013.03.20 01:27:03.172,1.06447,1.06469
2013.03.20 01:27:07.728,1.06444,1.06468
2013.03.20 01:27:11.451,1.06444,1.06466
2013.03.20 01:27:11.572,1.06444,1.06468
2013.03.20 01:27:20.692,1.06444,1.06468
2013.03.20 01:27:22.101,1.06443,1.06466
2013.03.20 01:27:26.102,1.06444,1.06466
2013.03.20 01:27:34.070,1.06445,1.06468
2013.03.20 01:27:41.675,1.06445,1.06469
2013.03.20 01:27:42.256,1.06445,1.06469
2013.03.20 01:27:46.466,1.06445,1.06469
2013.03.20 01:27:49.775,1.06445,1.06469
2013.03.20 01:27:50.449,1.06445,1.06467
2013.03.20 01:27:57.821,1.06445,1.06469
2013.03.20 01:27:59.292,1.06445,1.06469
2013.03.20 01:28:02.398,1.06445,1.06469
2013.03.20 01:28:07.621,1.06445,1.06468
2013.03.20 01:28:08.921,1.06445,1.06467
2013.03.20 01:28:09.441,1.06445,1.06469
2013.03.20 01:28:10.153,1.06446,1.06471
2013.03.20 01:28:11.661,1.06445,1.06469
2013.03.20 01:28:19.145,1.06445,1.06469
2013.03.20 01:28:22.785,1.06444,1.06467
2013.03.20 01:28:23.341,1.06445,1.06469
2013.03.20 01:28:29.578,1.06443,1.06468
2013.03.20 01:28:33.100,1.06443,1.06467
2013.03.20 01:28:34.207,1.06443,1.06468
2013.03.20 01:28:37.516,1.06443,1.06469
2013.03.20 01:29:20.388,1.06444,1.06469
2013.03.20 01:29:23.389,1.06443,1.0647
2013.03.20 01:29:39.661,1.06443,1.06468
2013.03.20 01:29:39.764,1.06444,1.0647
2013.03.20 01:29:47.692,1.06443,1.06469
2013.03.20 01:29:49.228,1.06442,1.06469
2013.03.20 01:29:50.696,1.06442,1.06471
2013.03.20 01:29:51.213,1.06442,1.06469
2013.03.20 01:29:51.751,1.06442,1.06468
2013.03.20 01:29:52.331,1.0644,1.06467
2013.03.20 01:29:52.842,1.06438,1.06463
2013.03.20 01:29:59.084,1.06436,1.06462
2013.03.20 01:30:01.351,1.0644,1.06466
2013.03.20 01:30:02.736,1.06441,1.06467
2013.03.20 01:30:07.773,1.06441,1.06466
2013.03.20 01:30:10.524,1.0644,1.06466
2013.03.20 01:30:11.143,1.0644,1.06467
2013.03.20 01:30:11.501,1.06445,1.0647
2013.03.20 01:30:11.741,1.06446,1.06471
2013.03.20 01:30:12.341,1.06446,1.0647
2013.03.20 01:30:29.182,1.06445,1.06471
2013.03.20 01:30:30.132,1.06445,1.06469
2013.03.20 01:30:32.032,1.06445,1.06468
2013.03.20 01:30:36.651,1.06443,1.06467
2013.03.20 01:30:37.440,1.06443,1.06464
2013.03.20 01:30:38.090,1.06441,1.06464
2013.03.20 01:30:39.729,1.06442,1.06465
2013.03.20 01:30:46.945,1.06442,1.06467
2013.03.20 01:30:47.518,1.06442,1.06468
2013.03.20 01:30:50.680,1.06442,1.06468
2013.03.20 01:30:52.841,1.06443,1.06468
2013.03.20 01:30:53.312,1.06442,1.06468
2013.03.20 01:30:53.865,1.06442,1.0646
2013.03.20 01:30:54.232,1.06438,1.0646
2013.03.20 01:30:54.672,1.06437,1.06459
2013.03.20 01:30:56.173,1.06437,1.0646
2013.03.20 01:30:56.442,1.06434,1.06458
2013.03.20 01:30:56.951,1.06434,1.06458
2013.03.20 01:31:00.872,1.06437,1.06458
2013.03.20 01:31:02.028,1.06437,1.06458
2013.03.20 01:31:06.142,1.06437,1.06458
2013.03.20 01:31:11.605,1.06437,1.06458
2013.03.20 01:31:15.383,1.06437,1.06458
2013.03.20 01:31:19.343,1.06437,1.06459
2013.03.20 01:31:20.345,1.06437,1.06458
2013.03.20 01:31:30.364,1.06436,1.06458
2013.03.20 01:31:38.022,1.06437,1.0646
2013.03.20 01:31:40.986,1.06435,1.0646
2013.03.20 01:31:56.082,1.06437,1.06463
2013.03.20 01:31:56.631,1.06437,1.06462
2013.03.20 01:31:58.921,1.06437,1.06463
2013.03.20 01:31:59.602,1.06437,1.06462
2013.03.20 01:32:03.074,1.06437,1.06463
2013.03.20 01:32:03.453,1.06441,1.06464
2013.03.20 01:32:03.832,1.06442,1.06466
2013.03.20 01:32:04.661,1.06443,1.06467
2013.03.20 01:32:05.945,1.06446,1.06468
2013.03.20 01:32:06.018,1.06446,1.0647
2013.03.20 01:32:09.713,1.06446,1.06469
2013.03.20 01:32:11.791,1.06446,1.06469
2013.03.20 01:32:13.221,1.06445,1.06469
2013.03.20 01:32:13.521,1.06441,1.06466
2013.03.20 01:32:14.607,1.06443,1.06467
2013.03.20 01:33:05.101,1.06445,1.06469
2013.03.20 01:33:11.821,1.06445,1.06469
2013.03.20 01:33:13.993,1.06446,1.06469
2013.03.20 01:33:16.411,1.06444,1.0647
2013.03.20 01:33:27.476,1.06445,1.06471
2013.03.20 01:33:27.731,1.06442,1.06466
2013.03.20 01:33:28.352,1.06441,1.06466
2013.03.20 01:33:28.772,1.06443,1.06468
2013.03.20 01:33:28.892,1.06446,1.06468
2013.03.20 01:33:29.431,1.06447,1.0647
2013.03.20 01:33:29.491,1.06449,1.06472
2013.03.20 01:33:30.241,1.06448,1.06469
2013.03.20 01:33:42.404,1.06446,1.06471
2013.03.20 01:33:43.580,1.06444,1.0647
2013.03.20 01:33:46.292,1.06444,1.0647
2013.03.20 01:33:50.403,1.06444,1.0647
2013.03.20 01:33:51.042,1.06444,1.06471
2013.03.20 01:33:55.033,1.06445,1.06471
2013.03.20 01:33:56.780,1.06447,1.06471
2013.03.20 01:34:43.341,1.06447,1.06469
2013.03.20 01:34:47.322,1.06448,1.06473
2013.03.20 01:34:49.744,1.06448,1.06473
2013.03.20 01:34:52.152,1.06448,1.06472
2013.03.20 01:34:55.582,1.06448,1.06473
2013.03.20 01:34:59.765,1.06449,1.06473
2013.03.20 01:35:04.141,1.06449,1.06473
2013.03.20 01:35:18.903,1.06448,1.06472
2013.03.20 01:35:22.523,1.06448,1.06472
2013.03.20 01:35:25.172,1.06448,1.06473
2013.03.20 01:35:29.832,1.06448,1.06473
2013.03.20 01:35:38.982,1.06448,1.06473
2013.03.20 01:35:40.012,1.06448,1.06473
2013.03.20 01:35:44.672,1.06448,1.06473
2013.03.20 01:35:45.033,1.06448,1.06473
2013.03.20 01:35:53.577,1.06452,1.06476
2013.03.20 01:35:59.551,1.06452,1.06476
2013.03.20 01:36:05.292,1.06452,1.06474
2013.03.20 01:36:25.277,1.06454,1.06477
2013.03.20 01:36:25.782,1.06452,1.06477
2013.03.20 01:36:28.992,1.06452,1.06478
2013.03.20 01:36:31.012,1.06452,1.06477
2013.03.20 01:36:33.268,1.06452,1.06476
2013.03.20 01:36:33.859,1.06451,1.06474
2013.03.20 01:36:35.623,1.06451,1.06474
2013.03.20 01:36:40.212,1.06447,1.06471
2013.03.20 01:36:49.853,1.06448,1.06472
2013.03.20 01:36:50.473,1.06447,1.06472
2013.03.20 01:37:06.925,1.06448,1.06473
2013.03.20 01:37:07.462,1.06447,1.06471
2013.03.20 01:37:12.058,1.06448,1.06472
2013.03.20 01:37:13.962,1.06448,1.06474
2013.03.20 01:37:24.817,1.06448,1.06472
2013.03.20 01:37:26.364,1.06448,1.06474
2013.03.20 01:37:26.482,1.06448,1.06474
2013.03.20 01:37:30.984,1.06448,1.06474
2013.03.20 01:37:31.904,1.06448,1.06474
2013.03.20 01:37:38.448,1.06448,1.06474
2013.03.20 01:37:38.834,1.06447,1.06473
2013.03.20 01:37:40.901,1.06445,1.0647
2013.03.20 01:37:43.208,1.06445,1.0647
2013.03.20 01:37:45.710,1.06449,1.06471
2013.03.20 01:37:58.952,1.06449,1.06473
2013.03.20 01:38:00.644,1.06449,1.06469
2013.03.20 01:38:01.122,1.06444,1.06469
2013.03.20 01:38:08.361,1.06444,1.06469
2013.03.20 01:38:09.012,1.06443,1.06469
2013.03.20 01:38:11.867,1.06445,1.06469
2013.03.20 01:38:15.893,1.06442,1.06467
2013.03.20 01:38:18.932,1.06442,1.06463
2013.03.20 01:38:18.992,1.06442,1.06463
2013.03.20 01:38:19.302,1.06442,1.06463
2013.03.20 01:38:21.181,1.0644,1.06463
2013.03.20 01:38:23.881,1.06441,1.06464
2013.03.20 01:38:25.211,1.0644,1.06463
2013.03.20 01:38:27.855,1.06441,1.06464
2013.03.20 01:38:28.358,1.06441,1.06464
2013.03.20 01:38:28.603,1.06441,1.06464
2013.03.20 01:38:28.853,1.06441,1.06468
2013.03.20 01:38:30.882,1.06441,1.06467
2013.03.20 01:38:31.363,1.06441,1.06468
2013.03.20 01:38:31.603,1.06441,1.06467
2013.03.20 01:38:31.664,1.06441,1.06462
2013.03.20 01:38:37.872,1.06436,1.0646
2013.03.20 01:38:42.747,1.06436,1.06459
2013.03.20 01:38:51.892,1.06435,1.06459
2013.03.20 01:38:59.912,1.06434,1.06459
2013.03.20 01:39:11.105,1.06434,1.06459
2013.03.20 01:39:19.821,1.06433,1.06459
2013.03.20 01:39:20.133,1.06435,1.06459
2013.03.20 01:39:20.565,1.06435,1.06459
2013.03.20 01:39:20.752,1.06433,1.06459
2013.03.20 01:39:22.656,1.06433,1.06459
2013.03.20 01:39:25.595,1.06433,1.06459
2013.03.20 01:39:26.197,1.06432,1.06456
2013.03.20 01:39:31.863,1.06433,1.06459
2013.03.20 01:39:32.808,1.06435,1.0646
2013.03.20 01:39:33.755,1.06436,1.06462
2013.03.20 01:39:37.406,1.06435,1.06459
2013.03.20 01:39:45.314,1.06436,1.06462
2013.03.20 01:39:45.383,1.06436,1.0646
2013.03.20 01:39:46.642,1.06436,1.0646
2013.03.20 01:39:47.688,1.06436,1.06459
2013.03.20 01:39:51.652,1.06436,1.0646
2013.03.20 01:39:54.222,1.06437,1.06462
2013.03.20 01:39:55.022,1.06439,1.06462
2013.03.20 01:40:07.284,1.06441,1.06466
2013.03.20 01:40:07.462,1.06442,1.06467
2013.03.20 01:40:07.823,1.06446,1.06471
2013.03.20 01:40:10.115,1.06448,1.06472
2013.03.20 01:40:11.893,1.06449,1.06472
2013.03.20 01:40:12.202,1.06448,1.06472
2013.03.20 01:40:18.652,1.06448,1.06474
2013.03.20 01:40:18.712,1.06449,1.06475
2013.03.20 01:40:19.702,1.06452,1.06478
2013.03.20 01:40:20.942,1.06456,1.0648
2013.03.20 01:40:21.062,1.06457,1.0648
2013.03.20 01:40:22.212,1.06459,1.0648
2013.03.20 01:40:22.394,1.06458,1.0648
2013.03.20 01:40:25.177,1.06457,1.0648
2013.03.20 01:40:29.832,1.06459,1.0648
2013.03.20 01:40:29.893,1.06458,1.0648
2013.03.20 01:40:41.275,1.06457,1.0648
2013.03.20 01:40:41.702,1.06458,1.0648
2013.03.20 01:40:52.582,1.06456,1.06479
2013.03.20 01:40:52.642,1.06453,1.06478
2013.03.20 01:40:53.177,1.06453,1.06478
2013.03.20 01:41:05.044,1.06453,1.06478
2013.03.20 01:41:05.834,1.06451,1.06477
2013.03.20 01:41:06.122,1.06451,1.06474
2013.03.20 01:41:09.297,1.06449,1.06474
2013.03.20 01:41:10.157,1.06447,1.06469
2013.03.20 01:41:10.217,1.06445,1.06469
2013.03.20 01:41:11.847,1.06446,1.06471
2013.03.20 01:41:12.877,1.06447,1.06473
2013.03.20 01:41:14.358,1.06447,1.06473
2013.03.20 01:41:14.418,1.0645,1.06476
2013.03.20 01:41:14.477,1.06453,1.06477
2013.03.20 01:41:15.299,1.06451,1.06476
2013.03.20 01:41:16.327,1.06453,1.06477
2013.03.20 01:41:17.257,1.06453,1.06479
2013.03.20 01:41:25.558,1.06453,1.06477
2013.03.20 01:41:27.766,1.06453,1.06478
2013.03.20 01:41:29.613,1.06452,1.06477
2013.03.20 01:41:32.857,1.0645,1.06473
2013.03.20 01:41:36.118,1.06448,1.06472
2013.03.20 01:41:36.938,1.06448,1.06472
2013.03.20 01:41:39.627,1.06448,1.06472
2013.03.20 01:41:46.068,1.06453,1.06477
2013.03.20 01:41:47.807,1.06453,1.06477
2013.03.20 01:41:48.967,1.06453,1.06475
2013.03.20 01:41:50.748,1.06453,1.06477
2013.03.20 01:41:52.987,1.06453,1.06477
2013.03.20 01:41:53.047,1.06452,1.06476
2013.03.20 01:41:59.527,1.06453,1.06477
2013.03.20 01:42:00.100,1.06453,1.06477
2013.03.20 01:42:02.007,1.06453,1.06477
2013.03.20 01:42:08.907,1.06455,1.06478
2013.03.20 01:42:11.717,1.06455,1.06479
2013.03.20 01:42:15.017,1.06456,1.06479
2013.03.20 01:42:15.076,1.06457,1.0648
2013.03.20 01:42:16.357,1.06459,1.0648
2013.03.20 01:42:35.757,1.06462,1.0648
2013.03.20 01:42:58.850,1.06462,1.06481
2013.03.20 01:43:12.625,1.06463,1.06481
2013.03.20 01:43:31.874,1.06462,1.06481
2013.03.20 01:43:32.483,1.06462,1.06481
2013.03.20 01:43:35.864,1.06456,1.06481
2013.03.20 01:43:37.037,1.06458,1.06481
2013.03.20 01:43:47.235,1.06462,1.06481
2013.03.20 01:43:47.679,1.06463,1.06481
2013.03.20 01:43:53.606,1.0646,1.06481
2013.03.20 01:43:54.864,1.06459,1.06481
2013.03.20 01:43:55.854,1.06459,1.06481
2013.03.20 01:43:57.236,1.06462,1.06481
2013.03.20 01:44:17.430,1.06462,1.06481
2013.03.20 01:44:28.237,1.06463,1.06481
2013.03.20 01:44:39.007,1.06463,1.06481
2013.03.20 01:44:58.691,1.0646,1.06481
2013.03.20 01:44:59.188,1.06461,1.06481
2013.03.20 01:45:00.106,1.06461,1.06485
2013.03.20 01:45:00.723,1.06461,1.06482
2013.03.20 01:45:04.205,1.0646,1.06482
2013.03.20 01:45:05.914,1.06461,1.06482
2013.03.20 01:45:07.997,1.06462,1.06482
2013.03.20 01:45:11.028,1.06462,1.06483
2013.03.20 01:45:17.260,1.06461,1.06483
2013.03.20 01:45:19.159,1.06461,1.06483
2013.03.20 01:45:20.259,1.06461,1.06483
2013.03.20 01:45:25.107,1.06461,1.06483
2013.03.20 01:45:27.197,1.06463,1.06483
2013.03.20 01:45:28.845,1.06465,1.06483
2013.03.20 01:46:12.677,1.06464,1.06483
2013.03.20 01:46:13.218,1.06467,1.06482
2013.03.20 01:46:13.578,1.06469,1.06493
2013.03.20 01:46:21.323,1.06471,1.06493
2013.03.20 01:46:22.167,1.06467,1.0649
2013.03.20 01:46:22.696,1.06463,1.06487
2013.03.20 01:46:34.309,1.06466,1.06492
2013.03.20 01:46:52.667,1.06465,1.0649
2013.03.20 01:47:52.712,1.06463,1.06488
2013.03.20 01:47:54.130,1.06464,1.06488
2013.03.20 01:47:54.609,1.06464,1.06488
2013.03.20 01:47:58.262,1.06464,1.06489
2013.03.20 01:48:33.579,1.06462,1.06488
2013.03.20 01:48:54.862,1.06463,1.06489
2013.03.20 01:49:04.311,1.06465,1.06489
2013.03.20 01:49:04.877,1.06465,1.06489
2013.03.20 01:49:08.627,1.06465,1.06489
2013.03.20 01:49:09.047,1.06467,1.06489
2013.03.20 01:49:11.157,1.06466,1.06489
2013.03.20 01:50:07.369,1.06465,1.06488
2013.03.20 01:50:14.337,1.06463,1.06487
2013.03.20 01:50:14.637,1.06467,1.06492
2013.03.20 01:50:15.139,1.06467,1.06489
2013.03.20 01:50:16.390,1.06466,1.06489
2013.03.20 01:50:24.388,1.06466,1.06489
2013.03.20 01:50:25.825,1.06469,1.06489
2013.03.20 01:50:41.378,1.06465,1.0649
2013.03.20 01:50:44.237,1.06466,1.06492
2013.03.20 01:50:44.538,1.06474,1.06497
2013.03.20 01:50:50.077,1.06471,1.06495
2013.03.20 01:50:50.748,1.06471,1.06495
2013.03.20 01:50:51.418,1.06468,1.06491
2013.03.20 01:51:06.129,1.06469,1.06494
2013.03.20 01:51:06.680,1.06471,1.06495
2013.03.20 01:51:07.188,1.06469,1.06494
2013.03.20 01:51:15.619,1.0647,1.06494
2013.03.20 01:51:25.228,1.06467,1.06491
2013.03.20 01:51:30.218,1.06466,1.06491
2013.03.20 01:51:31.980,1.06466,1.06491
2013.03.20 01:51:34.097,1.06467,1.06491
2013.03.20 01:51:36.607,1.06468,1.06493
2013.03.20 01:51:36.669,1.06467,1.06492
2013.03.20 01:51:46.338,1.0647,1.06494
2013.03.20 01:51:46.638,1.06471,1.06496
2013.03.20 01:51:47.388,1.06468,1.06493
2013.03.20 01:51:52.337,1.06471,1.06495
2013.03.20 01:52:02.588,1.06466,1.06493
2013.03.20 01:52:02.828,1.06471,1.06494
2013.03.20 01:52:23.357,1.0647,1.06492
2013.03.20 01:52:23.569,1.0647,1.06492
2013.03.20 01:52:32.059,1.06471,1.06493
2013.03.20 01:52:34.840,1.06471,1.06493
2013.03.20 01:52:47.588,1.06468,1.06492
2013.03.20 01:53:04.198,1.06471,1.06496
2013.03.20 01:53:21.359,1.06475,1.06495
2013.03.20 01:53:22.988,1.06475,1.06493
2013.03.20 01:53:23.684,1.06472,1.06493
2013.03.20 01:53:30.366,1.06474,1.06497
2013.03.20 01:53:54.242,1.06471,1.06494
2013.03.20 01:53:58.858,1.06473,1.06494
2013.03.20 01:53:59.218,1.06476,1.06501
2013.03.20 01:53:59.278,1.06477,1.06503
2013.03.20 01:53:59.338,1.06479,1.06503
2013.03.20 01:54:00.066,1.06479,1.06503
2013.03.20 01:54:01.056,1.0648,1.06504
2013.03.20 01:54:11.058,1.06481,1.06505
2013.03.20 01:54:11.119,1.06481,1.06505
2013.03.20 01:54:12.657,1.06483,1.06506
2013.03.20 01:54:13.066,1.06481,1.06504
2013.03.20 01:54:14.382,1.06483,1.06506
2013.03.20 01:54:14.750,1.06484,1.06508
2013.03.20 01:54:18.048,1.06486,1.0651
2013.03.20 01:54:18.168,1.06487,1.06513
2013.03.20 01:54:18.709,1.06492,1.06517
2013.03.20 01:54:19.248,1.06493,1.06513
2013.03.20 01:54:19.548,1.0649,1.06513
2013.03.20 01:54:20.388,1.06491,1.06514
2013.03.20 01:54:21.021,1.06492,1.06518
2013.03.20 01:54:21.689,1.06492,1.06513
2013.03.20 01:54:22.318,1.06492,1.06513
2013.03.20 01:54:22.498,1.06492,1.06515
2013.03.20 01:54:22.559,1.06493,1.0652
2013.03.20 01:54:22.857,1.0649,1.06514
2013.03.20 01:54:23.097,1.0649,1.06515
2013.03.20 01:54:26.596,1.06491,1.06514
2013.03.20 01:54:27.079,1.06492,1.06515
2013.03.20 01:54:31.137,1.06492,1.06514
2013.03.20 01:54:39.898,1.06492,1.06515
2013.03.20 01:54:43.168,1.06491,1.06515
2013.03.20 01:54:43.500,1.06493,1.06519
2013.03.20 01:54:43.559,1.06493,1.06519
2013.03.20 01:54:43.739,1.06496,1.0652
2013.03.20 01:54:43.919,1.06496,1.06519
2013.03.20 01:54:44.170,1.06497,1.06521
2013.03.20 01:54:44.591,1.06498,1.06523
2013.03.20 01:54:45.259,1.06498,1.06523
2013.03.20 01:54:49.748,1.06502,1.06523
2013.03.20 01:54:51.478,1.06502,1.06523
2013.03.20 01:54:52.142,1.06497,1.06523
2013.03.20 01:54:52.557,1.06497,1.06522
2013.03.20 01:54:54.318,1.06497,1.06523
2013.03.20 01:54:55.043,1.06498,1.06523
2013.03.20 01:54:55.778,1.06501,1.06524
2013.03.20 01:54:55.838,1.06499,1.06522
2013.03.20 01:54:56.418,1.06502,1.06524
2013.03.20 01:54:57.488,1.06503,1.06526
2013.03.20 01:54:57.608,1.06503,1.06528
2013.03.20 01:54:59.358,1.06505,1.06528
2013.03.20 01:55:00.346,1.06506,1.06531
2013.03.20 01:55:01.120,1.06507,1.06532
2013.03.20 01:55:10.628,1.06508,1.06532
2013.03.20 01:55:12.528,1.06511,1.06538
2013.03.20 01:55:13.119,1.06512,1.06538
2013.03.20 01:55:15.358,1.06514,1.06538
2013.03.20 01:55:17.288,1.06512,1.06536
2013.03.20 01:55:20.135,1.06512,1.06534
2013.03.20 01:55:22.928,1.0651,1.06533
2013.03.20 01:55:24.359,1.06508,1.06533
2013.03.20 01:55:24.659,1.06513,1.06539
2013.03.20 01:55:29.988,1.06515,1.06539
2013.03.20 01:55:33.868,1.06513,1.06539
2013.03.20 01:55:33.928,1.06512,1.06539
2013.03.20 01:55:35.088,1.06513,1.06538
2013.03.20 01:55:35.828,1.06516,1.0654
2013.03.20 01:55:37.408,1.06516,1.0654
2013.03.20 01:55:37.588,1.06512,1.06539
2013.03.20 01:55:43.678,1.06512,1.06538
2013.03.20 01:55:44.287,1.06513,1.06539
2013.03.20 01:55:44.888,1.06512,1.06538
2013.03.20 01:55:45.208,1.06512,1.06534
2013.03.20 01:55:45.388,1.06509,1.06533
2013.03.20 01:55:45.448,1.06509,1.06533
2013.03.20 01:55:45.766,1.06505,1.06529
2013.03.20 01:55:45.828,1.06503,1.06528
2013.03.20 01:55:45.949,1.06502,1.06526
2013.03.20 01:55:46.450,1.065,1.06524
2013.03.20 01:55:47.519,1.065,1.06522
2013.03.20 01:55:47.639,1.06495,1.0652
2013.03.20 01:55:47.762,1.06495,1.06518
2013.03.20 01:55:48.794,1.06495,1.06518
2013.03.20 01:55:49.566,1.06493,1.06518
2013.03.20 01:55:49.635,1.06493,1.06516
2013.03.20 01:55:49.882,1.0649,1.06514
2013.03.20 01:55:50.573,1.0649,1.06514
2013.03.20 01:55:52.309,1.0649,1.06513
2013.03.20 01:55:56.831,1.0649,1.06513
2013.03.20 01:55:57.818,1.0649,1.06514
2013.03.20 01:56:03.928,1.0649,1.06514
2013.03.20 01:56:05.638,1.0649,1.06514
2013.03.20 01:56:05.948,1.0649,1.06512
2013.03.20 01:56:07.319,1.0649,1.06512
2013.03.20 01:56:07.913,1.0649,1.06513
2013.03.20 01:56:10.034,1.0649,1.06513
2013.03.20 01:56:10.549,1.0649,1.06514
2013.03.20 01:56:12.199,1.0649,1.06514
2013.03.20 01:56:12.318,1.06488,1.06511
2013.03.20 01:56:24.888,1.0649,1.06513
2013.03.20 01:56:29.051,1.0649,1.06515
2013.03.20 01:56:29.968,1.06491,1.06516
2013.03.20 01:56:30.028,1.06492,1.06518
2013.03.20 01:56:31.998,1.06492,1.06517
2013.03.20 01:56:32.181,1.06491,1.06515
2013.03.20 01:56:37.618,1.0649,1.06515
2013.03.20 01:56:39.498,1.06488,1.06513
2013.03.20 01:56:42.819,1.06488,1.06513
2013.03.20 01:56:47.289,1.06489,1.06514
2013.03.20 01:56:49.718,1.06487,1.06513
2013.03.20 01:56:50.899,1.06487,1.06513
2013.03.20 01:56:51.278,1.06488,1.06514
2013.03.20 01:56:52.458,1.06488,1.06516
2013.03.20 01:56:52.648,1.0649,1.06516
2013.03.20 01:56:53.178,1.06494,1.06518
2013.03.20 01:56:54.419,1.06494,1.06518
2013.03.20 01:56:54.601,1.06495,1.06518
2013.03.20 01:56:55.919,1.06493,1.06518
2013.03.20 01:56:55.978,1.06492,1.06518
2013.03.20 01:56:56.039,1.06493,1.06518
2013.03.20 01:56:57.069,1.06496,1.06518
2013.03.20 01:56:57.429,1.06497,1.0652
2013.03.20 01:56:57.968,1.06494,1.06517
2013.03.20 01:56:58.348,1.06494,1.06517
2013.03.20 01:56:59.043,1.0649,1.06516
2013.03.20 01:56:59.578,1.0649,1.06514
2013.03.20 01:56:59.978,1.0649,1.06513
2013.03.20 01:57:00.348,1.06491,1.06514
2013.03.20 01:57:00.590,1.06491,1.06514
2013.03.20 01:57:00.659,1.06491,1.06516
2013.03.20 01:57:00.968,1.06496,1.06518
2013.03.20 01:57:01.898,1.06496,1.0652
2013.03.20 01:57:02.658,1.06496,1.06519
2013.03.20 01:57:03.189,1.06496,1.0652
2013.03.20 01:57:04.279,1.06492,1.06518
2013.03.20 01:57:07.399,1.06491,1.06516
2013.03.20 01:57:07.579,1.06491,1.06516
2013.03.20 01:57:08.678,1.06491,1.06517
2013.03.20 01:57:11.118,1.06495,1.0652
2013.03.20 01:57:15.383,1.06496,1.06521
2013.03.20 01:57:15.978,1.06498,1.06522
2013.03.20 01:57:21.389,1.06498,1.06522
2013.03.20 01:57:23.769,1.06501,1.06523
2013.03.20 01:57:23.832,1.06501,1.06527
2013.03.20 01:57:23.888,1.06501,1.06526
2013.03.20 01:57:28.088,1.06501,1.06526
2013.03.20 01:57:29.793,1.06501,1.06526
2013.03.20 01:57:30.309,1.06501,1.06524
2013.03.20 01:57:31.553,1.06501,1.06526
2013.03.20 01:57:31.679,1.06502,1.06527
2013.03.20 01:57:32.105,1.06506,1.0653
2013.03.20 01:57:33.400,1.06506,1.0653
2013.03.20 01:57:34.186,1.06502,1.06528
2013.03.20 01:57:40.410,1.06503,1.06528
2013.03.20 01:57:49.168,1.06502,1.06528
2013.03.20 01:57:51.802,1.06502,1.06528
2013.03.20 01:57:53.343,1.06502,1.06527
2013.03.20 01:57:53.981,1.06502,1.06527
2013.03.20 01:57:54.289,1.06499,1.06523
2013.03.20 01:57:56.534,1.06499,1.06523
2013.03.20 01:58:08.248,1.06501,1.06524
2013.03.20 01:58:08.759,1.06499,1.06523
2013.03.20 01:58:13.371,1.06499,1.06523
2013.03.20 01:58:14.527,1.065,1.06525
2013.03.20 01:58:15.397,1.065,1.06524
2013.03.20 01:58:15.518,1.06497,1.06523
2013.03.20 01:58:17.884,1.06497,1.06521
2013.03.20 01:58:18.138,1.06504,1.06523
2013.03.20 01:58:18.201,1.06505,1.06526
2013.03.20 01:58:18.389,1.06507,1.06531
2013.03.20 01:58:19.318,1.06505,1.06531
2013.03.20 01:58:19.797,1.06502,1.06528
2013.03.20 01:58:24.057,1.06502,1.06528
2013.03.20 01:58:24.428,1.06502,1.06528
2013.03.20 01:58:24.607,1.06502,1.06528
2013.03.20 01:58:31.557,1.06504,1.06525
2013.03.20 01:58:31.677,1.06504,1.06528
2013.03.20 01:58:33.477,1.06505,1.0653
2013.03.20 01:58:34.056,1.06505,1.06531
2013.03.20 01:58:37.978,1.06505,1.06531
2013.03.20 01:58:43.293,1.06507,1.06532
2013.03.20 01:58:49.177,1.06504,1.0653
2013.03.20 01:58:49.538,1.06506,1.0653
2013.03.20 01:58:50.330,1.06506,1.0653
2013.03.20 01:58:56.819,1.06506,1.06531
2013.03.20 01:59:03.677,1.06506,1.0653
2013.03.20 01:59:05.816,1.06506,1.0653
2013.03.20 01:59:10.021,1.06507,1.06531
2013.03.20 01:59:31.077,1.06507,1.06531
2013.03.20 01:59:50.370,1.06506,1.0653
2013.03.20 01:59:51.030,1.06505,1.06529
2013.03.20 01:59:52.349,1.06505,1.06529
2013.03.20 01:59:52.947,1.06504,1.06528
2013.03.20 01:59:53.897,1.06504,1.06528
2013.03.20 01:59:54.497,1.06504,1.06529
2013.03.20 02:00:01.328,1.06504,1.06528
2013.03.20 02:00:01.933,1.06504,1.06528
2013.03.20 02:00:06.159,1.06506,1.0653
2013.03.20 02:00:09.367,1.06506,1.0653
2013.03.20 02:00:11.016,1.06505,1.06529
2013.03.20 02:00:13.819,1.06505,1.06529
2013.03.20 02:00:23.837,1.06503,1.06527
2013.03.20 02:00:24.397,1.06503,1.06527
2013.03.20 02:00:26.848,1.06503,1.06527
2013.03.20 02:00:29.683,1.06507,1.06529
2013.03.20 02:00:29.808,1.06507,1.06533
2013.03.20 02:00:29.929,1.06507,1.06533
2013.03.20 02:00:29.990,1.06509,1.06534
2013.03.20 02:00:45.438,1.06509,1.06533
2013.03.20 02:00:45.498,1.06509,1.06528
2013.03.20 02:00:47.038,1.06506,1.06528
2013.03.20 02:00:47.158,1.06506,1.06532
2013.03.20 02:00:47.370,1.06506,1.06532
2013.03.20 02:00:47.557,1.06506,1.0653
2013.03.20 02:00:48.047,1.06506,1.06527
2013.03.20 02:00:51.452,1.06507,1.06531
2013.03.20 02:00:51.998,1.06512,1.06534
2013.03.20 02:00:54.527,1.06512,1.06538
2013.03.20 02:00:55.329,1.06512,1.06537
2013.03.20 02:00:56.888,1.06511,1.06536
2013.03.20 02:01:00.698,1.06513,1.06534
2013.03.20 02:01:01.059,1.06509,1.06533
2013.03.20 02:01:01.118,1.06509,1.06529
2013.03.20 02:01:02.189,1.06505,1.06529
2013.03.20 02:01:06.169,1.06506,1.06529
2013.03.20 02:01:21.088,1.06508,1.06531
2013.03.20 02:01:23.120,1.06507,1.06531
2013.03.20 02:01:23.538,1.0651,1.06533
2013.03.20 02:01:23.718,1.0651,1.06535
2013.03.20 02:01:25.588,1.06512,1.06536
2013.03.20 02:01:33.586,1.06516,1.0654
2013.03.20 02:01:33.654,1.06516,1.0654
2013.03.20 02:01:36.808,1.06516,1.0654
2013.03.20 02:01:43.297,1.06515,1.0654
2013.03.20 02:01:44.062,1.06516,1.0654
2013.03.20 02:01:47.169,1.06515,1.0654
2013.03.20 02:01:48.308,1.06516,1.0654
2013.03.20 02:01:48.628,1.06516,1.0654
2013.03.20 02:01:59.855,1.06515,1.0654
2013.03.20 02:02:14.478,1.06513,1.06539
2013.03.20 02:02:15.009,1.06511,1.06537
2013.03.20 02:02:18.479,1.06511,1.06535
2013.03.20 02:02:20.379,1.06511,1.06537
2013.03.20 02:02:21.838,1.06511,1.06537
2013.03.20 02:02:22.257,1.06509,1.06535
2013.03.20 02:02:24.347,1.06509,1.06532
2013.03.20 02:02:24.468,1.06507,1.06529
2013.03.20 02:02:24.528,1.06507,1.06528
2013.03.20 02:02:24.709,1.06507,1.06529
2013.03.20 02:02:24.949,1.06508,1.06531
2013.03.20 02:02:25.010,1.06508,1.06532
2013.03.20 02:02:32.139,1.06503,1.06528
2013.03.20 02:02:33.730,1.06502,1.06528
2013.03.20 02:02:37.141,1.06506,1.0653
2013.03.20 02:02:42.817,1.06506,1.0653
2013.03.20 02:02:42.998,1.06507,1.06533
2013.03.20 02:02:44.838,1.06507,1.06533
2013.03.20 02:02:45.729,1.0651,1.06534
2013.03.20 02:02:47.119,1.0651,1.06534
2013.03.20 02:02:47.798,1.06506,1.06533
2013.03.20 02:02:51.286,1.06506,1.06533
2013.03.20 02:02:51.410,1.06506,1.06532
2013.03.20 02:02:51.768,1.06505,1.06529
2013.03.20 02:02:54.417,1.06504,1.06529
2013.03.20 02:03:01.538,1.06508,1.06534
2013.03.20 02:03:01.659,1.06508,1.06534
2013.03.20 02:03:04.288,1.06513,1.06537
2013.03.20 02:03:04.913,1.06513,1.06538
2013.03.20 02:03:06.848,1.06513,1.06536
2013.03.20 02:03:09.979,1.06513,1.06538
2013.03.20 02:03:15.108,1.06511,1.06537
2013.03.20 02:03:15.729,1.06512,1.06537
2013.03.20 02:03:16.287,1.06513,1.06538
2013.03.20 02:03:17.981,1.06513,1.06539
2013.03.20 02:03:20.532,1.06512,1.06536
2013.03.20 02:03:22.090,1.06506,1.06532
2013.03.20 02:03:22.149,1.06506,1.06531
2013.03.20 02:03:27.626,1.06506,1.06532
2013.03.20 02:03:30.108,1.06506,1.06532
2013.03.20 02:03:38.812,1.06506,1.06532
2013.03.20 02:03:39.728,1.06506,1.0653
2013.03.20 02:03:42.197,1.06506,1.0653
2013.03.20 02:03:42.617,1.06504,1.06529
2013.03.20 02:03:47.095,1.06504,1.06529
2013.03.20 02:03:49.845,1.06503,1.06529
2013.03.20 02:03:50.418,1.06503,1.06529
2013.03.20 02:03:51.848,1.06505,1.06529
2013.03.20 02:04:02.357,1.06505,1.06529
2013.03.20 02:04:04.650,1.06503,1.06525
2013.03.20 02:04:05.009,1.06498,1.06523
2013.03.20 02:04:09.865,1.06498,1.06523
2013.03.20 02:04:10.468,1.06497,1.06522
2013.03.20 02:04:11.328,1.06496,1.06522
2013.03.20 02:04:11.508,1.06496,1.0652
2013.03.20 02:04:11.819,1.06493,1.06518
2013.03.20 02:04:15.408,1.06493,1.06518
2013.03.20 02:04:17.689,1.06493,1.06518
2013.03.20 02:04:19.593,1.06495,1.06519
2013.03.20 02:04:20.307,1.06496,1.06519
2013.03.20 02:04:21.316,1.06496,1.06519
2013.03.20 02:04:21.878,1.06496,1.06521
2013.03.20 02:04:23.075,1.06494,1.06519
2013.03.20 02:04:23.318,1.06492,1.06518
2013.03.20 02:04:24.638,1.06493,1.06518
2013.03.20 02:04:25.838,1.06491,1.06517
2013.03.20 02:04:26.689,1.06491,1.06517
2013.03.20 02:04:26.749,1.06493,1.06518
2013.03.20 02:04:36.605,1.06491,1.06517
2013.03.20 02:04:36.668,1.06491,1.06517
2013.03.20 02:04:38.805,1.06491,1.06517
2013.03.20 02:04:39.837,1.06493,1.06518
2013.03.20 02:04:44.158,1.06495,1.06519
2013.03.20 02:04:49.596,1.06494,1.06519
2013.03.20 02:04:50.588,1.06493,1.06519
2013.03.20 02:05:03.115,1.06494,1.06519
2013.03.20 02:05:04.078,1.06494,1.06518
2013.03.20 02:05:04.677,1.06493,1.06517
2013.03.20 02:05:05.094,1.06492,1.06517
2013.03.20 02:05:06.029,1.06492,1.06517
2013.03.20 02:05:06.088,1.06494,1.06517
2013.03.20 02:05:10.373,1.06497,1.0652
2013.03.20 02:05:10.439,1.06499,1.06521
2013.03.20 02:05:10.559,1.06497,1.06521
2013.03.20 02:05:30.677,1.06497,1.06521
2013.03.20 02:05:31.848,1.06497,1.06521
2013.03.20 02:05:32.784,1.06497,1.0652
2013.03.20 02:05:33.028,1.06496,1.0652
2013.03.20 02:05:33.148,1.06496,1.06522
2013.03.20 02:05:36.358,1.06496,1.0652
2013.03.20 02:05:39.588,1.06497,1.06523
2013.03.20 02:05:39.708,1.06502,1.06523
2013.03.20 02:05:39.828,1.06498,1.06523
2013.03.20 02:05:42.628,1.06496,1.06521
2013.03.20 02:05:44.759,1.06495,1.06521
2013.03.20 02:05:46.328,1.06495,1.06521
2013.03.20 02:05:51.858,1.06499,1.06523
2013.03.20 02:05:51.919,1.06506,1.06527
2013.03.20 02:05:52.339,1.06508,1.06527
2013.03.20 02:05:52.915,1.06508,1.06529
2013.03.20 02:05:53.428,1.06508,1.06533
2013.03.20 02:05:53.828,1.06508,1.06534
2013.03.20 02:05:53.948,1.06506,1.06533
2013.03.20 02:05:58.149,1.06506,1.0653
2013.03.20 02:05:58.831,1.06504,1.06528
2013.03.20 02:05:59.688,1.06501,1.06526
2013.03.20 02:06:00.298,1.06503,1.06529
2013.03.20 02:06:03.018,1.06506,1.06529
2013.03.20 02:06:05.765,1.06506,1.06529
2013.03.20 02:06:08.314,1.06506,1.0653
2013.03.20 02:06:10.634,1.06506,1.06529
2013.03.20 02:06:16.608,1.06503,1.06529
2013.03.20 02:06:17.409,1.06503,1.06527
2013.03.20 02:06:26.119,1.06502,1.06527
2013.03.20 02:06:26.179,1.06502,1.06526
2013.03.20 02:06:29.553,1.06502,1.06527
2013.03.20 02:06:30.735,1.06502,1.06528
2013.03.20 02:06:32.668,1.06503,1.06528
2013.03.20 02:06:36.601,1.06505,1.06528
2013.03.20 02:06:39.010,1.06507,1.06531
2013.03.20 02:06:47.868,1.06506,1.06531
2013.03.20 02:06:49.608,1.06506,1.06531
2013.03.20 02:06:55.016,1.06506,1.06531
2013.03.20 02:06:56.219,1.06508,1.06533
2013.03.20 02:06:59.029,1.06508,1.06533
2013.03.20 02:07:00.798,1.06505,1.06531
2013.03.20 02:07:02.919,1.06505,1.06531
2013.03.20 02:07:18.828,1.06505,1.0653
2013.03.20 02:07:20.012,1.06505,1.06529
2013.03.20 02:07:26.368,1.06505,1.06529
2013.03.20 02:07:26.909,1.06503,1.06528
2013.03.20 02:07:29.789,1.06501,1.06527
2013.03.20 02:07:33.248,1.06503,1.06528
2013.03.20 02:07:36.029,1.06501,1.06527
2013.03.20 02:07:36.568,1.06503,1.06527
2013.03.20 02:07:43.599,1.06503,1.06528
2013.03.20 02:07:52.453,1.06502,1.06526
2013.03.20 02:07:53.762,1.06502,1.06527
2013.03.20 02:08:01.389,1.06503,1.06529
2013.03.20 02:08:09.915,1.06502,1.06528
2013.03.20 02:08:11.711,1.06505,1.06529
2013.03.20 02:08:17.068,1.06505,1.06529
2013.03.20 02:08:17.498,1.0651,1.06533
2013.03.20 02:08:44.930,1.0651,1.06534
2013.03.20 02:08:45.349,1.06514,1.0654
2013.03.20 02:08:48.100,1.06515,1.0654
2013.03.20 02:08:49.700,1.06514,1.0654
2013.03.20 02:08:50.662,1.06514,1.06538
2013.03.20 02:08:52.048,1.06514,1.0654
2013.03.20 02:08:53.801,1.06514,1.06539
2013.03.20 02:08:54.796,1.06514,1.0654
2013.03.20 02:08:55.799,1.06514,1.0654
2013.03.20 02:08:55.982,1.06517,1.06543
2013.03.20 02:08:56.039,1.06518,1.06544
2013.03.20 02:08:56.100,1.06521,1.06544
2013.03.20 02:08:56.159,1.06521,1.06546
2013.03.20 02:08:56.747,1.06523,1.06546
2013.03.20 02:08:57.000,1.06522,1.06548
2013.03.20 02:08:57.121,1.06519,1.06545
2013.03.20 02:08:58.308,1.06521,1.06545
2013.03.20 02:08:58.370,1.06522,1.06547
2013.03.20 02:08:58.871,1.06523,1.06547
2013.03.20 02:08:59.409,1.06525,1.06548
2013.03.20 02:09:00.022,1.06523,1.06547
2013.03.20 02:09:00.588,1.06523,1.06547
2013.03.20 02:09:00.911,1.06523,1.06544
2013.03.20 02:09:02.617,1.06523,1.06544
2013.03.20 02:09:03.069,1.06523,1.06544
2013.03.20 02:09:03.309,1.06527,1.06551
2013.03.20 02:09:03.890,1.06527,1.06551
2013.03.20 02:09:05.599,1.06532,1.06553
2013.03.20 02:09:05.719,1.06533,1.06556
2013.03.20 02:09:05.839,1.06532,1.06556
2013.03.20 02:09:06.255,1.06532,1.06556
2013.03.20 02:09:07.111,1.06535,1.06558
2013.03.20 02:09:15.859,1.06533,1.06559
2013.03.20 02:09:16.198,1.06532,1.06557
2013.03.20 02:09:25.733,1.06531,1.06557
2013.03.20 02:09:26.355,1.06531,1.06555
2013.03.20 02:09:27.738,1.06531,1.06557
2013.03.20 02:09:28.121,1.06531,1.06557
2013.03.20 02:09:33.882,1.06532,1.06557
2013.03.20 02:09:34.389,1.06531,1.06555
2013.03.20 02:09:34.698,1.06529,1.06551
2013.03.20 02:09:50.978,1.06532,1.06556
2013.03.20 02:09:52.928,1.06532,1.06556
2013.03.20 02:09:53.604,1.06532,1.06556
2013.03.20 02:09:55.189,1.06532,1.06556
2013.03.20 02:09:55.328,1.06532,1.06556
2013.03.20 02:09:56.158,1.06532,1.06556
2013.03.20 02:10:00.534,1.06532,1.06556
2013.03.20 02:10:08.908,1.06532,1.06556
2013.03.20 02:10:08.968,1.06532,1.06557
2013.03.20 02:10:10.558,1.06532,1.06557
2013.03.20 02:10:11.128,1.06532,1.06558
2013.03.20 02:10:11.909,1.06532,1.06557
2013.03.20 02:10:12.458,1.06531,1.06555
2013.03.20 02:10:12.968,1.06532,1.06557
2013.03.20 02:10:15.398,1.06531,1.06555
2013.03.20 02:10:15.699,1.06528,1.06553
2013.03.20 02:10:22.149,1.0653,1.06554
2013.03.20 02:10:29.391,1.06523,1.06547
2013.03.20 02:10:29.748,1.06524,1.06547
2013.03.20 02:10:29.809,1.06524,1.06548
2013.03.20 02:10:30.709,1.06524,1.06548
2013.03.20 02:10:34.116,1.06524,1.06549
2013.03.20 02:10:36.533,1.06524,1.06548
2013.03.20 02:10:39.239,1.06524,1.06548
2013.03.20 02:10:39.828,1.06524,1.06548
2013.03.20 02:10:39.970,1.06531,1.06555
2013.03.20 02:10:40.399,1.06534,1.06559
2013.03.20 02:10:40.459,1.06536,1.0656
2013.03.20 02:10:40.578,1.06534,1.06558
2013.03.20 02:10:41.190,1.06528,1.06553
2013.03.20 02:10:42.292,1.06526,1.06551
2013.03.20 02:10:46.619,1.06525,1.06549
2013.03.20 02:10:48.918,1.06526,1.06549
2013.03.20 02:10:49.428,1.06525,1.06549
2013.03.20 02:10:51.879,1.06525,1.06549
2013.03.20 02:10:52.438,1.06525,1.06549
2013.03.20 02:10:53.159,1.06525,1.06549
2013.03.20 02:10:53.279,1.06522,1.06544
2013.03.20 02:10:53.399,1.06521,1.06545
2013.03.20 02:10:53.939,1.0652,1.06544
2013.03.20 02:10:55.193,1.06519,1.06543
2013.03.20 02:10:56.420,1.0652,1.06544
2013.03.20 02:10:56.961,1.06522,1.06546
2013.03.20 02:10:57.080,1.06525,1.06548
2013.03.20 02:11:03.691,1.06522,1.06545
2013.03.20 02:11:04.622,1.06518,1.06544
2013.03.20 02:11:12.959,1.06518,1.06544
2013.03.20 02:11:13.960,1.06518,1.06544
2013.03.20 02:11:23.868,1.06516,1.06542
2013.03.20 02:11:24.789,1.06515,1.06539
2013.03.20 02:11:24.849,1.06512,1.06537
2013.03.20 02:11:24.969,1.06513,1.06539
2013.03.20 02:11:25.150,1.06515,1.0654
2013.03.20 02:11:25.788,1.06518,1.06543
2013.03.20 02:11:26.809,1.0652,1.06545
2013.03.20 02:11:29.291,1.0652,1.06543
2013.03.20 02:11:29.349,1.06516,1.06542
2013.03.20 02:11:37.794,1.06519,1.06543
2013.03.20 02:11:45.650,1.06516,1.0654
2013.03.20 02:11:48.601,1.06516,1.06539
2013.03.20 02:11:50.070,1.06514,1.0654
2013.03.20 02:11:57.838,1.06514,1.06539
2013.03.20 02:12:01.849,1.06514,1.06539
2013.03.20 02:12:02.089,1.06511,1.06537
2013.03.20 02:12:14.129,1.06511,1.06535
2013.03.20 02:12:18.280,1.06511,1.06535
2013.03.20 02:12:20.239,1.06513,1.06535
2013.03.20 02:12:21.191,1.06511,1.06535
2013.03.20 02:12:23.801,1.06513,1.06537
2013.03.20 02:12:23.989,1.06514,1.06538
2013.03.20 02:12:24.930,1.06514,1.06537
2013.03.20 02:12:25.391,1.06514,1.06535
2013.03.20 02:12:25.529,1.06514,1.06538
2013.03.20 02:12:31.900,1.06514,1.06538
2013.03.20 02:12:46.010,1.06517,1.0654
2013.03.20 02:12:46.069,1.06517,1.06541
2013.03.20 02:12:47.367,1.06517,1.06541
2013.03.20 02:12:51.877,1.06517,1.06541
2013.03.20 02:12:52.441,1.06516,1.0654
