Time,Bid,Ask
2013.03.04 00:00:03.278,1.04732,1.04756
2013.03.04 00:00:16.101,1.0473,1.04754
2013.03.04 00:00:16.226,1.04727,1.04753
2013.03.04 00:00:16.287,1.04724,1.04751
2013.03.04 00:00:21.308,1.04724,1.04748
2013.03.04 00:00:21.609,1.04724,1.04739
2013.03.04 00:00:32.787,1.04711,1.04739
2013.03.04 00:00:40.776,1.04716,1.04743
2013.03.04 00:01:00.877,1.04716,1.04743
2013.03.04 00:01:13.210,1.04713,1.0474
2013.03.04 00:01:15.428,1.04713,1.0474
2013.03.04 00:01:15.488,1.04713,1.04742
2013.03.04 00:01:23.007,1.0472,1.04744
2013.03.04 00:01:23.067,1.0472,1.04744
2013.03.04 00:01:27.587,1.04717,1.04745
2013.03.04 00:01:33.368,1.04717,1.04744
2013.03.04 00:01:33.488,1.04713,1.04742
2013.03.04 00:01:33.678,1.04713,1.04739
2013.03.04 00:01:35.321,1.04715,1.04739
2013.03.04 00:01:35.508,1.0472,1.04745
2013.03.04 00:01:35.567,1.0472,1.04745
2013.03.04 00:01:35.995,1.04719,1.04745
2013.03.04 00:01:36.238,1.04721,1.04746
2013.03.04 00:01:37.688,1.04721,1.04746
2013.03.04 00:01:37.809,1.04731,1.04754
2013.03.04 00:01:37.868,1.04731,1.04754
2013.03.04 00:01:37.928,1.0473,1.04754
2013.03.04 00:01:38.047,1.0473,1.04753
2013.03.04 00:01:38.595,1.04726,1.04752
2013.03.04 00:01:39.879,1.04728,1.04754
2013.03.04 00:01:39.938,1.0473,1.04754
2013.03.04 00:01:40.057,1.0473,1.04754
2013.03.04 00:01:40.298,1.0473,1.04754
2013.03.04 00:01:40.613,1.04725,1.04751
2013.03.04 00:01:42.142,1.04725,1.04751
2013.03.04 00:01:42.274,1.0473,1.04756
2013.03.04 00:01:42.478,1.0473,1.04756
2013.03.04 00:01:44.170,1.0473,1.04757
2013.03.04 00:01:44.358,1.04735,1.04757
2013.03.04 00:01:45.881,1.04731,1.04757
2013.03.04 00:01:46.128,1.04731,1.04757
2013.03.04 00:01:46.367,1.04731,1.04757
2013.03.04 00:01:48.930,1.0473,1.04757
2013.03.04 00:01:49.657,1.04731,1.04756
2013.03.04 00:01:49.841,1.04731,1.04756
2013.03.04 00:01:50.587,1.0473,1.04756
2013.03.04 00:01:55.341,1.0473,1.04756
2013.03.04 00:01:59.880,1.0473,1.04756
2013.03.04 00:02:00.218,1.04726,1.04752
2013.03.04 00:02:04.300,1.04726,1.04752
2013.03.04 00:02:04.718,1.04726,1.04751
2013.03.04 00:02:05.219,1.04721,1.04747
2013.03.04 00:02:06.448,1.0472,1.04747
2013.03.04 00:02:07.098,1.0472,1.04747
2013.03.04 00:02:07.279,1.04722,1.04749
2013.03.04 00:02:07.690,1.04723,1.04748
2013.03.04 00:02:07.748,1.04723,1.04748
2013.03.04 00:02:13.159,1.04726,1.04749
2013.03.04 00:02:13.468,1.04727,1.04753
2013.03.04 00:02:22.888,1.04728,1.04753
2013.03.04 00:02:23.009,1.04731,1.04758
2013.03.04 00:02:31.801,1.04733,1.04758
2013.03.04 00:02:42.098,1.04732,1.04758
2013.03.04 00:02:42.228,1.04732,1.04757
2013.03.04 00:02:42.560,1.04729,1.04755
2013.03.04 00:02:42.868,1.04728,1.04752
2013.03.04 00:02:43.048,1.04722,1.04748
2013.03.04 00:02:43.848,1.04722,1.04748
2013.03.04 00:02:44.157,1.04722,1.04748
2013.03.04 00:02:44.505,1.04717,1.04743
2013.03.04 00:02:54.917,1.04721,1.04748
2013.03.04 00:03:11.819,1.04721,1.04748
2013.03.04 00:03:11.942,1.04727,1.04752
2013.03.04 00:03:31.894,1.04727,1.04753
2013.03.04 00:03:41.360,1.04727,1.04751
2013.03.04 00:03:41.669,1.04722,1.04748
2013.03.04 00:03:42.088,1.04725,1.04751
2013.03.04 00:03:47.067,1.04727,1.04753
2013.03.04 00:04:19.308,1.04728,1.04753
2013.03.04 00:04:19.488,1.04731,1.04755
2013.03.04 00:04:19.548,1.04731,1.04756
2013.03.04 00:04:19.818,1.04736,1.04758
2013.03.04 00:04:19.878,1.04736,1.04759
2013.03.04 00:04:20.597,1.04737,1.04757
2013.03.04 00:04:21.077,1.04733,1.04758
2013.03.04 00:04:21.648,1.04734,1.04757
2013.03.04 00:04:22.161,1.04734,1.04758
2013.03.04 00:05:00.369,1.04734,1.04758
2013.03.04 00:05:02.308,1.04734,1.04755
2013.03.04 00:05:02.847,1.04733,1.04759
2013.03.04 00:05:19.928,1.04733,1.04759
2013.03.04 00:05:20.740,1.04737,1.04759
2013.03.04 00:05:20.816,1.04738,1.04766
2013.03.04 00:05:40.807,1.04739,1.04766
2013.03.04 00:05:41.537,1.04739,1.04766
2013.03.04 00:05:41.898,1.04745,1.0477
2013.03.04 00:05:42.138,1.04745,1.0477
2013.03.04 00:05:42.658,1.04746,1.04769
2013.03.04 00:05:42.718,1.04745,1.04769
2013.03.04 00:05:42.898,1.04745,1.0477
2013.03.04 00:05:43.138,1.04745,1.04769
2013.03.04 00:05:43.440,1.0474,1.04767
2013.03.04 00:05:48.142,1.04737,1.04764
2013.03.04 00:05:48.208,1.04737,1.04764
2013.03.04 00:05:48.560,1.0474,1.04766
2013.03.04 00:05:58.863,1.0474,1.04765
2013.03.04 00:05:59.241,1.04745,1.04771
2013.03.04 00:05:59.488,1.04745,1.04773
2013.03.04 00:06:03.804,1.04745,1.0477
2013.03.04 00:06:04.310,1.04744,1.04766
2013.03.04 00:06:07.148,1.0474,1.04766
2013.03.04 00:06:24.548,1.0474,1.04767
2013.03.04 00:06:24.958,1.0474,1.04766
2013.03.04 00:06:25.608,1.0474,1.04764
2013.03.04 00:06:25.931,1.04736,1.04762
2013.03.04 00:06:26.517,1.04736,1.0476
2013.03.04 00:06:27.059,1.04736,1.0476
2013.03.04 00:06:27.978,1.04736,1.0476
2013.03.04 00:06:28.699,1.04733,1.04758
2013.03.04 00:06:29.231,1.04733,1.04758
2013.03.04 00:06:30.398,1.04733,1.04758
2013.03.04 00:06:31.339,1.04736,1.04758
2013.03.04 00:06:38.257,1.04737,1.0476
2013.03.04 00:06:38.810,1.04737,1.0476
2013.03.04 00:06:43.349,1.0474,1.04763
2013.03.04 00:06:48.889,1.0474,1.04766
2013.03.04 00:06:49.208,1.04743,1.04766
2013.03.04 00:06:49.529,1.04743,1.04766
2013.03.04 00:06:49.814,1.04742,1.04766
2013.03.04 00:06:50.359,1.04739,1.04765
2013.03.04 00:06:52.859,1.04734,1.04761
2013.03.04 00:06:53.140,1.04731,1.04758
2013.03.04 00:06:53.378,1.04731,1.04759
2013.03.04 00:06:54.349,1.04733,1.04761
2013.03.04 00:06:57.949,1.04736,1.04763
2013.03.04 00:07:01.099,1.04731,1.04758
2013.03.04 00:07:01.627,1.04731,1.04758
2013.03.04 00:07:02.293,1.04731,1.04758
2013.03.04 00:07:03.078,1.04731,1.0476
2013.03.04 00:07:03.618,1.04736,1.04766
2013.03.04 00:07:04.186,1.04736,1.0476
2013.03.04 00:07:23.528,1.04735,1.0476
2013.03.04 00:07:33.157,1.04736,1.04762
2013.03.04 00:08:03.833,1.04733,1.04762
2013.03.04 00:08:08.888,1.04733,1.04762
2013.03.04 00:08:09.247,1.04735,1.04762
2013.03.04 00:08:15.378,1.04736,1.04764
2013.03.04 00:08:29.928,1.04739,1.04766
2013.03.04 00:08:30.417,1.04739,1.04768
2013.03.04 00:08:30.535,1.04739,1.04768
2013.03.04 00:08:31.296,1.04744,1.04769
2013.03.04 00:08:33.577,1.04744,1.04769
2013.03.04 00:08:39.039,1.04744,1.04769
2013.03.04 00:08:39.098,1.04744,1.04771
2013.03.04 00:08:39.218,1.04747,1.04773
2013.03.04 00:08:39.974,1.04747,1.04773
2013.03.04 00:08:40.803,1.04747,1.04773
2013.03.04 00:08:41.400,1.04744,1.04773
2013.03.04 00:08:42.968,1.04744,1.04773
2013.03.04 00:08:43.118,1.04742,1.0477
2013.03.04 00:08:43.538,1.04742,1.04768
2013.03.04 00:08:50.858,1.04742,1.04768
2013.03.04 00:08:50.978,1.04741,1.04768
2013.03.04 00:08:51.037,1.04741,1.04768
2013.03.04 00:08:51.369,1.04737,1.04767
2013.03.04 00:08:51.719,1.04737,1.04764
2013.03.04 00:09:51.123,1.04731,1.04763
2013.03.04 00:10:02.085,1.04732,1.04764
2013.03.04 00:10:02.209,1.04739,1.04764
2013.03.04 00:10:02.387,1.04735,1.04764
2013.03.04 00:10:02.448,1.04735,1.04764
2013.03.04 00:10:20.313,1.04737,1.04767
2013.03.04 00:10:24.578,1.04738,1.04767
2013.03.04 00:10:24.697,1.04738,1.04767
2013.03.04 00:10:24.818,1.04742,1.04772
2013.03.04 00:10:24.998,1.04747,1.04775
2013.03.04 00:10:25.578,1.04751,1.04778
2013.03.04 00:10:25.932,1.04751,1.04781
2013.03.04 00:10:26.001,1.04751,1.04782
2013.03.04 00:10:26.307,1.04759,1.04788
2013.03.04 00:10:27.568,1.0476,1.04788
2013.03.04 00:10:27.747,1.04757,1.04784
2013.03.04 00:10:28.649,1.04755,1.04781
2013.03.04 00:10:28.888,1.04756,1.04783
2013.03.04 00:10:29.008,1.04756,1.04784
2013.03.04 00:10:30.074,1.04755,1.04782
2013.03.04 00:10:30.198,1.04755,1.04779
2013.03.04 00:10:30.958,1.04754,1.04783
2013.03.04 00:10:32.987,1.04751,1.04782
2013.03.04 00:10:34.894,1.04751,1.04781
2013.03.04 00:10:38.158,1.04753,1.04782
2013.03.04 00:10:38.338,1.0476,1.04784
2013.03.04 00:10:38.578,1.0476,1.04787
2013.03.04 00:10:38.938,1.04757,1.04785
2013.03.04 00:10:40.853,1.04761,1.04784
2013.03.04 00:10:41.189,1.04766,1.04785
2013.03.04 00:10:41.957,1.04766,1.04785
2013.03.04 00:10:42.598,1.04766,1.04785
2013.03.04 00:10:42.899,1.04758,1.04783
2013.03.04 00:10:42.959,1.04762,1.04784
2013.03.04 00:10:43.140,1.04761,1.04785
2013.03.04 00:10:43.439,1.04761,1.04785
2013.03.04 00:10:48.361,1.04761,1.04788
2013.03.04 00:10:48.488,1.04761,1.04788
2013.03.04 00:10:48.699,1.0476,1.04785
2013.03.04 00:10:49.799,1.04757,1.04785
2013.03.04 00:10:50.048,1.04757,1.04785
2013.03.04 00:10:50.828,1.04758,1.04788
2013.03.04 00:10:50.948,1.04766,1.0479
2013.03.04 00:10:53.908,1.04761,1.04787
2013.03.04 00:10:59.031,1.04754,1.04785
2013.03.04 00:10:59.218,1.04753,1.04782
2013.03.04 00:11:00.571,1.0475,1.04781
2013.03.04 00:11:00.768,1.04749,1.04778
2013.03.04 00:11:01.168,1.04749,1.04774
2013.03.04 00:11:01.289,1.04743,1.04774
2013.03.04 00:11:02.378,1.04743,1.04773
2013.03.04 00:11:02.499,1.04746,1.04773
2013.03.04 00:11:02.818,1.04746,1.04776
2013.03.04 00:11:14.367,1.04749,1.04778
2013.03.04 00:11:14.428,1.04751,1.04778
2013.03.04 00:11:14.611,1.04756,1.04783
2013.03.04 00:11:14.679,1.04756,1.04783
2013.03.04 00:11:14.998,1.04757,1.04785
2013.03.04 00:11:15.118,1.04759,1.04787
2013.03.04 00:11:15.298,1.04761,1.04791
2013.03.04 00:11:15.418,1.04761,1.04791
2013.03.04 00:11:18.288,1.04761,1.04789
2013.03.04 00:11:18.469,1.0476,1.04788
2013.03.04 00:11:18.599,1.0476,1.04786
2013.03.04 00:11:22.192,1.04757,1.04786
2013.03.04 00:11:24.647,1.04754,1.04784
2013.03.04 00:11:24.707,1.04753,1.04779
2013.03.04 00:11:25.118,1.04751,1.04779
2013.03.04 00:11:25.797,1.04751,1.04778
2013.03.04 00:11:26.158,1.0475,1.04775
2013.03.04 00:11:26.408,1.04742,1.04773
2013.03.04 00:11:27.428,1.04746,1.04775
2013.03.04 00:11:31.178,1.04742,1.04774
2013.03.04 00:11:31.658,1.04741,1.04769
2013.03.04 00:11:32.568,1.04739,1.04769
2013.03.04 00:11:32.628,1.04738,1.04769
2013.03.04 00:11:33.207,1.04738,1.04769
2013.03.04 00:11:33.714,1.04738,1.04769
2013.03.04 00:11:37.118,1.04744,1.04771
2013.03.04 00:11:37.178,1.04744,1.04773
2013.03.04 00:11:37.299,1.04746,1.04774
2013.03.04 00:11:37.418,1.04746,1.04775
2013.03.04 00:11:37.728,1.04747,1.04775
2013.03.04 00:11:38.108,1.04747,1.04775
2013.03.04 00:11:38.288,1.04744,1.04773
2013.03.04 00:11:38.409,1.04747,1.04775
2013.03.04 00:11:38.649,1.04744,1.04773
2013.03.04 00:11:38.829,1.04747,1.04775
2013.03.04 00:11:39.370,1.04747,1.04775
2013.03.04 00:11:39.548,1.04745,1.04773
2013.03.04 00:11:39.858,1.04746,1.04773
2013.03.04 00:11:39.986,1.04746,1.04773
2013.03.04 00:11:40.288,1.04746,1.04776
2013.03.04 00:11:40.408,1.0475,1.04778
2013.03.04 00:11:40.587,1.04747,1.04778
2013.03.04 00:11:40.708,1.04747,1.04778
2013.03.04 00:11:41.018,1.04751,1.04778
2013.03.04 00:11:41.137,1.04747,1.04778
2013.03.04 00:11:41.198,1.04747,1.04778
2013.03.04 00:11:41.377,1.0475,1.04779
2013.03.04 00:11:49.738,1.04755,1.04779
2013.03.04 00:11:50.168,1.04755,1.0478
2013.03.04 00:11:58.643,1.04755,1.04783
2013.03.04 00:11:58.709,1.04755,1.04784
2013.03.04 00:12:19.214,1.04755,1.04784
2013.03.04 00:12:30.559,1.04755,1.04785
2013.03.04 00:12:39.371,1.04759,1.04786
2013.03.04 00:12:39.892,1.04759,1.04788
2013.03.04 00:12:55.948,1.04759,1.04786
2013.03.04 00:13:09.977,1.04762,1.04786
2013.03.04 00:13:10.288,1.04764,1.04791
2013.03.04 00:13:17.343,1.04764,1.0479
2013.03.04 00:13:17.468,1.04764,1.0479
2013.03.04 00:13:17.529,1.04762,1.04786
2013.03.04 00:13:58.060,1.0476,1.04786
2013.03.04 00:14:00.788,1.0476,1.04784
2013.03.04 00:14:00.848,1.04758,1.04784
2013.03.04 00:14:01.098,1.04757,1.04784
2013.03.04 00:14:04.949,1.04757,1.04782
2013.03.04 00:14:05.259,1.04753,1.04778
2013.03.04 00:14:05.609,1.04752,1.04776
2013.03.04 00:14:05.668,1.04747,1.04773
2013.03.04 00:14:06.098,1.04746,1.0477
2013.03.04 00:14:06.400,1.04742,1.04768
2013.03.04 00:14:06.818,1.04744,1.04768
2013.03.04 00:14:17.889,1.04746,1.04768
2013.03.04 00:14:18.678,1.04744,1.04768
2013.03.04 00:14:22.961,1.04746,1.04768
2013.03.04 00:14:26.518,1.04746,1.04769
2013.03.04 00:14:36.429,1.04748,1.04769
2013.03.04 00:14:36.549,1.04749,1.04774
2013.03.04 00:14:36.608,1.04752,1.04776
2013.03.04 00:14:36.728,1.04756,1.04776
2013.03.04 00:14:36.972,1.04755,1.04776
2013.03.04 00:14:37.158,1.04756,1.04776
2013.03.04 00:14:37.598,1.04756,1.04782
2013.03.04 00:14:45.528,1.04765,1.04782
2013.03.04 00:14:47.068,1.04758,1.04779
2013.03.04 00:14:47.128,1.04758,1.04777
2013.03.04 00:14:47.188,1.04757,1.04777
2013.03.04 00:15:13.799,1.04756,1.04777
2013.03.04 00:15:18.440,1.04759,1.0478
2013.03.04 00:15:18.509,1.04766,1.04783
2013.03.04 00:15:18.830,1.0477,1.04785
2013.03.04 00:15:19.010,1.04765,1.04783
2013.03.04 00:15:31.999,1.04769,1.04784
2013.03.04 00:15:32.179,1.04766,1.04783
2013.03.04 00:15:39.367,1.04766,1.04786
2013.03.04 00:15:48.469,1.0477,1.04786
2013.03.04 00:15:49.108,1.0477,1.04794
2013.03.04 00:16:01.503,1.0477,1.04792
2013.03.04 00:16:01.808,1.04766,1.04788
2013.03.04 00:16:06.195,1.04771,1.04788
2013.03.04 00:16:08.118,1.04771,1.04793
2013.03.04 00:16:18.978,1.04774,1.04793
2013.03.04 00:16:28.408,1.04774,1.04794
2013.03.04 00:16:29.017,1.04774,1.04796
2013.03.04 00:16:49.548,1.04774,1.04797
2013.03.04 00:16:58.229,1.0478,1.04797
2013.03.04 00:17:09.588,1.0478,1.04801
2013.03.04 00:17:14.409,1.04776,1.04799
2013.03.04 00:17:19.158,1.04781,1.04801
2013.03.04 00:17:20.478,1.04784,1.04801
2013.03.04 00:17:20.538,1.04784,1.04803
2013.03.04 00:17:20.598,1.04784,1.04805
2013.03.04 00:17:21.020,1.04779,1.04805
2013.03.04 00:17:23.228,1.04777,1.04803
2013.03.04 00:17:23.419,1.04774,1.04801
2013.03.04 00:17:30.279,1.04782,1.04801
2013.03.04 00:17:32.248,1.04776,1.04799
2013.03.04 00:17:43.382,1.04776,1.04799
2013.03.04 00:17:46.029,1.04771,1.04796
2013.03.04 00:17:46.459,1.0477,1.04794
2013.03.04 00:17:46.518,1.0477,1.04792
2013.03.04 00:18:02.157,1.0477,1.04792
2013.03.04 00:18:02.218,1.04771,1.04792
2013.03.04 00:18:07.457,1.04771,1.04794
2013.03.04 00:18:28.478,1.04771,1.04793
2013.03.04 00:18:28.779,1.04774,1.04793
2013.03.04 00:18:29.218,1.04774,1.04797
2013.03.04 00:18:42.049,1.04777,1.04802
2013.03.04 00:18:42.108,1.04776,1.048
2013.03.04 00:18:42.408,1.04776,1.04801
2013.03.04 00:18:42.869,1.04778,1.04802
2013.03.04 00:18:42.989,1.04792,1.04805
2013.03.04 00:18:43.109,1.04788,1.04811
2013.03.04 00:18:43.169,1.04783,1.04809
2013.03.04 00:18:43.229,1.04782,1.04809
2013.03.04 00:18:43.290,1.04783,1.04804
2013.03.04 00:18:43.649,1.04777,1.04801
2013.03.04 00:18:44.082,1.04771,1.04794
2013.03.04 00:18:44.208,1.04771,1.04794
2013.03.04 00:18:54.988,1.04772,1.04798
2013.03.04 00:18:55.052,1.04776,1.04798
2013.03.04 00:18:58.238,1.04776,1.04798
2013.03.04 00:19:02.609,1.04776,1.04798
2013.03.04 00:19:03.154,1.04776,1.04796
2013.03.04 00:19:09.109,1.04776,1.04795
2013.03.04 00:19:10.928,1.04776,1.04796
2013.03.04 00:19:11.590,1.04781,1.048
2013.03.04 00:19:11.699,1.04781,1.048
2013.03.04 00:19:12.313,1.04777,1.04798
2013.03.04 00:19:12.448,1.04776,1.04797
2013.03.04 00:19:12.898,1.04775,1.04796
2013.03.04 00:19:13.268,1.04771,1.04794
2013.03.04 00:19:13.569,1.04764,1.04783
2013.03.04 00:19:14.229,1.0476,1.04779
2013.03.04 00:19:14.384,1.0476,1.04779
2013.03.04 00:19:14.449,1.0476,1.04775
2013.03.04 00:19:15.594,1.04756,1.04774
2013.03.04 00:19:15.789,1.04755,1.04769
2013.03.04 00:19:19.728,1.04755,1.04774
2013.03.04 00:19:27.364,1.04756,1.04778
2013.03.04 00:19:27.489,1.04756,1.04778
2013.03.04 00:19:28.156,1.04755,1.04775
2013.03.04 00:19:33.636,1.04756,1.04778
2013.03.04 00:19:34.185,1.04755,1.04775
2013.03.04 00:19:36.199,1.04755,1.04775
2013.03.04 00:19:36.318,1.04753,1.04775
2013.03.04 00:19:41.928,1.04755,1.04775
2013.03.04 00:20:03.139,1.04753,1.04773
2013.03.04 00:20:04.459,1.04744,1.04766
2013.03.04 00:20:04.543,1.04744,1.04768
2013.03.04 00:20:04.728,1.04747,1.04768
2013.03.04 00:20:05.289,1.04749,1.04768
2013.03.04 00:20:06.198,1.04751,1.04773
2013.03.04 00:20:06.258,1.04753,1.04774
2013.03.04 00:20:06.798,1.04753,1.04775
2013.03.04 00:20:21.649,1.04753,1.04775
2013.03.04 00:20:21.889,1.04751,1.04775
2013.03.04 00:20:22.010,1.04745,1.04772
2013.03.04 00:21:02.559,1.04742,1.04763
2013.03.04 00:21:02.738,1.04742,1.04763
2013.03.04 00:21:11.991,1.04742,1.04763
2013.03.04 00:21:12.410,1.04739,1.04763
2013.03.04 00:21:12.649,1.04737,1.04762
2013.03.04 00:21:12.790,1.04739,1.0476
2013.03.04 00:21:14.475,1.04739,1.04759
2013.03.04 00:21:20.062,1.04733,1.04758
2013.03.04 00:21:20.130,1.04731,1.04758
2013.03.04 00:21:20.447,1.04725,1.0475
2013.03.04 00:21:27.420,1.04727,1.04751
2013.03.04 00:21:27.481,1.04727,1.04751
2013.03.04 00:21:28.028,1.04727,1.04753
2013.03.04 00:21:28.208,1.04727,1.04754
2013.03.04 00:21:29.421,1.04732,1.04754
2013.03.04 00:21:29.484,1.04732,1.04754
2013.03.04 00:21:32.329,1.04737,1.04759
2013.03.04 00:21:32.409,1.04737,1.04759
2013.03.04 00:21:32.650,1.04735,1.04757
2013.03.04 00:21:32.711,1.04732,1.04756
2013.03.04 00:21:33.541,1.04732,1.04754
2013.03.04 00:21:33.899,1.04732,1.04754
2013.03.04 00:21:36.859,1.04731,1.04756
2013.03.04 00:21:37.264,1.04732,1.04756
2013.03.04 00:21:38.112,1.04732,1.04754
2013.03.04 00:21:38.239,1.04728,1.04749
2013.03.04 00:21:38.479,1.04724,1.04747
2013.03.04 00:21:43.358,1.04727,1.0475
2013.03.04 00:21:43.420,1.04728,1.0475
2013.03.04 00:21:43.538,1.04728,1.0475
2013.03.04 00:21:44.090,1.04726,1.0475
2013.03.04 00:21:46.608,1.04726,1.0475
2013.03.04 00:21:49.170,1.04732,1.04753
2013.03.04 00:21:49.469,1.04727,1.04751
2013.03.04 00:21:51.309,1.0473,1.04754
2013.03.04 00:21:51.610,1.04735,1.04756
2013.03.04 00:21:51.849,1.04739,1.04762
2013.03.04 00:21:51.908,1.04739,1.04762
2013.03.04 00:21:51.969,1.04739,1.04762
2013.03.04 00:21:52.524,1.04739,1.04763
2013.03.04 00:21:52.849,1.04741,1.04766
2013.03.04 00:21:52.908,1.04742,1.04766
2013.03.04 00:21:53.399,1.04749,1.04771
2013.03.04 00:21:53.460,1.04749,1.04774
2013.03.04 00:21:58.129,1.0475,1.04774
2013.03.04 00:21:58.430,1.04761,1.04775
2013.03.04 00:21:58.671,1.04761,1.04774
2013.03.04 00:21:58.739,1.04758,1.04777
2013.03.04 00:21:58.919,1.04757,1.04778
2013.03.04 00:21:59.909,1.04757,1.04783
2013.03.04 00:21:59.970,1.04759,1.04783
2013.03.04 00:22:00.028,1.04759,1.04783
2013.03.04 00:22:00.150,1.04759,1.0478
2013.03.04 00:22:00.209,1.04753,1.04779
2013.03.04 00:22:06.858,1.04755,1.0478
2013.03.04 00:22:06.919,1.04756,1.0478
2013.03.04 00:22:06.979,1.04759,1.04783
2013.03.04 00:22:07.459,1.04762,1.04783
2013.03.04 00:22:08.343,1.0476,1.04783
2013.03.04 00:22:08.469,1.04759,1.04783
2013.03.04 00:22:09.332,1.04759,1.04783
2013.03.04 00:22:09.569,1.04754,1.04779
2013.03.04 00:22:09.864,1.04754,1.04779
2013.03.04 00:22:09.947,1.04753,1.04779
2013.03.04 00:22:10.279,1.04753,1.04779
2013.03.04 00:22:10.339,1.04753,1.04779
2013.03.04 00:22:10.459,1.04753,1.04775
2013.03.04 00:22:10.579,1.04752,1.04773
2013.03.04 00:22:10.759,1.04752,1.04773
2013.03.04 00:22:11.019,1.04752,1.04773
2013.03.04 00:22:13.597,1.04752,1.04773
2013.03.04 00:22:13.660,1.04751,1.04772
2013.03.04 00:22:13.720,1.04747,1.04772
2013.03.04 00:22:13.901,1.04747,1.04772
2013.03.04 00:22:14.019,1.04747,1.04774
2013.03.04 00:22:14.090,1.04747,1.04773
2013.03.04 00:22:14.209,1.04747,1.0477
2013.03.04 00:22:33.810,1.04747,1.0477
2013.03.04 00:22:33.988,1.04748,1.04774
2013.03.04 00:22:34.109,1.04751,1.04777
2013.03.04 00:22:34.229,1.04753,1.04778
2013.03.04 00:22:35.131,1.04755,1.04779
2013.03.04 00:22:35.189,1.04756,1.04781
2013.03.04 00:22:39.679,1.04753,1.04778
2013.03.04 00:22:39.799,1.04754,1.04778
2013.03.04 00:23:13.629,1.04757,1.0478
2013.03.04 00:23:13.749,1.04758,1.0478
2013.03.04 00:23:18.159,1.04761,1.04785
2013.03.04 00:23:18.219,1.04762,1.04788
2013.03.04 00:23:18.279,1.04763,1.04789
2013.03.04 00:23:18.870,1.04763,1.04789
2013.03.04 00:23:18.990,1.04762,1.04789
2013.03.04 00:23:20.300,1.04762,1.04789
2013.03.04 00:23:20.422,1.04763,1.04789
2013.03.04 00:23:20.706,1.04763,1.04789
2013.03.04 00:23:22.871,1.04763,1.04789
2013.03.04 00:23:22.989,1.04762,1.04785
2013.03.04 00:23:27.938,1.04763,1.04788
2013.03.04 00:23:28.060,1.04763,1.04789
2013.03.04 00:23:29.310,1.04763,1.04789
2013.03.04 00:23:29.479,1.04762,1.04788
2013.03.04 00:23:30.039,1.04759,1.04784
2013.03.04 00:23:30.099,1.04759,1.04783
2013.03.04 00:23:30.339,1.04757,1.04783
2013.03.04 00:23:39.540,1.04757,1.04783
2013.03.04 00:23:39.729,1.04758,1.04783
2013.03.04 00:23:39.839,1.04758,1.04783
2013.03.04 00:23:43.303,1.04761,1.04784
2013.03.04 00:23:43.829,1.0476,1.04783
2013.03.04 00:23:44.069,1.0476,1.04783
2013.03.04 00:23:53.878,1.04762,1.04785
2013.03.04 00:23:54.058,1.04763,1.04789
2013.03.04 00:23:54.539,1.04767,1.04789
2013.03.04 00:23:54.759,1.04769,1.0479
2013.03.04 00:23:55.108,1.04767,1.04789
2013.03.04 00:24:24.788,1.04766,1.0479
2013.03.04 00:24:24.941,1.04766,1.04789
2013.03.04 00:24:25.058,1.04768,1.04794
2013.03.04 00:24:27.338,1.04769,1.04794
2013.03.04 00:24:27.459,1.04772,1.04794
2013.03.04 00:24:46.293,1.0477,1.04794
2013.03.04 00:24:46.420,1.04769,1.04794
2013.03.04 00:24:46.479,1.04769,1.04792
2013.03.04 00:24:46.781,1.04764,1.04789
2013.03.04 00:24:52.342,1.04763,1.04789
2013.03.04 00:24:52.590,1.04758,1.04782
2013.03.04 00:24:53.010,1.04759,1.04779
2013.03.04 00:24:53.199,1.04757,1.04781
2013.03.04 00:24:53.439,1.04759,1.04781
2013.03.04 00:24:55.691,1.04759,1.04783
2013.03.04 00:24:58.058,1.0476,1.04784
2013.03.04 00:24:58.119,1.04761,1.04784
2013.03.04 00:24:59.590,1.04758,1.04783
2013.03.04 00:25:02.838,1.04758,1.04783
2013.03.04 00:25:02.900,1.04757,1.04783
2013.03.04 00:25:21.359,1.04756,1.04781
2013.03.04 00:25:21.419,1.04757,1.04781
2013.03.04 00:25:21.739,1.04757,1.04784
2013.03.04 00:25:28.538,1.04759,1.04787
2013.03.04 00:25:28.599,1.04761,1.04788
2013.03.04 00:25:28.719,1.04761,1.04788
2013.03.04 00:25:28.839,1.04766,1.04794
2013.03.04 00:25:28.959,1.04771,1.04794
2013.03.04 00:25:29.319,1.04766,1.04789
2013.03.04 00:25:29.379,1.04767,1.04792
2013.03.04 00:25:29.559,1.04767,1.04793
2013.03.04 00:25:29.619,1.04766,1.04792
2013.03.04 00:25:29.954,1.04766,1.04792
2013.03.04 00:25:30.138,1.04766,1.04794
2013.03.04 00:25:30.730,1.04772,1.04794
2013.03.04 00:25:30.911,1.04771,1.04796
2013.03.04 00:25:31.270,1.04772,1.04796
2013.03.04 00:25:35.020,1.04769,1.04796
2013.03.04 00:25:55.620,1.04769,1.04794
2013.03.04 00:25:55.799,1.04769,1.04793
2013.03.04 00:26:17.329,1.04766,1.04791
2013.03.04 00:26:17.449,1.04767,1.04791
2013.03.04 00:26:17.509,1.04767,1.04791
2013.03.04 00:26:21.019,1.04768,1.04794
2013.03.04 00:26:22.699,1.04771,1.04794
2013.03.04 00:26:22.939,1.04769,1.04794
2013.03.04 00:26:23.171,1.04775,1.04797
2013.03.04 00:26:49.020,1.04768,1.04795
2013.03.04 00:26:49.440,1.04773,1.04794
2013.03.04 00:26:49.680,1.04773,1.04795
2013.03.04 00:27:11.109,1.0477,1.04797
2013.03.04 00:27:11.244,1.04768,1.04794
2013.03.04 00:27:17.579,1.04765,1.04789
2013.03.04 00:27:17.760,1.04762,1.04788
2013.03.04 00:27:18.299,1.04761,1.04784
2013.03.04 00:27:28.669,1.04761,1.04788
2013.03.04 00:27:28.789,1.04762,1.04788
2013.03.04 00:27:28.850,1.04762,1.04788
2013.03.04 00:27:31.349,1.04762,1.04788
2013.03.04 00:27:31.479,1.04753,1.04781
2013.03.04 00:27:31.541,1.04755,1.04778
2013.03.04 00:27:31.600,1.04755,1.04778
2013.03.04 00:27:31.781,1.04759,1.04783
2013.03.04 00:27:31.900,1.04759,1.04782
2013.03.04 00:27:32.140,1.04759,1.04775
2013.03.04 00:27:32.259,1.04759,1.04779
2013.03.04 00:27:36.376,1.04759,1.04782
2013.03.04 00:27:36.620,1.04759,1.04784
2013.03.04 00:27:36.816,1.04759,1.04784
2013.03.04 00:27:37.002,1.04762,1.04783
2013.03.04 00:27:37.359,1.04759,1.0478
2013.03.04 00:27:37.420,1.04761,1.04783
2013.03.04 00:27:37.720,1.04759,1.04785
2013.03.04 00:27:38.179,1.04765,1.04791
2013.03.04 00:27:38.239,1.04765,1.04791
2013.03.04 00:27:38.419,1.04767,1.04791
2013.03.04 00:27:38.598,1.04767,1.04791
2013.03.04 00:27:40.931,1.04763,1.04786
2013.03.04 00:27:40.993,1.0476,1.04782
2013.03.04 00:27:41.329,1.0476,1.04782
2013.03.04 00:27:41.390,1.0476,1.04782
2013.03.04 00:27:41.520,1.04759,1.04783
2013.03.04 00:27:42.124,1.04759,1.04786
2013.03.04 00:27:43.070,1.04759,1.04783
2013.03.04 00:27:43.410,1.04758,1.04779
2013.03.04 00:27:59.586,1.04758,1.04779
2013.03.04 00:27:59.770,1.04756,1.04775
2013.03.04 00:28:04.129,1.04753,1.04778
2013.03.04 00:28:04.249,1.04755,1.04778
2013.03.04 00:28:09.060,1.04755,1.04778
2013.03.04 00:28:09.240,1.04749,1.04772
2013.03.04 00:28:09.420,1.04745,1.04769
2013.03.04 00:28:10.371,1.04746,1.0477
2013.03.04 00:28:10.559,1.04746,1.0477
2013.03.04 00:28:13.939,1.04746,1.0477
2013.03.04 00:28:14.060,1.04741,1.04767
2013.03.04 00:28:14.597,1.04741,1.04765
2013.03.04 00:28:14.839,1.0474,1.04764
2013.03.04 00:28:19.035,1.04741,1.04765
2013.03.04 00:28:19.224,1.04741,1.04765
2013.03.04 00:28:19.715,1.04746,1.04767
2013.03.04 00:28:31.580,1.04742,1.04767
2013.03.04 00:28:34.209,1.04742,1.04765
2013.03.04 00:28:34.269,1.04742,1.04764
2013.03.04 00:28:35.740,1.04746,1.04765
2013.03.04 00:28:35.799,1.04746,1.04768
2013.03.04 00:28:43.230,1.04742,1.04768
2013.03.04 00:29:04.340,1.04741,1.04763
2013.03.04 00:29:10.632,1.04741,1.04769
2013.03.04 00:29:11.240,1.04741,1.04769
2013.03.04 00:29:11.420,1.04744,1.04769
2013.03.04 00:29:11.998,1.04744,1.04769
2013.03.04 00:29:12.341,1.04742,1.04768
2013.03.04 00:29:14.129,1.04746,1.04769
2013.03.04 00:29:14.311,1.04748,1.04771
2013.03.04 00:29:14.430,1.04748,1.04771
2013.03.04 00:29:17.693,1.04748,1.04771
2013.03.04 00:29:19.499,1.04748,1.04774
2013.03.04 00:29:20.428,1.04748,1.04774
2013.03.04 00:29:23.179,1.04751,1.04774
2013.03.04 00:29:23.239,1.04751,1.04774
2013.03.04 00:29:23.419,1.0475,1.04774
2013.03.04 00:29:23.539,1.04752,1.04778
2013.03.04 00:29:23.659,1.04752,1.04778
2013.03.04 00:29:25.238,1.04757,1.04784
2013.03.04 00:29:26.448,1.04753,1.04781
2013.03.04 00:29:26.750,1.04753,1.04779
2013.03.04 00:29:26.969,1.04748,1.04776
2013.03.04 00:29:27.309,1.04747,1.04773
2013.03.04 00:29:32.771,1.04747,1.04773
2013.03.04 00:29:35.729,1.04748,1.04773
2013.03.04 00:29:36.268,1.04747,1.04776
2013.03.04 00:29:37.039,1.04749,1.04776
2013.03.04 00:29:37.349,1.04752,1.04776
2013.03.04 00:29:37.529,1.04756,1.04781
2013.03.04 00:29:38.045,1.04756,1.04781
2013.03.04 00:29:38.969,1.04754,1.0478
2013.03.04 00:29:39.298,1.04754,1.04778
2013.03.04 00:29:41.499,1.04754,1.04781
2013.03.04 00:29:43.688,1.04759,1.04781
2013.03.04 00:29:44.579,1.04757,1.04781
2013.03.04 00:29:44.758,1.04752,1.0478
2013.03.04 00:29:45.893,1.04753,1.0478
2013.03.04 00:29:46.999,1.04763,1.0478
2013.03.04 00:29:47.649,1.04771,1.04785
2013.03.04 00:29:47.951,1.04767,1.04785
2013.03.04 00:29:48.069,1.04765,1.04787
2013.03.04 00:29:48.619,1.04762,1.04787
2013.03.04 00:29:49.347,1.04762,1.04787
2013.03.04 00:29:50.313,1.04761,1.04787
2013.03.04 00:29:50.533,1.04761,1.04787
2013.03.04 00:29:50.599,1.04772,1.0479
2013.03.04 00:29:50.719,1.04772,1.04796
2013.03.04 00:29:51.214,1.04772,1.04795
2013.03.04 00:29:51.568,1.04771,1.04797
2013.03.04 00:29:51.633,1.04771,1.04797
2013.03.04 00:29:52.013,1.04769,1.04793
2013.03.04 00:29:52.082,1.04767,1.04793
2013.03.04 00:29:52.200,1.04766,1.04786
2013.03.04 00:29:52.889,1.04758,1.04786
2013.03.04 00:29:53.009,1.04758,1.04784
2013.03.04 00:29:53.354,1.04753,1.04781
2013.03.04 00:29:54.999,1.04759,1.04785
2013.03.04 00:29:55.179,1.04749,1.04804
2013.03.04 00:29:56.980,1.04752,1.04804
2013.03.04 00:29:57.649,1.04754,1.04804
2013.03.04 00:29:57.898,1.04755,1.04809
2013.03.04 00:29:59.339,1.04751,1.04811
2013.03.04 00:29:59.698,1.04749,1.04806
2013.03.04 00:30:01.579,1.04751,1.04803
2013.03.04 00:30:01.880,1.04748,1.04786
2013.03.04 00:30:02.000,1.04736,1.04784
2013.03.04 00:30:02.119,1.04737,1.04784
2013.03.04 00:30:02.179,1.04737,1.04782
2013.03.04 00:30:02.239,1.04732,1.04782
2013.03.04 00:30:02.659,1.04733,1.04782
2013.03.04 00:30:02.779,1.04733,1.04753
2013.03.04 00:30:02.900,1.04736,1.04778
2013.03.04 00:30:02.960,1.04735,1.04755
2013.03.04 00:30:03.019,1.04736,1.04755
2013.03.04 00:30:03.079,1.04736,1.04764
2013.03.04 00:30:03.140,1.04732,1.04763
2013.03.04 00:30:03.320,1.04722,1.04758
2013.03.04 00:30:03.553,1.04722,1.04758
2013.03.04 00:30:03.891,1.04707,1.04755
2013.03.04 00:30:04.266,1.04707,1.04753
2013.03.04 00:30:04.781,1.04686,1.04749
2013.03.04 00:30:05.198,1.04686,1.04749
2013.03.04 00:30:05.440,1.04683,1.04748
2013.03.04 00:30:05.849,1.04696,1.04749
2013.03.04 00:30:06.232,1.04705,1.04749
2013.03.04 00:30:06.783,1.047,1.04753
2013.03.04 00:30:07.378,1.04696,1.04753
2013.03.04 00:30:07.659,1.04711,1.04754
2013.03.04 00:30:07.879,1.04704,1.04754
2013.03.04 00:30:08.139,1.04696,1.04753
2013.03.04 00:30:08.259,1.04696,1.04743
2013.03.04 00:30:08.501,1.04687,1.04704
2013.03.04 00:30:08.620,1.04671,1.04713
2013.03.04 00:30:08.801,1.04681,1.04729
2013.03.04 00:30:08.860,1.04682,1.04734
2013.03.04 00:30:09.161,1.04686,1.04734
2013.03.04 00:30:09.222,1.04684,1.04734
2013.03.04 00:30:09.369,1.04677,1.0473
2013.03.04 00:30:09.729,1.04677,1.04723
2013.03.04 00:30:10.150,1.04682,1.04729
2013.03.04 00:30:10.570,1.04682,1.04729
2013.03.04 00:30:10.819,1.04676,1.04724
2013.03.04 00:30:11.470,1.04679,1.04728
2013.03.04 00:30:11.895,1.0469,1.04733
2013.03.04 00:30:12.800,1.04684,1.04728
2013.03.04 00:30:13.109,1.04684,1.04734
2013.03.04 00:30:13.350,1.04684,1.04728
2013.03.04 00:30:13.410,1.04683,1.0473
2013.03.04 00:30:13.590,1.04683,1.0473
2013.03.04 00:30:13.900,1.04681,1.04719
2013.03.04 00:30:15.110,1.04684,1.04713
2013.03.04 00:30:16.830,1.04679,1.04714
2013.03.04 00:30:17.060,1.04685,1.04715
2013.03.04 00:30:17.249,1.04691,1.04717
2013.03.04 00:30:17.370,1.047,1.04722
2013.03.04 00:30:17.491,1.04692,1.04721
2013.03.04 00:30:17.612,1.04694,1.04721
2013.03.04 00:30:17.790,1.04698,1.04733
2013.03.04 00:30:18.525,1.04698,1.04732
2013.03.04 00:30:18.819,1.04698,1.04732
2013.03.04 00:30:19.583,1.04698,1.04732
2013.03.04 00:30:19.710,1.04698,1.04732
2013.03.04 00:30:20.060,1.04696,1.04733
2013.03.04 00:30:20.390,1.04696,1.04731
2013.03.04 00:30:20.520,1.04693,1.04732
2013.03.04 00:30:20.580,1.04691,1.04729
2013.03.04 00:30:21.130,1.04689,1.04729
2013.03.04 00:30:21.470,1.04689,1.04723
2013.03.04 00:30:22.499,1.04687,1.04723
2013.03.04 00:30:22.559,1.04684,1.04723
2013.03.04 00:30:22.940,1.04684,1.04724
2013.03.04 00:30:23.250,1.04689,1.04729
2013.03.04 00:30:23.884,1.04689,1.04729
2013.03.04 00:30:23.950,1.04689,1.04729
2013.03.04 00:30:27.158,1.04689,1.04729
2013.03.04 00:30:27.223,1.04689,1.04729
2013.03.04 00:30:28.569,1.04689,1.04729
2013.03.04 00:30:28.690,1.04687,1.04726
2013.03.04 00:30:28.750,1.04687,1.04724
2013.03.04 00:30:29.656,1.04686,1.04723
2013.03.04 00:30:30.213,1.04685,1.04722
2013.03.04 00:30:30.400,1.04683,1.04719
2013.03.04 00:30:30.709,1.04686,1.04714
2013.03.04 00:30:31.010,1.04686,1.04712
2013.03.04 00:30:31.085,1.04684,1.04709
2013.03.04 00:30:31.150,1.04683,1.04709
2013.03.04 00:30:31.690,1.04677,1.04704
2013.03.04 00:30:32.301,1.04676,1.04702
2013.03.04 00:30:32.730,1.04676,1.04702
2013.03.04 00:30:32.970,1.04677,1.04702
2013.03.04 00:30:33.092,1.04681,1.04707
2013.03.04 00:30:33.519,1.04681,1.04708
2013.03.04 00:30:34.102,1.04687,1.04708
2013.03.04 00:30:34.160,1.04687,1.04709
2013.03.04 00:30:34.280,1.04682,1.04709
2013.03.04 00:30:35.990,1.04682,1.04708
2013.03.04 00:30:36.230,1.04682,1.04709
2013.03.04 00:30:37.008,1.04682,1.04709
2013.03.04 00:30:37.381,1.04676,1.04706
2013.03.04 00:30:37.440,1.04676,1.04706
2013.03.04 00:30:37.900,1.04676,1.04706
2013.03.04 00:30:39.880,1.04678,1.04709
2013.03.04 00:30:40.122,1.04682,1.04711
2013.03.04 00:30:40.240,1.04682,1.0471
2013.03.04 00:30:40.821,1.04678,1.04705
2013.03.04 00:30:40.880,1.04677,1.04704
2013.03.04 00:30:41.000,1.04677,1.04704
2013.03.04 00:30:41.312,1.04677,1.04703
2013.03.04 00:30:41.550,1.04668,1.04698
2013.03.04 00:30:41.610,1.04672,1.04699
2013.03.04 00:30:41.935,1.04671,1.04698
2013.03.04 00:30:42.000,1.04671,1.04698
2013.03.04 00:30:42.060,1.04671,1.04698
2013.03.04 00:30:42.181,1.04671,1.04698
2013.03.04 00:30:42.312,1.04671,1.04698
2013.03.04 00:30:42.860,1.04676,1.04703
2013.03.04 00:30:42.919,1.04676,1.04702
2013.03.04 00:30:43.046,1.04676,1.04702
2013.03.04 00:30:43.291,1.04676,1.04703
2013.03.04 00:30:43.531,1.04671,1.04698
2013.03.04 00:30:45.050,1.04668,1.04698
2013.03.04 00:30:45.270,1.04671,1.04698
2013.03.04 00:30:45.650,1.04672,1.04701
2013.03.04 00:30:45.710,1.04674,1.04702
2013.03.04 00:30:45.770,1.04672,1.047
2013.03.04 00:30:46.890,1.04675,1.04702
2013.03.04 00:30:47.419,1.04675,1.04701
2013.03.04 00:30:47.481,1.04675,1.04701
2013.03.04 00:30:47.671,1.04666,1.04694
2013.03.04 00:30:48.404,1.04664,1.04692
2013.03.04 00:30:49.620,1.04664,1.04692
2013.03.04 00:30:50.433,1.04664,1.04692
2013.03.04 00:30:53.524,1.04662,1.0469
2013.03.04 00:30:55.080,1.04666,1.04692
2013.03.04 00:30:57.230,1.04664,1.04693
2013.03.04 00:30:58.660,1.04666,1.04693
2013.03.04 00:30:59.841,1.04662,1.04688
2013.03.04 00:31:00.032,1.04662,1.04688
2013.03.04 00:31:00.092,1.04662,1.04688
2013.03.04 00:31:00.430,1.04662,1.04688
2013.03.04 00:31:00.491,1.04666,1.04691
2013.03.04 00:31:00.671,1.04671,1.04697
2013.03.04 00:31:00.911,1.04669,1.04697
2013.03.04 00:31:01.030,1.04666,1.04694
2013.03.04 00:31:03.210,1.04662,1.04688
2013.03.04 00:31:06.381,1.04666,1.04691
2013.03.04 00:31:06.936,1.04666,1.04691
2013.03.04 00:31:08.120,1.04666,1.04692
2013.03.04 00:31:09.321,1.04668,1.04692
2013.03.04 00:31:09.620,1.04673,1.04695
2013.03.04 00:31:09.680,1.04673,1.04697
2013.03.04 00:31:09.861,1.04673,1.04699
2013.03.04 00:31:10.681,1.04673,1.04699
2013.03.04 00:31:13.689,1.04673,1.04699
2013.03.04 00:31:13.881,1.04677,1.04699
2013.03.04 00:31:14.280,1.04678,1.04703
2013.03.04 00:31:15.199,1.04672,1.04699
2013.03.04 00:31:15.261,1.04673,1.047
2013.03.04 00:31:18.043,1.04673,1.04701
2013.03.04 00:31:18.589,1.04674,1.04701
2013.03.04 00:31:19.600,1.04676,1.04701
2013.03.04 00:31:19.720,1.04676,1.04701
2013.03.04 00:31:20.720,1.04674,1.04703
2013.03.04 00:31:22.109,1.04675,1.04703
2013.03.04 00:31:22.169,1.04676,1.04703
2013.03.04 00:31:22.651,1.0468,1.04706
2013.03.04 00:31:22.710,1.0468,1.04706
2013.03.04 00:31:23.515,1.0468,1.04707
2013.03.04 00:31:23.901,1.0468,1.04706
2013.03.04 00:31:23.961,1.04675,1.04703
2013.03.04 00:31:24.080,1.04675,1.04703
2013.03.04 00:31:24.260,1.04677,1.04703
2013.03.04 00:31:24.630,1.04681,1.04703
2013.03.04 00:31:24.750,1.04682,1.04705
2013.03.04 00:31:25.301,1.04682,1.04708
2013.03.04 00:31:26.408,1.04682,1.04709
2013.03.04 00:31:26.530,1.04682,1.04709
2013.03.04 00:31:28.880,1.04679,1.04706
2013.03.04 00:31:28.940,1.04677,1.04704
2013.03.04 00:31:29.119,1.04676,1.04704
2013.03.04 00:31:29.731,1.04676,1.04704
2013.03.04 00:31:29.790,1.04677,1.04707
2013.03.04 00:31:29.851,1.04681,1.04708
2013.03.04 00:31:30.390,1.04682,1.04708
2013.03.04 00:31:31.000,1.04682,1.04709
2013.03.04 00:31:32.201,1.04683,1.04712
2013.03.04 00:31:32.260,1.04686,1.04713
2013.03.04 00:31:33.279,1.04687,1.04714
2013.03.04 00:31:36.099,1.04689,1.04717
2013.03.04 00:31:36.240,1.04689,1.04717
2013.03.04 00:31:36.359,1.04689,1.04717
2013.03.04 00:31:37.043,1.04686,1.04713
2013.03.04 00:31:37.610,1.04685,1.04713
2013.03.04 00:31:37.671,1.04686,1.04714
2013.03.04 00:31:38.044,1.04691,1.04718
2013.03.04 00:31:38.110,1.0469,1.04718
2013.03.04 00:31:38.230,1.0469,1.04718
2013.03.04 00:31:38.771,1.04694,1.04721
2013.03.04 00:31:39.640,1.04689,1.04718
2013.03.04 00:31:40.831,1.04691,1.04719
2013.03.04 00:31:41.386,1.04693,1.04719
2013.03.04 00:31:41.750,1.04696,1.04719
2013.03.04 00:31:42.054,1.04695,1.04719
2013.03.04 00:31:42.120,1.04697,1.04724
2013.03.04 00:31:42.431,1.04697,1.04723
2013.03.04 00:31:42.980,1.04696,1.04723
2013.03.04 00:31:43.043,1.04697,1.04724
2013.03.04 00:31:47.349,1.04697,1.04724
2013.03.04 00:31:47.409,1.04696,1.04723
2013.03.04 00:31:47.469,1.04696,1.04723
2013.03.04 00:31:47.771,1.04695,1.04723
2013.03.04 00:31:47.890,1.04692,1.0472
2013.03.04 00:31:48.252,1.04688,1.04714
2013.03.04 00:31:48.310,1.04686,1.04713
2013.03.04 00:31:48.430,1.0469,1.04717
2013.03.04 00:31:48.750,1.04692,1.04719
2013.03.04 00:31:48.811,1.04692,1.0472
2013.03.04 00:31:49.110,1.04697,1.04722
2013.03.04 00:31:49.702,1.04696,1.04722
2013.03.04 00:31:49.761,1.04693,1.0472
2013.03.04 00:31:49.822,1.04692,1.04719
2013.03.04 00:31:50.202,1.04693,1.04719
2013.03.04 00:31:50.520,1.04696,1.04724
2013.03.04 00:31:50.661,1.04696,1.04722
2013.03.04 00:31:50.841,1.0469,1.04716
2013.03.04 00:31:51.199,1.04685,1.04713
2013.03.04 00:31:51.379,1.04687,1.04713
2013.03.04 00:31:51.500,1.04699,1.04723
2013.03.04 00:31:52.063,1.04704,1.04731
2013.03.04 00:31:52.130,1.04703,1.04731
2013.03.04 00:31:52.372,1.04704,1.0473
2013.03.04 00:31:52.731,1.0471,1.04736
2013.03.04 00:31:53.324,1.04708,1.04736
2013.03.04 00:31:54.592,1.04709,1.04734
2013.03.04 00:31:54.950,1.04707,1.04733
2013.03.04 00:31:55.723,1.04702,1.04729
2013.03.04 00:31:56.218,1.04702,1.04729
2013.03.04 00:31:58.210,1.047,1.04729
2013.03.04 00:31:58.330,1.04696,1.04725
2013.03.04 00:31:58.450,1.04694,1.04723
2013.03.04 00:31:58.870,1.04694,1.04719
2013.03.04 00:31:59.188,1.04694,1.04722
2013.03.04 00:32:01.271,1.04697,1.04723
2013.03.04 00:32:01.331,1.04703,1.04729
2013.03.04 00:32:01.390,1.04704,1.04729
2013.03.04 00:32:01.632,1.04716,1.04739
2013.03.04 00:32:01.810,1.04717,1.04744
2013.03.04 00:32:02.112,1.04719,1.04746
2013.03.04 00:32:02.190,1.04719,1.04746
2013.03.04 00:32:02.508,1.04725,1.04752
2013.03.04 00:32:02.919,1.04723,1.0475
2013.03.04 00:32:03.349,1.04723,1.04749
2013.03.04 00:32:03.650,1.04725,1.0475
2013.03.04 00:32:03.891,1.04723,1.0475
2013.03.04 00:32:03.950,1.04723,1.0475
2013.03.04 00:32:04.312,1.04723,1.04749
2013.03.04 00:32:04.370,1.04721,1.04746
2013.03.04 00:32:04.430,1.04719,1.04745
2013.03.04 00:32:04.731,1.04713,1.0474
2013.03.04 00:32:05.050,1.0472,1.0474
2013.03.04 00:32:05.290,1.0472,1.04745
2013.03.04 00:32:05.709,1.04717,1.04743
2013.03.04 00:32:05.889,1.04714,1.04741
2013.03.04 00:32:06.197,1.04714,1.0474
2013.03.04 00:32:07.441,1.04722,1.04748
2013.03.04 00:32:07.731,1.04729,1.04753
2013.03.04 00:32:07.920,1.04729,1.04754
2013.03.04 00:32:12.600,1.04734,1.04758
2013.03.04 00:32:12.779,1.04734,1.04761
2013.03.04 00:32:12.900,1.04731,1.04759
2013.03.04 00:32:12.960,1.04731,1.04758
2013.03.04 00:32:13.320,1.04734,1.04761
2013.03.04 00:32:13.680,1.0474,1.04764
2013.03.04 00:32:14.200,1.04738,1.04761
2013.03.04 00:32:14.261,1.04733,1.04758
2013.03.04 00:32:14.320,1.04732,1.04758
2013.03.04 00:32:14.721,1.04732,1.04757
2013.03.04 00:32:15.210,1.04726,1.04753
2013.03.04 00:32:15.400,1.04725,1.04752
2013.03.04 00:32:15.660,1.04721,1.04749
2013.03.04 00:32:15.870,1.04725,1.04749
2013.03.04 00:32:16.500,1.04727,1.04751
2013.03.04 00:32:16.681,1.04727,1.04753
2013.03.04 00:32:16.740,1.04727,1.04753
2013.03.04 00:32:16.799,1.04731,1.04757
2013.03.04 00:32:16.920,1.04731,1.04757
2013.03.04 00:32:17.185,1.04736,1.0476
2013.03.04 00:32:17.785,1.04732,1.04757
2013.03.04 00:32:17.851,1.04732,1.04757
2013.03.04 00:32:18.380,1.04732,1.04757
2013.03.04 00:32:18.501,1.04729,1.04755
2013.03.04 00:32:18.940,1.04732,1.04756
2013.03.04 00:32:19.600,1.04726,1.04753
2013.03.04 00:32:19.961,1.04723,1.0475
2013.03.04 00:32:20.200,1.04718,1.04744
2013.03.04 00:32:22.452,1.0472,1.04744
2013.03.04 00:32:22.810,1.04724,1.04749
2013.03.04 00:32:22.999,1.04724,1.04749
2013.03.04 00:32:23.198,1.04727,1.04751
2013.03.04 00:32:23.401,1.0473,1.04754
2013.03.04 00:32:25.149,1.0473,1.04756
2013.03.04 00:32:28.281,1.0473,1.04756
2013.03.04 00:32:28.642,1.04725,1.0475
2013.03.04 00:32:29.070,1.04726,1.04753
2013.03.04 00:32:30.139,1.04726,1.04753
2013.03.04 00:32:30.937,1.04726,1.04752
2013.03.04 00:32:32.343,1.04725,1.04752
2013.03.04 00:32:32.550,1.04722,1.04745
2013.03.04 00:32:32.791,1.04722,1.04748
2013.03.04 00:32:33.089,1.04726,1.04752
2013.03.04 00:32:33.552,1.04728,1.04754
2013.03.04 00:32:33.790,1.04728,1.04754
2013.03.04 00:32:34.139,1.04727,1.04753
2013.03.04 00:32:36.899,1.04728,1.04754
2013.03.04 00:32:37.265,1.04728,1.04754
2013.03.04 00:32:39.381,1.04727,1.04752
2013.03.04 00:32:39.499,1.04727,1.04752
2013.03.04 00:32:41.599,1.04722,1.04748
2013.03.04 00:32:41.720,1.0472,1.04743
2013.03.04 00:32:43.590,1.04722,1.04749
2013.03.04 00:32:43.657,1.04722,1.04749
2013.03.04 00:32:44.111,1.04722,1.04748
2013.03.04 00:32:44.230,1.04722,1.04748
2013.03.04 00:32:45.321,1.04722,1.04748
2013.03.04 00:32:45.649,1.04722,1.04748
2013.03.04 00:32:47.117,1.04722,1.04748
2013.03.04 00:32:47.182,1.0472,1.04742
2013.03.04 00:32:47.310,1.04723,1.04742
2013.03.04 00:32:47.812,1.04717,1.04738
2013.03.04 00:32:51.160,1.04717,1.04741
2013.03.04 00:32:51.281,1.0471,1.04736
2013.03.04 00:32:51.600,1.04716,1.04743
2013.03.04 00:32:51.730,1.04716,1.04739
2013.03.04 00:32:51.851,1.04716,1.04743
2013.03.04 00:32:51.975,1.04722,1.04743
2013.03.04 00:32:52.428,1.0472,1.04746
2013.03.04 00:32:52.501,1.0472,1.04746
2013.03.04 00:32:52.680,1.04716,1.0474
2013.03.04 00:32:52.740,1.04715,1.04739
2013.03.04 00:32:52.861,1.04716,1.0474
2013.03.04 00:32:52.922,1.04719,1.0474
2013.03.04 00:32:53.260,1.04716,1.04743
2013.03.04 00:32:53.439,1.04718,1.04743
2013.03.04 00:32:54.195,1.04721,1.04743
2013.03.04 00:32:54.320,1.04722,1.04746
2013.03.04 00:33:05.600,1.04724,1.04747
2013.03.04 00:33:05.660,1.04717,1.04743
2013.03.04 00:33:06.590,1.04719,1.04744
2013.03.04 00:33:06.650,1.04721,1.04744
2013.03.04 00:33:07.732,1.04719,1.04743
2013.03.04 00:33:08.091,1.04715,1.0474
2013.03.04 00:33:08.430,1.04714,1.04738
2013.03.04 00:33:13.500,1.04713,1.04738
2013.03.04 00:33:16.620,1.04712,1.04738
2013.03.04 00:33:16.800,1.04708,1.04733
2013.03.04 00:33:20.525,1.04705,1.04731
2013.03.04 00:33:35.360,1.04709,1.04737
2013.03.04 00:33:35.600,1.04709,1.04737
2013.03.04 00:33:36.160,1.0471,1.04737
2013.03.04 00:33:36.220,1.04709,1.04737
2013.03.04 00:33:38.560,1.04711,1.04737
2013.03.04 00:33:38.907,1.04713,1.04737
2013.03.04 00:33:42.180,1.04711,1.04737
2013.03.04 00:33:51.810,1.04711,1.04737
2013.03.04 00:33:51.990,1.04709,1.04731
2013.03.04 00:33:53.560,1.04705,1.04732
2013.03.04 00:33:53.753,1.04706,1.04732
2013.03.04 00:33:53.880,1.04708,1.04735
2013.03.04 00:33:53.941,1.04708,1.04734
2013.03.04 00:33:54.740,1.04711,1.04734
2013.03.04 00:33:55.508,1.04711,1.04734
2013.03.04 00:33:56.132,1.04711,1.04728
2013.03.04 00:33:56.262,1.04708,1.04728
2013.03.04 00:33:57.670,1.04708,1.04733
2013.03.04 00:33:57.790,1.04709,1.04733
2013.03.04 00:33:57.910,1.04707,1.04727
2013.03.04 00:33:59.870,1.04707,1.04727
2013.03.04 00:34:01.350,1.04707,1.04733
2013.03.04 00:34:01.560,1.04707,1.04733
2013.03.04 00:34:01.961,1.04707,1.04727
2013.03.04 00:34:04.831,1.04707,1.04733
2013.03.04 00:34:04.952,1.04708,1.04733
2013.03.04 00:34:10.230,1.04712,1.04733
2013.03.04 00:34:10.932,1.04709,1.04727
2013.03.04 00:34:13.391,1.04707,1.04727
2013.03.04 00:34:16.051,1.04707,1.04728
2013.03.04 00:34:16.171,1.04702,1.04728
2013.03.04 00:34:16.422,1.04697,1.04724
2013.03.04 00:34:16.881,1.04697,1.04723
2013.03.04 00:34:16.940,1.04697,1.04723
2013.03.04 00:34:19.160,1.04697,1.04719
2013.03.04 00:34:19.280,1.0469,1.04716
2013.03.04 00:34:19.400,1.0469,1.04716
2013.03.04 00:34:19.579,1.0469,1.04716
2013.03.04 00:34:19.701,1.04691,1.04716
2013.03.04 00:34:22.540,1.04696,1.04721
2013.03.04 00:34:22.800,1.04696,1.04721
2013.03.04 00:34:23.100,1.04694,1.04721
2013.03.04 00:34:23.220,1.04696,1.04721
2013.03.04 00:34:23.680,1.04696,1.04721
2013.03.04 00:34:23.801,1.04697,1.04721
2013.03.04 00:34:25.611,1.04697,1.04721
2013.03.04 00:34:30.609,1.04696,1.04721
2013.03.04 00:34:40.359,1.04697,1.04724
2013.03.04 00:34:42.559,1.04698,1.04725
2013.03.04 00:34:42.693,1.04698,1.04725
2013.03.04 00:35:00.450,1.04701,1.04727
2013.03.04 00:35:12.340,1.04701,1.04727
2013.03.04 00:35:12.739,1.04706,1.04729
2013.03.04 00:35:13.251,1.04706,1.04732
2013.03.04 00:35:16.848,1.04706,1.04733
2013.03.04 00:35:17.031,1.04707,1.04733
2013.03.04 00:35:17.150,1.04711,1.04737
2013.03.04 00:35:17.294,1.04711,1.04737
2013.03.04 00:35:17.482,1.0472,1.04743
2013.03.04 00:35:17.659,1.0472,1.04743
2013.03.04 00:35:17.910,1.04721,1.04747
2013.03.04 00:35:18.430,1.04724,1.04747
2013.03.04 00:35:18.550,1.04726,1.04751
2013.03.04 00:35:19.379,1.04726,1.04747
2013.03.04 00:35:19.501,1.04723,1.04748
2013.03.04 00:35:25.570,1.04722,1.04749
2013.03.04 00:35:25.810,1.04717,1.04742
2013.03.04 00:35:25.870,1.04717,1.04743
2013.03.04 00:35:26.170,1.04716,1.04742
2013.03.04 00:35:29.349,1.04719,1.04743
2013.03.04 00:35:29.491,1.04719,1.04744
2013.03.04 00:35:29.909,1.0472,1.04744
2013.03.04 00:35:34.740,1.0472,1.04745
2013.03.04 00:35:40.890,1.04719,1.04743
2013.03.04 00:35:41.433,1.04717,1.04742
2013.03.04 00:35:48.630,1.04719,1.04743
2013.03.04 00:35:49.144,1.04721,1.04745
2013.03.04 00:35:58.810,1.04721,1.04744
2013.03.04 00:35:59.050,1.04721,1.04742
2013.03.04 00:36:10.112,1.04721,1.04744
2013.03.04 00:36:10.173,1.04721,1.04744
2013.03.04 00:36:11.681,1.04723,1.04749
2013.03.04 00:36:11.741,1.04723,1.04748
2013.03.04 00:36:11.890,1.04723,1.04748
2013.03.04 00:36:11.951,1.04723,1.04749
2013.03.04 00:36:12.010,1.04723,1.04751
2013.03.04 00:36:13.059,1.04723,1.04749
2013.03.04 00:36:13.280,1.04723,1.04749
2013.03.04 00:36:13.364,1.04722,1.04749
2013.03.04 00:36:13.500,1.04722,1.04749
2013.03.04 00:36:13.681,1.04721,1.04748
2013.03.04 00:36:14.830,1.04721,1.04742
2013.03.04 00:36:14.991,1.04719,1.04742
2013.03.04 00:36:15.082,1.04718,1.04742
2013.03.04 00:36:16.040,1.04717,1.04743
2013.03.04 00:36:16.571,1.04712,1.04739
2013.03.04 00:36:34.837,1.04714,1.0474
2013.03.04 00:36:35.020,1.04716,1.0474
2013.03.04 00:36:36.945,1.04716,1.04742
2013.03.04 00:36:37.491,1.04721,1.04746
2013.03.04 00:36:37.550,1.04721,1.04747
2013.03.04 00:36:37.610,1.04721,1.04747
2013.03.04 00:36:42.690,1.0472,1.04743
2013.03.04 00:36:43.015,1.04716,1.04742
2013.03.04 00:36:43.080,1.04715,1.04741
2013.03.04 00:36:43.141,1.04715,1.04742
2013.03.04 00:36:47.789,1.04717,1.04743
2013.03.04 00:36:48.100,1.0472,1.04747
2013.03.04 00:36:48.221,1.0472,1.04747
2013.03.04 00:36:51.829,1.0472,1.04746
2013.03.04 00:36:52.170,1.0472,1.04746
2013.03.04 00:37:10.650,1.04717,1.0474
2013.03.04 00:37:10.831,1.04711,1.04736
2013.03.04 00:37:13.080,1.04711,1.04736
2013.03.04 00:37:33.462,1.0471,1.04736
2013.03.04 00:37:33.520,1.04711,1.04739
2013.03.04 00:37:33.640,1.04712,1.04739
2013.03.04 00:37:34.204,1.04715,1.04739
2013.03.04 00:37:34.380,1.04717,1.04743
2013.03.04 00:37:34.440,1.04717,1.04743
2013.03.04 00:37:35.195,1.04717,1.04743
2013.03.04 00:37:35.321,1.04716,1.04743
2013.03.04 00:37:35.863,1.04716,1.04742
2013.03.04 00:37:42.830,1.04712,1.04737
2013.03.04 00:37:43.141,1.04713,1.0474
2013.03.04 00:37:43.461,1.04716,1.04743
2013.03.04 00:37:47.529,1.04716,1.0474
2013.03.04 00:37:47.720,1.04716,1.04741
2013.03.04 00:37:49.616,1.04716,1.04741
2013.03.04 00:37:49.741,1.04724,1.04748
2013.03.04 00:37:49.860,1.04722,1.04746
2013.03.04 00:37:49.922,1.04722,1.04746
2013.03.04 00:37:50.050,1.04721,1.04746
2013.03.04 00:37:50.110,1.04721,1.04747
2013.03.04 00:37:50.675,1.04721,1.04748
2013.03.04 00:37:54.610,1.0472,1.04746
2013.03.04 00:37:54.913,1.04715,1.04741
2013.03.04 00:38:01.665,1.04712,1.04738
2013.03.04 00:38:01.742,1.04711,1.04738
2013.03.04 00:38:02.103,1.04711,1.04736
2013.03.04 00:38:02.411,1.04709,1.04735
2013.03.04 00:38:04.621,1.04709,1.04733
2013.03.04 00:38:07.904,1.04711,1.04733
2013.03.04 00:38:08.090,1.04713,1.04737
2013.03.04 00:38:08.691,1.04713,1.04738
2013.03.04 00:38:09.241,1.04716,1.04743
2013.03.04 00:38:18.181,1.04716,1.04738
2013.03.04 00:38:18.817,1.04712,1.04736
2013.03.04 00:39:04.154,1.04712,1.04738
2013.03.04 00:39:06.250,1.04717,1.04742
2013.03.04 00:39:13.990,1.04713,1.04738
2013.03.04 00:39:14.171,1.04709,1.04733
2013.03.04 00:39:14.230,1.04707,1.04733
2013.03.04 00:39:14.289,1.04707,1.04733
2013.03.04 00:39:14.651,1.04707,1.04733
2013.03.04 00:39:15.131,1.04702,1.04729
2013.03.04 00:39:15.434,1.04705,1.0473
2013.03.04 00:39:24.651,1.0471,1.04729
2013.03.04 00:39:25.135,1.04706,1.04729
2013.03.04 00:39:25.321,1.04709,1.04729
2013.03.04 00:39:25.380,1.04709,1.04729
2013.03.04 00:39:25.501,1.0471,1.04729
2013.03.04 00:39:25.620,1.04706,1.04728
2013.03.04 00:39:25.740,1.04706,1.04728
2013.03.04 00:39:34.606,1.04701,1.04723
2013.03.04 00:39:34.670,1.04698,1.04722
2013.03.04 00:39:35.036,1.04696,1.04719
2013.03.04 00:39:35.220,1.047,1.04719
2013.03.04 00:39:35.771,1.04701,1.04724
2013.03.04 00:39:36.310,1.04701,1.04723
2013.03.04 00:39:41.680,1.04701,1.04723
2013.03.04 00:39:41.982,1.0471,1.04731
2013.03.04 00:39:42.041,1.0471,1.04736
2013.03.04 00:39:42.101,1.04715,1.04736
2013.03.04 00:39:42.340,1.04711,1.04736
2013.03.04 00:39:42.461,1.04711,1.04736
2013.03.04 00:39:42.520,1.0471,1.04736
2013.03.04 00:39:42.810,1.04708,1.04732
2013.03.04 00:39:43.272,1.04711,1.04732
2013.03.04 00:39:43.356,1.04711,1.04735
2013.03.04 00:39:46.804,1.04711,1.04735
2013.03.04 00:39:47.313,1.04715,1.04737
2013.03.04 00:40:07.308,1.04715,1.04737
2013.03.04 00:40:10.621,1.04717,1.04737
2013.03.04 00:40:11.050,1.04726,1.04742
2013.03.04 00:40:11.280,1.04726,1.04741
2013.03.04 00:40:11.381,1.04729,1.04744
2013.03.04 00:40:17.342,1.04729,1.04751
2013.03.04 00:40:17.642,1.04732,1.04751
2013.03.04 00:40:17.701,1.0473,1.04751
2013.03.04 00:40:17.908,1.0473,1.04752
2013.03.04 00:40:24.002,1.0473,1.04751
2013.03.04 00:40:24.566,1.0473,1.04751
2013.03.04 00:40:25.680,1.0473,1.04748
2013.03.04 00:40:26.670,1.04726,1.04748
2013.03.04 00:40:27.209,1.04724,1.04745
2013.03.04 00:40:30.540,1.04724,1.04746
2013.03.04 00:40:45.764,1.04724,1.04747
2013.03.04 00:40:46.492,1.04727,1.04747
2013.03.04 00:40:47.061,1.04727,1.04752
2013.03.04 00:40:47.121,1.04727,1.04752
2013.03.04 00:40:47.801,1.04735,1.04752
2013.03.04 00:40:47.861,1.04735,1.04752
2013.03.04 00:40:49.690,1.04735,1.04754
2013.03.04 00:40:49.751,1.04735,1.04757
2013.03.04 00:40:49.811,1.04734,1.04757
2013.03.04 00:40:49.880,1.04734,1.04757
2013.03.04 00:40:52.094,1.04734,1.04755
2013.03.04 00:40:52.312,1.04732,1.04754
2013.03.04 00:40:57.510,1.04734,1.04757
2013.03.04 00:41:03.815,1.04734,1.04757
2013.03.04 00:41:04.004,1.04741,1.04758
2013.03.04 00:41:04.187,1.04744,1.0476
2013.03.04 00:41:04.762,1.04744,1.04764
2013.03.04 00:41:08.969,1.04744,1.04764
2013.03.04 00:41:10.868,1.04744,1.04759
2013.03.04 00:41:11.251,1.04737,1.04758
2013.03.04 00:41:11.612,1.04737,1.04758
2013.03.04 00:41:11.670,1.04735,1.04758
2013.03.04 00:41:19.002,1.04727,1.04753
2013.03.04 00:41:20.188,1.04734,1.04754
2013.03.04 00:41:22.451,1.04734,1.04759
2013.03.04 00:41:23.841,1.04737,1.04763
2013.03.04 00:41:24.422,1.04737,1.04763
2013.03.04 00:41:26.741,1.04737,1.04763
2013.03.04 00:41:31.351,1.04737,1.04763
2013.03.04 00:41:33.536,1.04745,1.04763
2013.03.04 00:41:38.053,1.04739,1.0476
2013.03.04 00:41:38.262,1.04739,1.0476
2013.03.04 00:41:39.050,1.04737,1.0476
2013.03.04 00:41:52.191,1.04737,1.0476
2013.03.04 00:41:57.921,1.04737,1.04756
2013.03.04 00:41:58.651,1.04737,1.04756
2013.03.04 00:41:59.411,1.04737,1.04756
2013.03.04 00:41:59.945,1.04737,1.04758
2013.03.04 00:42:06.691,1.04737,1.04762
2013.03.04 00:42:08.440,1.04736,1.04759
2013.03.04 00:42:08.947,1.04736,1.04758
2013.03.04 00:42:10.021,1.04736,1.04757
2013.03.04 00:42:10.641,1.04737,1.04757
2013.03.04 00:42:14.297,1.0474,1.04762
2013.03.04 00:42:31.220,1.04741,1.04763
2013.03.04 00:42:34.432,1.04741,1.04762
2013.03.04 00:42:38.660,1.0474,1.04762
2013.03.04 00:42:39.169,1.0474,1.04762
2013.03.04 00:43:24.670,1.04736,1.04759
2013.03.04 00:43:24.850,1.04736,1.04759
2013.03.04 00:43:31.130,1.04737,1.04762
2013.03.04 00:43:31.252,1.0474,1.04759
2013.03.04 00:43:31.611,1.04745,1.0476
2013.03.04 00:43:32.202,1.04745,1.04764
2013.03.04 00:43:37.761,1.04745,1.04765
2013.03.04 00:43:37.900,1.04745,1.04764
2013.03.04 00:43:51.591,1.04745,1.04764
2013.03.04 00:43:51.830,1.04745,1.04763
2013.03.04 00:43:51.951,1.0474,1.04758
2013.03.04 00:43:53.262,1.04736,1.04758
2013.03.04 00:44:08.891,1.04736,1.04762
2013.03.04 00:44:09.071,1.04741,1.04762
2013.03.04 00:44:09.372,1.04747,1.04767
2013.03.04 00:44:10.001,1.04747,1.04767
2013.03.04 00:44:11.303,1.04744,1.04764
2013.03.04 00:44:11.541,1.04741,1.04764
2013.03.04 00:44:12.662,1.04744,1.04766
2013.03.04 00:44:12.853,1.04741,1.04764
2013.03.04 00:44:13.091,1.04745,1.04769
2013.03.04 00:44:13.151,1.04745,1.04769
2013.03.04 00:44:13.271,1.04746,1.04769
2013.03.04 00:44:13.581,1.04744,1.04764
2013.03.04 00:44:16.152,1.04742,1.04764
2013.03.04 00:44:22.652,1.0474,1.04766
2013.03.04 00:44:22.712,1.04744,1.04765
2013.03.04 00:44:23.353,1.04745,1.04767
2013.03.04 00:44:34.142,1.0474,1.04767
2013.03.04 00:44:45.402,1.0474,1.04765
2013.03.04 00:44:45.467,1.04739,1.04765
2013.03.04 00:44:45.538,1.04739,1.04762
2013.03.04 00:44:45.722,1.04736,1.04759
2013.03.04 00:44:46.946,1.04735,1.04759
2013.03.04 00:44:47.292,1.04731,1.04755
2013.03.04 00:44:48.096,1.04731,1.04752
2013.03.04 00:44:48.163,1.04729,1.0475
2013.03.04 00:44:48.463,1.04726,1.04748
2013.03.04 00:44:49.567,1.04724,1.04748
2013.03.04 00:44:49.812,1.04731,1.04754
2013.03.04 00:44:49.932,1.04728,1.04754
2013.03.04 00:44:50.171,1.04727,1.04754
2013.03.04 00:44:50.351,1.04727,1.04754
2013.03.04 00:44:51.362,1.04727,1.04751
2013.03.04 00:44:51.483,1.04727,1.04751
2013.03.04 00:44:57.342,1.04728,1.04751
2013.03.04 00:44:57.693,1.04731,1.04754
2013.03.04 00:44:58.062,1.04731,1.04755
2013.03.04 00:45:01.513,1.04733,1.04755
2013.03.04 00:45:03.821,1.04731,1.04755
2013.03.04 00:45:03.953,1.04727,1.04752
2013.03.04 00:45:04.468,1.04726,1.04752
2013.03.04 00:45:06.221,1.04727,1.04752
2013.03.04 00:45:07.642,1.04727,1.04748
2013.03.04 00:45:08.525,1.04723,1.04748
2013.03.04 00:45:09.944,1.04723,1.04748
2013.03.04 00:45:10.062,1.04723,1.04748
2013.03.04 00:45:10.385,1.04728,1.04752
2013.03.04 00:45:10.452,1.04728,1.04752
2013.03.04 00:45:11.223,1.04732,1.04752
2013.03.04 00:45:18.962,1.04731,1.04753
2013.03.04 00:45:19.021,1.04728,1.04753
2013.03.04 00:45:20.841,1.04728,1.04752
2013.03.04 00:45:24.392,1.04728,1.04752
2013.03.04 00:45:25.192,1.04733,1.04758
2013.03.04 00:45:25.553,1.04739,1.04758
2013.03.04 00:45:25.793,1.04732,1.04758
2013.03.04 00:45:25.912,1.04732,1.04754
2013.03.04 00:45:25.972,1.04731,1.04754
2013.03.04 00:45:26.442,1.04726,1.0475
2013.03.04 00:45:26.621,1.04733,1.04756
2013.03.04 00:45:26.922,1.04736,1.04756
2013.03.04 00:45:27.421,1.04736,1.04756
2013.03.04 00:45:27.781,1.04735,1.04757
2013.03.04 00:45:35.761,1.04731,1.04756
2013.03.04 00:45:41.931,1.04732,1.04757
2013.03.04 00:45:42.982,1.0473,1.04756
2013.03.04 00:45:43.041,1.0473,1.04756
2013.03.04 00:45:43.105,1.04729,1.04752
2013.03.04 00:45:43.171,1.04729,1.04752
2013.03.04 00:45:48.871,1.04732,1.04752
2013.03.04 00:45:49.472,1.04733,1.04756
2013.03.04 00:45:50.343,1.04731,1.04757
2013.03.04 00:45:50.461,1.04732,1.04757
2013.03.04 00:45:51.163,1.04734,1.04757
2013.03.04 00:45:53.305,1.04732,1.04757
2013.03.04 00:45:53.388,1.0473,1.04752
2013.03.04 00:45:53.992,1.04726,1.04752
2013.03.04 00:45:55.315,1.04726,1.04752
2013.03.04 00:45:59.991,1.04727,1.04751
2013.03.04 00:46:00.051,1.04727,1.04747
2013.03.04 00:46:00.112,1.04723,1.04747
2013.03.04 00:46:06.861,1.04721,1.04747
2013.03.04 00:46:14.538,1.0472,1.04746
2013.03.04 00:46:14.752,1.04716,1.04742
2013.03.04 00:46:15.051,1.04714,1.0474
2013.03.04 00:46:16.114,1.04717,1.04742
2013.03.04 00:46:21.032,1.04717,1.0474
2013.03.04 00:46:21.439,1.04713,1.04738
2013.03.04 00:46:24.211,1.04712,1.04738
2013.03.04 00:46:24.920,1.04711,1.04735
2013.03.04 00:46:25.250,1.04711,1.04735
2013.03.04 00:46:25.311,1.04711,1.04738
2013.03.04 00:46:25.501,1.0471,1.04733
2013.03.04 00:46:25.681,1.04706,1.04731
2013.03.04 00:46:28.069,1.04706,1.0473
2013.03.04 00:46:28.143,1.04706,1.04729
2013.03.04 00:46:28.331,1.04706,1.04729
2013.03.04 00:46:30.351,1.04706,1.04728
2013.03.04 00:46:30.412,1.04706,1.04728
2013.03.04 00:46:30.651,1.04706,1.0473
2013.03.04 00:46:31.102,1.04706,1.04732
2013.03.04 00:46:43.421,1.04713,1.04733
2013.03.04 00:46:43.482,1.0472,1.04736
2013.03.04 00:46:43.543,1.0472,1.04737
2013.03.04 00:46:43.611,1.04717,1.04737
2013.03.04 00:46:43.894,1.0472,1.04737
2013.03.04 00:46:44.083,1.04718,1.04737
2013.03.04 00:46:44.392,1.04717,1.04737
2013.03.04 00:46:44.632,1.04713,1.04737
2013.03.04 00:46:44.883,1.04713,1.04733
2013.03.04 00:46:45.092,1.04711,1.04733
2013.03.04 00:46:45.227,1.04708,1.04733
2013.03.04 00:46:45.412,1.04712,1.04733
2013.03.04 00:46:47.793,1.04711,1.04733
2013.03.04 00:46:48.001,1.04708,1.04733
2013.03.04 00:46:48.203,1.04708,1.04733
2013.03.04 00:46:48.453,1.04706,1.04733
2013.03.04 00:46:48.641,1.04708,1.04733
2013.03.04 00:46:49.014,1.04706,1.04733
2013.03.04 00:46:58.947,1.04703,1.04727
2013.03.04 00:46:59.025,1.047,1.04724
2013.03.04 00:46:59.103,1.04699,1.04725
2013.03.04 00:46:59.550,1.04701,1.04726
2013.03.04 00:46:59.613,1.04701,1.04726
2013.03.04 00:46:59.791,1.04705,1.04731
2013.03.04 00:47:03.081,1.04707,1.04731
2013.03.04 00:47:05.291,1.04711,1.04735
2013.03.04 00:47:05.532,1.04713,1.04735
2013.03.04 00:47:06.051,1.04713,1.04736
2013.03.04 00:47:06.241,1.04711,1.04736
2013.03.04 00:47:07.329,1.04711,1.04735
2013.03.04 00:47:07.573,1.04709,1.04733
2013.03.04 00:47:07.691,1.04708,1.04733
2013.03.04 00:47:10.621,1.04706,1.0473
2013.03.04 00:47:10.861,1.04711,1.04734
2013.03.04 00:47:10.982,1.04708,1.04734
2013.03.04 00:47:11.101,1.04711,1.04735
2013.03.04 00:47:11.161,1.04708,1.04735
2013.03.04 00:47:12.058,1.04708,1.04735
2013.03.04 00:47:20.423,1.04713,1.04739
2013.03.04 00:47:20.499,1.04713,1.04739
2013.03.04 00:47:23.098,1.04713,1.04739
2013.03.04 00:47:26.931,1.04712,1.04736
2013.03.04 00:47:27.981,1.04708,1.04733
2013.03.04 00:47:39.819,1.04708,1.04733
2013.03.04 00:47:39.942,1.04713,1.04738
2013.03.04 00:47:45.112,1.04713,1.04737
2013.03.04 00:47:45.231,1.04713,1.04737
2013.03.04 00:47:45.291,1.04712,1.04737
2013.03.04 00:48:00.392,1.04711,1.04737
2013.03.04 00:48:03.172,1.04712,1.04736
2013.03.04 00:48:03.601,1.04715,1.0474
2013.03.04 00:48:17.361,1.04716,1.04742
2013.03.04 00:48:18.714,1.04715,1.04742
2013.03.04 00:48:22.132,1.04714,1.0474
2013.03.04 00:48:22.437,1.04714,1.04742
2013.03.04 00:48:44.447,1.04716,1.04743
2013.03.04 00:48:46.043,1.04716,1.04741
2013.03.04 00:48:46.251,1.04715,1.04741
2013.03.04 00:48:46.431,1.04712,1.04737
2013.03.04 00:48:52.361,1.04711,1.04737
2013.03.04 00:48:52.542,1.04716,1.04741
2013.03.04 00:48:52.931,1.04714,1.04739
2013.03.04 00:48:53.479,1.04714,1.04738
2013.03.04 00:48:53.792,1.04714,1.04737
2013.03.04 00:48:54.093,1.0471,1.04733
2013.03.04 00:48:54.273,1.04706,1.04731
2013.03.04 00:48:56.826,1.04706,1.04731
2013.03.04 00:48:57.012,1.04717,1.04738
2013.03.04 00:48:57.071,1.04717,1.04741
2013.03.04 00:48:57.143,1.04717,1.04741
2013.03.04 00:48:57.816,1.04719,1.04743
2013.03.04 00:48:58.752,1.04722,1.04746
2013.03.04 00:48:58.812,1.04722,1.04748
2013.03.04 00:49:02.831,1.04722,1.04741
2013.03.04 00:49:03.012,1.04718,1.0474
2013.03.04 00:49:03.252,1.04715,1.0474
2013.03.04 00:49:14.535,1.04715,1.0474
2013.03.04 00:49:14.881,1.04717,1.0474
2013.03.04 00:49:14.941,1.04715,1.0474
2013.03.04 00:49:33.961,1.04717,1.0474
2013.03.04 00:49:35.392,1.04717,1.0474
2013.03.04 00:49:37.093,1.04717,1.04741
2013.03.04 00:49:37.276,1.04724,1.04746
2013.03.04 00:49:37.822,1.04724,1.04748
2013.03.04 00:49:39.842,1.04724,1.04748
2013.03.04 00:49:46.401,1.04721,1.04747
2013.03.04 00:49:46.461,1.04721,1.04747
2013.03.04 00:49:53.351,1.04721,1.04748
2013.03.04 00:49:53.412,1.04721,1.04748
2013.03.04 00:49:53.712,1.04726,1.04748
2013.03.04 00:49:53.972,1.04725,1.04748
2013.03.04 00:49:54.151,1.04727,1.04748
2013.03.04 00:49:56.501,1.04721,1.04748
2013.03.04 00:49:57.447,1.04721,1.04748
2013.03.04 00:49:59.622,1.04722,1.04748
2013.03.04 00:49:59.741,1.04722,1.04745
2013.03.04 00:49:59.802,1.04724,1.04749
2013.03.04 00:50:00.142,1.04722,1.04748
2013.03.04 00:50:00.202,1.04722,1.04748
2013.03.04 00:50:02.361,1.04722,1.04746
2013.03.04 00:50:02.822,1.04719,1.04745
2013.03.04 00:50:02.942,1.04718,1.04744
2013.03.04 00:50:03.535,1.04718,1.04745
2013.03.04 00:50:03.662,1.04719,1.04745
2013.03.04 00:50:03.968,1.04721,1.04749
2013.03.04 00:50:11.402,1.04726,1.04751
2013.03.04 00:50:11.867,1.04727,1.04751
2013.03.04 00:50:16.133,1.04727,1.04749
2013.03.04 00:50:16.313,1.04723,1.04749
2013.03.04 00:50:16.672,1.04723,1.04751
2013.03.04 00:50:17.042,1.04728,1.04751
2013.03.04 00:50:17.222,1.04724,1.04749
2013.03.04 00:50:17.341,1.04724,1.04751
2013.03.04 00:50:17.743,1.04728,1.04751
2013.03.04 00:50:17.982,1.04724,1.04749
2013.03.04 00:50:18.181,1.04729,1.04751
2013.03.04 00:50:18.692,1.04727,1.04749
2013.03.04 00:50:18.755,1.04724,1.04749
2013.03.04 00:50:18.996,1.04728,1.04751
2013.03.04 00:50:19.451,1.04724,1.04749
2013.03.04 00:50:19.632,1.04728,1.04751
2013.03.04 00:50:20.002,1.04723,1.04749
2013.03.04 00:50:24.181,1.04729,1.04751
2013.03.04 00:50:24.256,1.04729,1.04754
2013.03.04 00:50:33.121,1.04728,1.04752
2013.03.04 00:50:33.181,1.04726,1.04752
2013.03.04 00:50:33.710,1.04728,1.04752
2013.03.04 00:50:36.994,1.04732,1.04753
2013.03.04 00:50:37.071,1.04731,1.04755
2013.03.04 00:50:37.139,1.04733,1.04755
2013.03.04 00:50:40.233,1.04728,1.04753
2013.03.04 00:50:53.105,1.04728,1.04752
2013.03.04 00:50:53.222,1.04725,1.04752
2013.03.04 00:51:45.421,1.04724,1.04748
2013.03.04 00:52:05.466,1.04722,1.0475
2013.03.04 00:52:24.142,1.04722,1.04746
2013.03.04 00:52:24.323,1.04722,1.04746
2013.03.04 00:52:54.012,1.04724,1.04748
2013.03.04 00:52:54.072,1.04724,1.04748
2013.03.04 00:52:54.762,1.04724,1.04747
2013.03.04 00:52:55.122,1.04723,1.04745
2013.03.04 00:52:55.253,1.04722,1.04743
2013.03.04 00:52:57.631,1.04722,1.04743
2013.03.04 00:52:58.052,1.04723,1.04747
2013.03.04 00:52:58.851,1.04723,1.04747
2013.03.04 00:53:05.962,1.04723,1.04747
2013.03.04 00:53:10.592,1.04723,1.04745
2013.03.04 00:53:10.952,1.04729,1.04749
2013.03.04 00:53:11.072,1.04729,1.04749
2013.03.04 00:53:25.212,1.04734,1.0475
2013.03.04 00:53:25.272,1.04734,1.04753
2013.03.04 00:53:25.827,1.04734,1.04755
2013.03.04 00:53:35.402,1.04735,1.04757
2013.03.04 00:53:38.123,1.04743,1.04758
2013.03.04 00:53:38.302,1.04741,1.04762
2013.03.04 00:53:38.512,1.04737,1.04762
2013.03.04 00:53:41.852,1.04737,1.04762
2013.03.04 00:53:42.212,1.04737,1.04762
2013.03.04 00:53:43.553,1.0474,1.04762
2013.03.04 00:53:47.972,1.04745,1.04762
2013.03.04 00:53:57.973,1.04737,1.04762
2013.03.04 00:53:58.542,1.04738,1.04763
2013.03.04 00:54:01.472,1.04745,1.04763
2013.03.04 00:54:04.132,1.0474,1.04764
2013.03.04 00:54:12.932,1.04745,1.04763
2013.03.04 00:54:12.993,1.04745,1.04767
2013.03.04 00:54:13.551,1.04745,1.04768
2013.03.04 00:54:14.299,1.04745,1.04768
2013.03.04 00:54:14.542,1.04737,1.04759
2013.03.04 00:54:14.662,1.04736,1.04759
2013.03.04 00:54:15.352,1.04734,1.04759
2013.03.04 00:54:34.833,1.04732,1.04758
2013.03.04 00:54:35.026,1.04729,1.04754
2013.03.04 00:54:37.312,1.04728,1.04753
2013.03.04 00:54:37.434,1.04724,1.04746
2013.03.04 00:54:37.673,1.0473,1.04747
2013.03.04 00:54:37.733,1.0473,1.04751
2013.03.04 00:54:37.853,1.0473,1.0475
2013.03.04 00:54:37.973,1.0472,1.04743
2013.03.04 00:54:38.092,1.04721,1.04746
2013.03.04 00:54:38.453,1.0473,1.04752
2013.03.04 00:54:38.632,1.04731,1.04753
2013.03.04 00:54:39.190,1.04731,1.04755
2013.03.04 00:54:41.607,1.04731,1.04755
2013.03.04 00:54:41.793,1.04735,1.04758
2013.03.04 00:54:44.133,1.04731,1.04751
2013.03.04 00:54:44.313,1.04727,1.04751
2013.03.04 00:54:44.443,1.04725,1.04751
2013.03.04 00:54:45.129,1.04725,1.04751
2013.03.04 00:54:45.253,1.04733,1.04757
2013.03.04 00:54:45.313,1.04733,1.04758
2013.03.04 00:54:45.434,1.04739,1.04758
2013.03.04 00:54:47.442,1.04742,1.04763
2013.03.04 00:54:47.502,1.04744,1.04763
2013.03.04 00:54:48.047,1.04744,1.04764
2013.03.04 00:54:48.732,1.04741,1.04764
2013.03.04 00:54:49.938,1.04741,1.04767
2013.03.04 00:54:50.134,1.0474,1.04763
2013.03.04 00:54:50.312,1.04739,1.04763
2013.03.04 00:54:55.663,1.04739,1.04762
2013.03.04 00:54:55.723,1.04738,1.04762
2013.03.04 00:54:55.902,1.04741,1.04764
2013.03.04 00:54:57.092,1.04739,1.04762
2013.03.04 00:54:57.213,1.04739,1.04762
2013.03.04 00:54:58.102,1.04742,1.04763
2013.03.04 00:54:58.342,1.04742,1.04763
2013.03.04 00:54:58.652,1.0474,1.04762
2013.03.04 00:54:59.213,1.04739,1.04759
2013.03.04 00:54:59.573,1.04745,1.0476
2013.03.04 00:55:00.133,1.04745,1.04754
2013.03.04 00:55:03.262,1.04735,1.04754
2013.03.04 00:55:03.752,1.04735,1.04759
2013.03.04 00:55:06.597,1.04735,1.04759
2013.03.04 00:55:06.783,1.04731,1.04757
2013.03.04 00:55:13.071,1.04733,1.04759
2013.03.04 00:55:13.192,1.04735,1.04759
2013.03.04 00:55:13.672,1.04738,1.04759
2013.03.04 00:55:13.972,1.04736,1.04759
2013.03.04 00:55:15.517,1.04738,1.04761
2013.03.04 00:55:16.413,1.04735,1.04759
2013.03.04 00:55:18.132,1.04733,1.04758
2013.03.04 00:55:18.192,1.04731,1.04758
2013.03.04 00:55:18.563,1.04727,1.04753
2013.03.04 00:55:19.649,1.0473,1.04754
2013.03.04 00:55:21.104,1.0473,1.04757
2013.03.04 00:55:21.163,1.04735,1.04757
2013.03.04 00:55:27.622,1.04731,1.04754
2013.03.04 00:55:27.983,1.04726,1.0475
2013.03.04 00:55:33.243,1.04728,1.0475
2013.03.04 00:55:33.563,1.04728,1.04752
2013.03.04 00:55:48.362,1.04728,1.04752
2013.03.04 00:56:14.602,1.04727,1.04751
2013.03.04 00:56:14.728,1.04725,1.04748
2013.03.04 00:56:21.982,1.04725,1.04752
2013.03.04 00:56:22.042,1.04728,1.04752
2013.03.04 00:56:24.522,1.04728,1.04751
2013.03.04 00:56:24.913,1.04728,1.04751
2013.03.04 00:56:24.972,1.04728,1.04752
2013.03.04 00:56:30.002,1.04728,1.04749
2013.03.04 00:56:30.255,1.04728,1.0475
2013.03.04 00:56:30.322,1.04728,1.04752
2013.03.04 00:56:30.583,1.04724,1.04749
2013.03.04 00:56:53.022,1.04724,1.04749
2013.03.04 00:57:06.873,1.04729,1.0475
2013.03.04 00:57:06.992,1.04729,1.04752
2013.03.04 00:57:10.603,1.04729,1.04754
2013.03.04 00:57:10.662,1.04731,1.04754
2013.03.04 00:57:10.782,1.04731,1.04757
2013.03.04 00:57:10.844,1.04731,1.04759
2013.03.04 00:57:11.023,1.04736,1.04759
2013.03.04 00:57:11.262,1.04732,1.04759
2013.03.04 00:57:14.223,1.04732,1.04754
2013.03.04 00:57:14.413,1.0473,1.04753
2013.03.04 00:57:14.843,1.04728,1.04751
2013.03.04 00:57:14.964,1.04725,1.04751
2013.03.04 00:57:18.152,1.04728,1.04753
2013.03.04 00:57:18.272,1.04728,1.04753
2013.03.04 00:57:21.922,1.04734,1.04754
2013.03.04 00:57:25.722,1.04731,1.04753
2013.03.04 00:57:29.242,1.04728,1.04749
2013.03.04 00:57:29.543,1.04735,1.0475
2013.03.04 00:57:30.646,1.04735,1.04755
2013.03.04 00:57:31.183,1.04732,1.04754
2013.03.04 00:57:31.244,1.04728,1.04754
2013.03.04 00:57:31.552,1.04728,1.04749
2013.03.04 00:57:32.184,1.04728,1.04753
2013.03.04 00:57:32.243,1.04728,1.04754
2013.03.04 00:57:34.673,1.04734,1.04755
2013.03.04 00:57:48.143,1.04728,1.04749
2013.03.04 00:57:48.205,1.04726,1.04748
2013.03.04 00:57:50.184,1.04734,1.04751
2013.03.04 00:57:50.243,1.04734,1.04755
2013.03.04 00:57:53.862,1.04729,1.0475
2013.03.04 00:57:53.922,1.04727,1.0475
2013.03.04 00:57:54.482,1.04726,1.04751
2013.03.04 00:57:59.322,1.04727,1.04754
2013.03.04 00:58:10.904,1.04734,1.04754
2013.03.04 00:58:11.028,1.04734,1.04755
2013.03.04 00:58:16.223,1.04728,1.04754
2013.03.04 00:58:16.283,1.04728,1.04754
2013.03.04 00:58:40.999,1.04728,1.04754
2013.03.04 00:58:41.123,1.04738,1.04757
2013.03.04 00:58:41.363,1.04741,1.04761
2013.03.04 00:58:41.893,1.04744,1.04765
2013.03.04 00:59:22.188,1.04744,1.04766
2013.03.04 00:59:22.788,1.04744,1.04766
2013.03.04 00:59:27.854,1.04744,1.04768
2013.03.04 00:59:27.973,1.04749,1.04771
2013.03.04 00:59:28.152,1.04754,1.04774
2013.03.04 00:59:28.333,1.04754,1.04776
2013.03.04 00:59:28.392,1.04752,1.04776
2013.03.04 00:59:28.513,1.04751,1.04774
2013.03.04 00:59:40.832,1.04751,1.04774
2013.03.04 00:59:44.952,1.04749,1.04772
2013.03.04 00:59:46.912,1.04751,1.04774
2013.03.04 00:59:47.473,1.04751,1.04777
2013.03.04 00:59:47.713,1.04751,1.04774
2013.03.04 00:59:54.836,1.0475,1.04773
2013.03.04 00:59:55.047,1.04748,1.04769
2013.03.04 01:00:01.154,1.04746,1.04772
2013.03.04 01:00:01.213,1.04746,1.04772
2013.03.04 01:00:01.624,1.04745,1.04768
2013.03.04 01:00:01.744,1.04744,1.04765
2013.03.04 01:00:03.714,1.04737,1.04761
2013.03.04 01:00:07.283,1.04737,1.0476
2013.03.04 01:00:07.463,1.04734,1.04756
2013.03.04 01:00:07.703,1.04734,1.04753
2013.03.04 01:00:08.202,1.04727,1.04751
2013.03.04 01:00:09.819,1.04727,1.0475
2013.03.04 01:00:10.387,1.04726,1.04749
2013.03.04 01:00:10.812,1.04724,1.04749
2013.03.04 01:00:11.152,1.04734,1.0475
2013.03.04 01:00:11.336,1.04734,1.04751
2013.03.04 01:00:11.404,1.0473,1.04751
2013.03.04 01:00:11.833,1.04727,1.04754
2013.03.04 01:00:12.374,1.04737,1.04761
2013.03.04 01:00:12.496,1.04737,1.04761
2013.03.04 01:00:15.894,1.04737,1.04758
2013.03.04 01:00:16.133,1.04739,1.04762
2013.03.04 01:00:16.493,1.04737,1.04761
2013.03.04 01:00:16.793,1.04745,1.04767
2013.03.04 01:00:16.915,1.04749,1.04768
2013.03.04 01:00:20.443,1.04751,1.04769
2013.03.04 01:00:20.504,1.04751,1.04774
2013.03.04 01:00:20.623,1.04749,1.04772
2013.03.04 01:00:20.683,1.04749,1.04772
2013.03.04 01:00:20.805,1.04746,1.04769
2013.03.04 01:00:20.865,1.0475,1.04772
2013.03.04 01:00:21.224,1.04742,1.04767
2013.03.04 01:00:21.296,1.04744,1.04769
2013.03.04 01:00:25.383,1.04743,1.04765
2013.03.04 01:00:25.685,1.04745,1.04768
2013.03.04 01:00:25.746,1.04745,1.04768
2013.03.04 01:00:25.992,1.04742,1.04768
2013.03.04 01:00:26.370,1.04743,1.04768
2013.03.04 01:00:32.825,1.04744,1.0477
2013.03.04 01:00:33.142,1.04746,1.04772
2013.03.04 01:00:33.444,1.04744,1.0477
2013.03.04 01:00:33.684,1.04746,1.0477
2013.03.04 01:00:33.743,1.04746,1.04772
2013.03.04 01:00:34.043,1.04748,1.04774
2013.03.04 01:00:40.343,1.04748,1.0477
2013.03.04 01:00:40.464,1.04745,1.0477
2013.03.04 01:00:40.673,1.04746,1.04772
2013.03.04 01:00:41.633,1.04746,1.04769
2013.03.04 01:00:41.813,1.04745,1.04769
2013.03.04 01:00:45.193,1.04747,1.04772
2013.03.04 01:00:45.433,1.04744,1.04768
2013.03.04 01:00:52.133,1.04749,1.04772
2013.03.04 01:00:52.194,1.04751,1.04774
2013.03.04 01:00:55.224,1.04751,1.04773
2013.03.04 01:00:56.973,1.04755,1.04776
2013.03.04 01:00:59.323,1.0476,1.0478
2013.03.04 01:00:59.383,1.04756,1.04782
2013.03.04 01:00:59.503,1.04756,1.04782
2013.03.04 01:00:59.874,1.04756,1.04779
2013.03.04 01:01:00.233,1.04752,1.04777
2013.03.04 01:01:01.037,1.04756,1.04778
2013.03.04 01:01:01.282,1.04756,1.04781
2013.03.04 01:01:06.087,1.04756,1.04781
2013.03.04 01:01:06.434,1.04752,1.04778
2013.03.04 01:01:09.985,1.04757,1.04778
2013.03.04 01:01:10.223,1.04752,1.04778
2013.03.04 01:01:10.405,1.04761,1.04778
2013.03.04 01:01:10.528,1.04761,1.04781
2013.03.04 01:01:11.235,1.04761,1.04782
2013.03.04 01:01:11.461,1.04761,1.04782
2013.03.04 01:01:16.263,1.04766,1.04784
2013.03.04 01:01:16.724,1.0477,1.04785
2013.03.04 01:01:31.293,1.0477,1.04787
2013.03.04 01:01:34.663,1.04774,1.04791
2013.03.04 01:01:34.723,1.04775,1.04792
2013.03.04 01:01:34.783,1.04775,1.04794
2013.03.04 01:01:34.974,1.04774,1.04794
2013.03.04 01:01:35.433,1.04774,1.04794
2013.03.04 01:01:51.724,1.04773,1.04796
2013.03.04 01:01:51.783,1.04773,1.04797
2013.03.04 01:01:51.903,1.04773,1.04789
2013.03.04 01:01:51.963,1.04768,1.04789
2013.03.04 01:01:52.143,1.04768,1.04789
2013.03.04 01:01:52.204,1.04767,1.0479
2013.03.04 01:01:52.594,1.04768,1.04791
2013.03.04 01:01:53.341,1.04768,1.04792
2013.03.04 01:01:57.035,1.04771,1.04794
2013.03.04 01:01:57.093,1.04771,1.04794
2013.03.04 01:01:57.404,1.04773,1.04799
2013.03.04 01:01:57.732,1.0478,1.04799
2013.03.04 01:01:59.363,1.04776,1.04798
2013.03.04 01:01:59.424,1.04774,1.04798
2013.03.04 01:01:59.724,1.04776,1.04799
2013.03.04 01:02:00.184,1.04778,1.04798
2013.03.04 01:02:00.533,1.04772,1.04793
2013.03.04 01:02:00.593,1.04772,1.04793
2013.03.04 01:02:00.714,1.04772,1.04793
2013.03.04 01:02:01.153,1.04772,1.04798
2013.03.04 01:02:01.212,1.04773,1.04798
2013.03.04 01:02:01.523,1.04771,1.04798
2013.03.04 01:02:07.046,1.04771,1.04798
2013.03.04 01:02:07.664,1.04776,1.04798
2013.03.04 01:02:11.683,1.04776,1.04798
2013.03.04 01:02:13.453,1.04776,1.04799
2013.03.04 01:02:13.767,1.04778,1.04799
2013.03.04 01:02:17.375,1.04778,1.04801
2013.03.04 01:02:17.493,1.04778,1.04802
2013.03.04 01:02:17.613,1.04777,1.04799
2013.03.04 01:02:17.738,1.04776,1.04799
2013.03.04 01:02:20.123,1.04777,1.04799
2013.03.04 01:02:20.187,1.04778,1.04801
2013.03.04 01:02:24.643,1.04777,1.04801
2013.03.04 01:02:24.704,1.04777,1.04801
2013.03.04 01:02:31.413,1.04779,1.04802
2013.03.04 01:02:36.273,1.04783,1.04806
2013.03.04 01:02:36.332,1.04783,1.04807
2013.03.04 01:03:05.863,1.04787,1.04812
2013.03.04 01:03:06.223,1.04792,1.04812
2013.03.04 01:03:08.414,1.04791,1.04812
2013.03.04 01:03:10.053,1.0479,1.04811
2013.03.04 01:03:10.366,1.04791,1.04813
2013.03.04 01:03:10.672,1.04793,1.04817
2013.03.04 01:03:11.174,1.04793,1.04817
2013.03.04 01:03:11.293,1.04791,1.04814
2013.03.04 01:03:16.893,1.0479,1.04812
2013.03.04 01:03:17.254,1.04793,1.04814
2013.03.04 01:03:17.647,1.04796,1.04814
2013.03.04 01:03:23.897,1.04796,1.04816
2013.03.04 01:03:30.083,1.04796,1.04814
2013.03.04 01:03:30.204,1.04792,1.04812
2013.03.04 01:03:30.445,1.04786,1.04809
2013.03.04 01:03:30.893,1.04785,1.04809
2013.03.04 01:03:31.464,1.04785,1.04809
2013.03.04 01:03:32.136,1.04785,1.04809
2013.03.04 01:03:32.323,1.04779,1.04804
2013.03.04 01:03:32.411,1.04779,1.04804
2013.03.04 01:03:35.419,1.04781,1.04804
2013.03.04 01:03:39.735,1.0478,1.04804
2013.03.04 01:03:39.923,1.04781,1.04804
2013.03.04 01:03:39.983,1.04781,1.04804
2013.03.04 01:03:40.143,1.04783,1.04808
2013.03.04 01:03:40.324,1.04784,1.04811
2013.03.04 01:03:40.873,1.04784,1.04811
2013.03.04 01:03:42.913,1.0479,1.04812
2013.03.04 01:03:46.223,1.04794,1.04815
2013.03.04 01:03:46.993,1.04791,1.04811
2013.03.04 01:03:48.413,1.04794,1.04814
2013.03.04 01:03:48.633,1.0479,1.04812
2013.03.04 01:03:50.523,1.04785,1.0481
2013.03.04 01:03:50.946,1.04783,1.04803
2013.03.04 01:04:01.333,1.04782,1.04803
2013.03.04 01:04:07.944,1.04782,1.04804
2013.03.04 01:04:08.005,1.04784,1.04804
2013.03.04 01:04:09.862,1.04782,1.04804
2013.03.04 01:04:10.042,1.04781,1.04803
2013.03.04 01:04:10.103,1.04781,1.04804
2013.03.04 01:04:10.223,1.04783,1.04806
2013.03.04 01:04:11.453,1.04784,1.04808
2013.03.04 01:04:14.623,1.04784,1.0481
2013.03.04 01:04:14.804,1.04791,1.04812
2013.03.04 01:04:15.366,1.04791,1.0481
2013.03.04 01:04:18.263,1.04786,1.04808
2013.03.04 01:04:18.443,1.04791,1.04808
2013.03.04 01:04:18.925,1.04786,1.04808
2013.03.04 01:04:20.043,1.0479,1.0481
2013.03.04 01:04:20.553,1.04786,1.04808
2013.03.04 01:04:48.373,1.04784,1.04804
2013.03.04 01:04:48.554,1.04781,1.04804
2013.03.04 01:04:52.133,1.04791,1.04806
2013.03.04 01:04:52.194,1.04792,1.04814
2013.03.04 01:04:52.315,1.04793,1.04816
2013.03.04 01:04:52.553,1.04793,1.04815
2013.03.04 01:04:52.734,1.04789,1.04812
2013.03.04 01:04:54.184,1.04796,1.04814
2013.03.04 01:04:54.733,1.04788,1.04811
2013.03.04 01:04:55.081,1.04787,1.0481
2013.03.04 01:04:55.144,1.04787,1.04808
2013.03.04 01:04:57.093,1.04785,1.048
2013.03.04 01:04:57.273,1.0478,1.048
2013.03.04 01:04:57.395,1.04782,1.04805
2013.03.04 01:04:57.453,1.04786,1.04807
2013.03.04 01:04:57.513,1.04786,1.04807
2013.03.04 01:05:00.583,1.04791,1.04812
2013.03.04 01:05:02.493,1.04787,1.04811
2013.03.04 01:05:02.553,1.04786,1.04811
2013.03.04 01:05:03.322,1.04783,1.04807
2013.03.04 01:05:04.541,1.04782,1.04806
2013.03.04 01:05:04.723,1.04782,1.04804
2013.03.04 01:05:04.902,1.04782,1.04806
2013.03.04 01:05:04.963,1.04783,1.04806
2013.03.04 01:05:05.339,1.04781,1.04804
2013.03.04 01:05:05.658,1.04781,1.04803
2013.03.04 01:05:05.723,1.04779,1.04802
2013.03.04 01:05:05.904,1.04774,1.04796
2013.03.04 01:05:05.963,1.04774,1.04796
2013.03.04 01:05:06.485,1.0477,1.04793
2013.03.04 01:05:08.755,1.0477,1.0479
2013.03.04 01:05:08.934,1.04764,1.04783
2013.03.04 01:05:09.054,1.04767,1.04785
2013.03.04 01:05:09.139,1.04767,1.04784
2013.03.04 01:05:09.212,1.04757,1.04778
2013.03.04 01:05:09.273,1.04757,1.04778
2013.03.04 01:05:09.394,1.04757,1.04778
2013.03.04 01:05:11.644,1.04752,1.04776
2013.03.04 01:05:11.714,1.04754,1.04778
2013.03.04 01:05:12.193,1.04754,1.04779
2013.03.04 01:05:12.254,1.04757,1.04783
2013.03.04 01:05:14.493,1.04761,1.04784
2013.03.04 01:05:16.323,1.04761,1.0478
2013.03.04 01:05:16.449,1.04757,1.04778
2013.03.04 01:05:18.093,1.04757,1.0478
2013.03.04 01:05:18.274,1.04757,1.04783
2013.03.04 01:05:18.334,1.04762,1.04786
2013.03.04 01:05:18.456,1.04762,1.04786
2013.03.04 01:05:18.793,1.0476,1.04784
2013.03.04 01:05:19.612,1.0476,1.04784
2013.03.04 01:05:19.943,1.0476,1.04779
2013.03.04 01:05:20.063,1.04757,1.04779
2013.03.04 01:05:21.164,1.04757,1.0478
2013.03.04 01:05:21.283,1.04757,1.0478
2013.03.04 01:05:21.674,1.04756,1.04778
2013.03.04 01:05:23.145,1.04755,1.04775
2013.03.04 01:05:23.273,1.04748,1.04769
2013.03.04 01:05:23.684,1.04746,1.04769
2013.03.04 01:05:24.913,1.04744,1.04764
2013.03.04 01:05:25.034,1.04744,1.04764
2013.03.04 01:05:25.393,1.04736,1.04762
2013.03.04 01:05:25.633,1.04738,1.04762
2013.03.04 01:05:26.593,1.04741,1.04765
2013.03.04 01:05:26.653,1.04744,1.04768
2013.03.04 01:05:30.773,1.04744,1.04768
2013.03.04 01:05:31.256,1.04746,1.04768
2013.03.04 01:05:31.931,1.04747,1.04771
2013.03.04 01:05:33.883,1.04747,1.04771
2013.03.04 01:05:34.546,1.04747,1.04769
2013.03.04 01:05:34.615,1.04747,1.0477
2013.03.04 01:05:34.805,1.0475,1.04774
2013.03.04 01:05:35.177,1.0475,1.04774
2013.03.04 01:05:36.627,1.0475,1.04773
2013.03.04 01:05:36.827,1.04749,1.04771
2013.03.04 01:05:37.294,1.0475,1.04774
2013.03.04 01:05:37.354,1.0475,1.04774
2013.03.04 01:05:37.473,1.0475,1.04774
2013.03.04 01:05:39.051,1.04749,1.04773
2013.03.04 01:05:39.114,1.04749,1.04773
2013.03.04 01:05:39.414,1.0475,1.04773
2013.03.04 01:05:39.474,1.0475,1.04773
2013.03.04 01:05:48.843,1.0475,1.04773
2013.03.04 01:05:48.903,1.04749,1.04773
2013.03.04 01:05:51.434,1.04749,1.04765
2013.03.04 01:05:53.791,1.04743,1.04769
2013.03.04 01:05:53.973,1.04743,1.04769
2013.03.04 01:05:57.385,1.04743,1.04767
2013.03.04 01:05:58.313,1.04743,1.04769
2013.03.04 01:05:58.373,1.04747,1.0477
2013.03.04 01:05:58.504,1.04749,1.04773
2013.03.04 01:05:58.623,1.04749,1.04771
2013.03.04 01:05:58.745,1.04741,1.04761
2013.03.04 01:06:01.583,1.04741,1.04759
2013.03.04 01:06:01.823,1.04736,1.04759
2013.03.04 01:06:02.151,1.0474,1.04764
2013.03.04 01:06:02.217,1.0474,1.04764
2013.03.04 01:06:02.663,1.04741,1.04767
2013.03.04 01:06:02.724,1.04745,1.04768
2013.03.04 01:06:05.663,1.04742,1.04765
2013.03.04 01:06:05.732,1.04741,1.04765
2013.03.04 01:06:09.790,1.04741,1.04767
2013.03.04 01:06:09.854,1.04741,1.04767
2013.03.04 01:06:10.034,1.04745,1.04767
2013.03.04 01:06:15.257,1.04747,1.04773
2013.03.04 01:06:19.644,1.04748,1.04775
2013.03.04 01:06:19.824,1.04755,1.04775
2013.03.04 01:06:21.033,1.04747,1.04774
2013.03.04 01:06:21.243,1.04754,1.04775
2013.03.04 01:06:23.174,1.04747,1.04774
2013.03.04 01:06:36.205,1.04755,1.04775
2013.03.04 01:06:55.704,1.04755,1.04778
2013.03.04 01:06:58.644,1.04757,1.04779
2013.03.04 01:06:59.073,1.04758,1.04783
2013.03.04 01:06:59.404,1.04765,1.04785
2013.03.04 01:07:01.764,1.04765,1.04789
2013.03.04 01:07:02.785,1.04768,1.04789
2013.03.04 01:07:04.315,1.04765,1.04788
2013.03.04 01:07:04.494,1.04765,1.04784
2013.03.04 01:07:15.924,1.04765,1.04783
2013.03.04 01:07:16.235,1.04765,1.0478
2013.03.04 01:07:17.484,1.04756,1.04777
2013.03.04 01:07:17.544,1.04756,1.04776
2013.03.04 01:07:17.723,1.04749,1.04774
2013.03.04 01:07:18.142,1.04749,1.04773
2013.03.04 01:07:18.456,1.0475,1.04771
2013.03.04 01:07:21.614,1.04745,1.04768
2013.03.04 01:07:21.733,1.04745,1.04767
2013.03.04 01:07:32.273,1.04738,1.04763
2013.03.04 01:07:32.393,1.04738,1.04763
2013.03.04 01:07:32.695,1.04733,1.04757
2013.03.04 01:07:32.815,1.04732,1.04756
2013.03.04 01:07:33.380,1.04729,1.04754
2013.03.04 01:07:33.914,1.04729,1.04754
2013.03.04 01:07:41.233,1.04734,1.04756
2013.03.04 01:07:41.984,1.04737,1.04756
2013.03.04 01:07:42.045,1.04737,1.04762
2013.03.04 01:07:46.726,1.04745,1.04766
2013.03.04 01:07:47.378,1.04745,1.04767
2013.03.04 01:07:54.354,1.0474,1.04766
2013.03.04 01:07:54.416,1.0474,1.04766
2013.03.04 01:07:54.663,1.04743,1.04767
2013.03.04 01:07:54.724,1.04745,1.04767
2013.03.04 01:07:57.163,1.04747,1.04767
2013.03.04 01:08:00.164,1.04751,1.04771
2013.03.04 01:08:00.463,1.0475,1.04776
2013.03.04 01:08:01.234,1.04755,1.04776
2013.03.04 01:08:01.593,1.04747,1.04768
2013.03.04 01:08:02.015,1.04748,1.04773
2013.03.04 01:08:02.073,1.04748,1.04774
2013.03.04 01:08:02.662,1.04748,1.04774
2013.03.04 01:08:03.434,1.0475,1.04776
2013.03.04 01:08:03.556,1.04755,1.04776
2013.03.04 01:08:22.424,1.04755,1.04776
2013.03.04 01:08:28.524,1.04747,1.04772
2013.03.04 01:08:31.813,1.04747,1.04771
2013.03.04 01:08:31.874,1.04747,1.0477
2013.03.04 01:08:32.053,1.04745,1.0477
2013.03.04 01:08:32.173,1.04744,1.04768
2013.03.04 01:08:36.654,1.04742,1.04766
2013.03.04 01:08:36.773,1.04738,1.04764
2013.03.04 01:08:42.034,1.04737,1.04763
2013.03.04 01:08:48.115,1.04737,1.0476
2013.03.04 01:08:48.416,1.04737,1.04758
2013.03.04 01:08:48.538,1.04733,1.04758
2013.03.04 01:08:48.843,1.04732,1.04756
2013.03.04 01:08:48.904,1.04729,1.04754
2013.03.04 01:08:49.083,1.04727,1.04753
2013.03.04 01:08:54.308,1.04726,1.04751
2013.03.04 01:08:54.614,1.04724,1.04747
2013.03.04 01:08:58.275,1.04724,1.04741
2013.03.04 01:08:58.714,1.04717,1.0474
2013.03.04 01:08:59.233,1.04717,1.04736
2013.03.04 01:08:59.534,1.04713,1.04736
2013.03.04 01:09:00.983,1.04716,1.04736
2013.03.04 01:09:01.353,1.04716,1.04741
2013.03.04 01:09:01.973,1.04723,1.04741
2013.03.04 01:09:03.864,1.04716,1.04741
2013.03.04 01:09:03.984,1.04716,1.04736
2013.03.04 01:09:04.545,1.04716,1.0474
2013.03.04 01:09:04.664,1.04716,1.04741
2013.03.04 01:09:06.374,1.04716,1.0474
2013.03.04 01:09:06.494,1.04713,1.04734
2013.03.04 01:09:07.423,1.04712,1.04736
2013.03.04 01:09:07.484,1.04716,1.04736
2013.03.04 01:09:21.173,1.04716,1.0474
2013.03.04 01:09:21.233,1.04716,1.0474
2013.03.04 01:09:23.334,1.04722,1.0474
2013.03.04 01:09:23.453,1.04718,1.04742
2013.03.04 01:09:30.914,1.04715,1.0474
2013.03.04 01:09:30.974,1.04714,1.04738
2013.03.04 01:09:31.393,1.04713,1.04738
2013.03.04 01:09:34.541,1.04713,1.04739
2013.03.04 01:09:34.849,1.04716,1.04739
2013.03.04 01:09:34.914,1.04718,1.04742
2013.03.04 01:09:52.903,1.04722,1.04742
2013.03.04 01:09:53.334,1.04722,1.04747
2013.03.04 01:09:54.193,1.04722,1.04749
2013.03.04 01:09:58.308,1.04724,1.0475
2013.03.04 01:09:58.534,1.04728,1.04752
2013.03.04 01:10:08.333,1.04724,1.04749
2013.03.04 01:10:09.464,1.04722,1.04749
2013.03.04 01:10:14.808,1.04722,1.04749
2013.03.04 01:10:16.355,1.04728,1.0475
2013.03.04 01:10:16.543,1.04728,1.04754
2013.03.04 01:10:37.356,1.04728,1.04755
2013.03.04 01:10:37.414,1.04728,1.04751
2013.03.04 01:10:37.614,1.04731,1.04755
2013.03.04 01:10:37.734,1.04731,1.04755
2013.03.04 01:11:12.644,1.04729,1.04755
2013.03.04 01:11:12.961,1.04732,1.04756
2013.03.04 01:11:16.753,1.04732,1.04758
2013.03.04 01:11:16.814,1.04733,1.04758
2013.03.04 01:11:23.084,1.04733,1.04759
2013.03.04 01:11:29.766,1.04733,1.04758
2013.03.04 01:11:30.004,1.04731,1.04754
2013.03.04 01:11:30.244,1.04729,1.04752
2013.03.04 01:11:30.305,1.04728,1.04751
2013.03.04 01:11:30.484,1.04723,1.04747
2013.03.04 01:11:33.005,1.04724,1.04749
2013.03.04 01:11:35.835,1.04724,1.04749
2013.03.04 01:11:40.905,1.04727,1.04751
2013.03.04 01:11:40.964,1.04727,1.04752
2013.03.04 01:11:43.886,1.04732,1.04756
2013.03.04 01:11:50.816,1.04732,1.04756
2013.03.04 01:11:56.984,1.04739,1.04758
2013.03.04 01:11:59.995,1.04732,1.04758
2013.03.04 01:12:01.825,1.04735,1.04759
2013.03.04 01:12:04.444,1.04739,1.04764
2013.03.04 01:12:10.214,1.04742,1.04767
2013.03.04 01:12:10.502,1.04742,1.04768
2013.03.04 01:12:18.555,1.04747,1.0477
2013.03.04 01:12:19.845,1.04749,1.04773
2013.03.04 01:12:19.904,1.04749,1.04774
2013.03.04 01:12:20.035,1.0475,1.04774
2013.03.04 01:12:23.304,1.0475,1.04773
2013.03.04 01:12:23.440,1.04743,1.04766
2013.03.04 01:12:24.333,1.04742,1.04764
2013.03.04 01:12:33.144,1.04744,1.04768
2013.03.04 01:12:33.723,1.04747,1.04772
2013.03.04 01:12:33.784,1.04747,1.04772
2013.03.04 01:12:35.216,1.04749,1.04773
2013.03.04 01:12:40.794,1.04747,1.04772
2013.03.04 01:12:40.974,1.04745,1.04764
2013.03.04 01:12:41.174,1.04743,1.04768
2013.03.04 01:12:41.353,1.04743,1.04764
2013.03.04 01:12:41.495,1.04742,1.04763
2013.03.04 01:12:42.164,1.04746,1.0477
2013.03.04 01:12:44.305,1.04743,1.04767
2013.03.04 01:12:44.485,1.04742,1.04764
2013.03.04 01:12:51.385,1.0474,1.04759
2013.03.04 01:12:51.506,1.04739,1.04759
2013.03.04 01:13:03.785,1.04738,1.04762
2013.03.04 01:13:03.935,1.04739,1.04763
2013.03.04 01:13:11.473,1.04741,1.04763
2013.03.04 01:13:20.941,1.0474,1.04763
2013.03.04 01:13:22.855,1.04739,1.04754
2013.03.04 01:13:23.035,1.04733,1.04754
2013.03.04 01:13:23.154,1.04733,1.04754
2013.03.04 01:13:24.844,1.04731,1.04759
2013.03.04 01:13:24.904,1.04732,1.04759
2013.03.04 01:13:29.074,1.04736,1.04759
2013.03.04 01:13:29.194,1.04736,1.04755
2013.03.04 01:13:32.714,1.04731,1.04754
2013.03.04 01:13:44.884,1.04726,1.0475
2013.03.04 01:13:44.945,1.04724,1.04749
2013.03.04 01:13:45.365,1.04723,1.04745
2013.03.04 01:13:45.485,1.04723,1.04745
2013.03.04 01:14:05.873,1.04719,1.04746
2013.03.04 01:14:06.187,1.04722,1.04746
2013.03.04 01:14:11.761,1.04723,1.04748
2013.03.04 01:14:12.304,1.04723,1.04748
2013.03.04 01:14:12.543,1.04722,1.04746
2013.03.04 01:14:14.039,1.04723,1.04746
2013.03.04 01:14:14.594,1.04724,1.04748
2013.03.04 01:14:22.214,1.04724,1.04748
2013.03.04 01:14:22.815,1.04726,1.0475
2013.03.04 01:14:22.995,1.04731,1.04754
2013.03.04 01:14:25.284,1.04731,1.04754
2013.03.04 01:14:25.404,1.04729,1.04749
2013.03.04 01:14:25.644,1.04731,1.04752
2013.03.04 01:14:25.823,1.04729,1.04752
2013.03.04 01:14:26.005,1.04724,1.04748
2013.03.04 01:14:30.944,1.04724,1.04749
2013.03.04 01:14:31.154,1.04725,1.04749
2013.03.04 01:14:33.344,1.04729,1.04745
2013.03.04 01:14:35.434,1.04729,1.04749
2013.03.04 01:14:35.554,1.04729,1.04749
2013.03.04 01:14:38.695,1.04729,1.04754
2013.03.04 01:14:38.754,1.04729,1.04754
2013.03.04 01:14:43.874,1.04732,1.04757
2013.03.04 01:14:44.055,1.04733,1.04757
2013.03.04 01:14:46.024,1.04735,1.04758
2013.03.04 01:14:46.875,1.04735,1.04761
2013.03.04 01:14:51.348,1.04734,1.04761
2013.03.04 01:14:51.416,1.04733,1.04756
2013.03.04 01:15:17.796,1.04733,1.04754
2013.03.04 01:15:17.974,1.04728,1.04751
2013.03.04 01:15:19.564,1.04728,1.04754
2013.03.04 01:15:19.693,1.04728,1.04754
2013.03.04 01:15:19.814,1.04729,1.04754
2013.03.04 01:15:21.791,1.04727,1.04749
2013.03.04 01:15:23.881,1.04728,1.04753
2013.03.04 01:15:23.943,1.0473,1.04753
2013.03.04 01:15:24.063,1.0473,1.04754
2013.03.04 01:15:24.683,1.04734,1.04755
2013.03.04 01:15:31.174,1.04735,1.04757
2013.03.04 01:15:31.728,1.04735,1.04759
2013.03.04 01:15:51.213,1.04734,1.04758
2013.03.04 01:16:12.616,1.04733,1.04757
2013.03.04 01:16:12.734,1.04729,1.04753
2013.03.04 01:16:17.393,1.04731,1.04757
2013.03.04 01:16:17.454,1.04734,1.04757
2013.03.04 01:16:18.533,1.04734,1.04753
2013.03.04 01:16:22.975,1.04738,1.04754
2013.03.04 01:16:23.034,1.04738,1.04758
2013.03.04 01:16:23.274,1.04733,1.04758
2013.03.04 01:16:27.000,1.04732,1.04758
2013.03.04 01:16:39.363,1.04736,1.04759
2013.03.04 01:16:57.363,1.04736,1.04754
2013.03.04 01:16:57.424,1.04736,1.04754
2013.03.04 01:16:58.493,1.04732,1.04754
2013.03.04 01:17:03.163,1.04732,1.04755
2013.03.04 01:17:03.423,1.04732,1.04759
2013.03.04 01:17:03.544,1.04732,1.04757
2013.03.04 01:17:22.644,1.04731,1.04757
2013.03.04 01:17:22.943,1.04727,1.04754
2013.03.04 01:17:25.431,1.04727,1.04753
2013.03.04 01:17:34.343,1.04727,1.04753
2013.03.04 01:17:34.523,1.04731,1.04753
2013.03.04 01:17:37.774,1.04731,1.04754
2013.03.04 01:17:37.954,1.04727,1.04753
2013.03.04 01:17:38.253,1.04731,1.04754
2013.03.04 01:17:42.823,1.04731,1.04757
2013.03.04 01:17:53.384,1.04733,1.04757
2013.03.04 01:18:03.453,1.04734,1.04761
2013.03.04 01:18:03.633,1.04734,1.04761
2013.03.04 01:18:12.294,1.04734,1.04759
2013.03.04 01:18:12.474,1.04732,1.04756
2013.03.04 01:18:20.537,1.04732,1.04756
2013.03.04 01:18:32.293,1.04736,1.04758
2013.03.04 01:18:32.354,1.04736,1.04759
2013.03.04 01:18:34.024,1.04733,1.04758
2013.03.04 01:18:37.350,1.04732,1.04758
2013.03.04 01:18:37.414,1.04731,1.04754
2013.03.04 01:18:37.513,1.04731,1.04754
2013.03.04 01:18:38.194,1.04732,1.04758
2013.03.04 01:18:48.367,1.04732,1.04758
2013.03.04 01:18:49.367,1.04732,1.04758
2013.03.04 01:18:49.434,1.04732,1.04758
2013.03.04 01:18:52.118,1.04732,1.04759
2013.03.04 01:18:52.483,1.04735,1.04762
2013.03.04 01:19:14.853,1.04735,1.0476
2013.03.04 01:19:34.944,1.04735,1.04759
2013.03.04 01:19:52.251,1.04737,1.04759
2013.03.04 01:19:54.306,1.04737,1.04759
2013.03.04 01:19:54.363,1.04741,1.04763
2013.03.04 01:19:54.424,1.04741,1.04765
2013.03.04 01:19:59.153,1.04739,1.04763
2013.03.04 01:19:59.335,1.04742,1.04763
2013.03.04 01:19:59.694,1.04746,1.04766
2013.03.04 01:20:02.174,1.04742,1.04763
2013.03.04 01:20:02.234,1.04739,1.04763
2013.03.04 01:20:03.013,1.04737,1.0476
2013.03.04 01:20:03.483,1.04737,1.0476
2013.03.04 01:20:17.865,1.04734,1.04759
2013.03.04 01:20:17.924,1.04734,1.04759
2013.03.04 01:20:29.397,1.04736,1.0476
2013.03.04 01:20:32.914,1.04737,1.04763
2013.03.04 01:20:33.094,1.04737,1.04763
2013.03.04 01:20:50.059,1.04739,1.04764
2013.03.04 01:21:23.563,1.04741,1.04765
2013.03.04 01:21:23.625,1.04741,1.04767
2013.03.04 01:21:23.864,1.04741,1.04767
2013.03.04 01:21:30.593,1.04742,1.04768
2013.03.04 01:21:39.449,1.04742,1.04768
2013.03.04 01:21:51.024,1.04742,1.04769
2013.03.04 01:22:11.220,1.04742,1.04768
2013.03.04 01:22:24.844,1.04744,1.0477
2013.03.04 01:22:25.474,1.04746,1.04772
2013.03.04 01:22:25.534,1.04749,1.04774
2013.03.04 01:22:25.594,1.04749,1.04774
2013.03.04 01:22:27.434,1.04755,1.04779
2013.03.04 01:22:28.194,1.04757,1.04783
2013.03.04 01:22:28.254,1.04757,1.04782
2013.03.04 01:22:28.594,1.04757,1.04778
2013.03.04 01:22:30.245,1.04757,1.04782
2013.03.04 01:22:34.074,1.04757,1.0478
2013.03.04 01:22:34.265,1.04755,1.0478
2013.03.04 01:22:34.383,1.04754,1.04778
2013.03.04 01:22:36.434,1.04751,1.04775
2013.03.04 01:22:44.554,1.0475,1.04774
2013.03.04 01:22:45.195,1.04748,1.04772
2013.03.04 01:22:47.022,1.0475,1.04774
2013.03.04 01:22:47.086,1.0475,1.04776
2013.03.04 01:23:02.064,1.0475,1.04776
2013.03.04 01:23:02.243,1.04753,1.04777
2013.03.04 01:23:07.506,1.04753,1.04777
2013.03.04 01:23:10.326,1.04749,1.04775
2013.03.04 01:23:10.385,1.04749,1.04775
2013.03.04 01:23:14.603,1.0475,1.04777
2013.03.04 01:23:14.739,1.04757,1.0478
2013.03.04 01:23:14.805,1.04757,1.04781
2013.03.04 01:23:15.165,1.04755,1.04777
2013.03.04 01:23:15.474,1.04755,1.04777
2013.03.04 01:23:35.484,1.04755,1.04776
2013.03.04 01:23:48.654,1.04756,1.04776
2013.03.04 01:23:48.774,1.04758,1.0478
2013.03.04 01:24:06.224,1.04756,1.04781
2013.03.04 01:24:06.604,1.04759,1.04781
2013.03.04 01:24:07.162,1.04762,1.04781
2013.03.04 01:24:09.283,1.04762,1.04784
2013.03.04 01:24:26.280,1.04762,1.04784
2013.03.04 01:24:27.043,1.04762,1.04784
2013.03.04 01:24:27.164,1.04757,1.04781
2013.03.04 01:24:27.483,1.04756,1.04779
2013.03.04 01:24:27.887,1.04755,1.04777
2013.03.04 01:24:28.374,1.04755,1.04777
2013.03.04 01:24:28.494,1.04762,1.04779
2013.03.04 01:24:39.145,1.04757,1.04779
2013.03.04 01:24:39.204,1.04757,1.04777
2013.03.04 01:24:45.434,1.0475,1.04777
2013.03.04 01:24:45.794,1.04753,1.04773
2013.03.04 01:24:45.942,1.04753,1.04769
2013.03.04 01:24:46.247,1.04744,1.04767
2013.03.04 01:24:46.305,1.04742,1.04767
2013.03.04 01:24:46.784,1.04742,1.04767
2013.03.04 01:24:47.102,1.04744,1.04767
2013.03.04 01:24:47.224,1.04746,1.04767
2013.03.04 01:24:47.404,1.04742,1.04767
2013.03.04 01:24:47.894,1.04741,1.04767
2013.03.04 01:24:48.344,1.04741,1.04767
2013.03.04 01:24:48.403,1.04747,1.04767
2013.03.04 01:24:48.524,1.04751,1.04767
2013.03.04 01:24:48.584,1.04751,1.04767
2013.03.04 01:24:48.644,1.04747,1.04767
2013.03.04 01:24:52.052,1.04747,1.04767
2013.03.04 01:24:52.285,1.0475,1.04767
2013.03.04 01:24:52.404,1.0475,1.04767
2013.03.04 01:24:52.466,1.04746,1.04767
2013.03.04 01:24:54.582,1.04746,1.04767
2013.03.04 01:24:54.770,1.04751,1.04767
2013.03.04 01:24:54.834,1.04751,1.04767
2013.03.04 01:24:54.954,1.04751,1.04767
2013.03.04 01:24:56.834,1.04747,1.04767
2013.03.04 01:24:56.964,1.0475,1.04767
2013.03.04 01:24:57.144,1.04747,1.04767
2013.03.04 01:25:00.323,1.04746,1.04767
2013.03.04 01:25:00.564,1.04742,1.04767
2013.03.04 01:25:00.624,1.04742,1.04767
2013.03.04 01:25:00.924,1.04741,1.04761
2013.03.04 01:25:01.517,1.0474,1.04761
2013.03.04 01:25:05.574,1.04741,1.04761
2013.03.04 01:25:05.814,1.04742,1.04765
2013.03.04 01:25:06.055,1.04742,1.04763
2013.03.04 01:25:06.197,1.04741,1.04765
2013.03.04 01:25:06.254,1.04741,1.04766
2013.03.04 01:25:08.114,1.04741,1.04766
2013.03.04 01:25:08.754,1.04741,1.04766
2013.03.04 01:25:15.445,1.04741,1.04766
2013.03.04 01:25:16.002,1.04742,1.04766
2013.03.04 01:25:16.064,1.04742,1.04766
2013.03.04 01:25:17.571,1.04742,1.04766
2013.03.04 01:25:17.754,1.04747,1.04766
2013.03.04 01:25:22.014,1.04748,1.04762
2013.03.04 01:25:22.255,1.04738,1.04758
2013.03.04 01:25:22.379,1.04736,1.04758
2013.03.04 01:25:22.503,1.04732,1.04758
2013.03.04 01:25:22.804,1.04732,1.04756
2013.03.04 01:25:22.924,1.04732,1.04759
2013.03.04 01:25:23.634,1.04733,1.04758
2013.03.04 01:25:23.754,1.04732,1.04758
2013.03.04 01:25:24.115,1.04736,1.04762
2013.03.04 01:25:24.644,1.04732,1.04759
2013.03.04 01:25:25.005,1.04735,1.04762
2013.03.04 01:25:25.634,1.04733,1.04758
2013.03.04 01:25:26.007,1.04736,1.04762
2013.03.04 01:25:29.095,1.04736,1.04762
2013.03.04 01:25:29.154,1.0474,1.04764
2013.03.04 01:25:30.145,1.04735,1.04763
2013.03.04 01:25:32.654,1.0474,1.04763
2013.03.04 01:25:32.715,1.0474,1.04764
2013.03.04 01:25:33.974,1.0474,1.04759
2013.03.04 01:25:34.154,1.04732,1.04755
2013.03.04 01:25:34.214,1.04732,1.04755
2013.03.04 01:25:34.273,1.04732,1.04755
2013.03.04 01:25:35.257,1.04732,1.04754
2013.03.04 01:25:35.381,1.0473,1.04754
2013.03.04 01:25:35.744,1.04732,1.04758
2013.03.04 01:25:39.994,1.04731,1.04754
2013.03.04 01:25:43.591,1.04732,1.04755
2013.03.04 01:25:43.894,1.04732,1.04756
2013.03.04 01:25:49.894,1.04736,1.04759
2013.03.04 01:25:55.185,1.04732,1.04758
2013.03.04 01:25:55.304,1.04732,1.04758
2013.03.04 01:25:55.664,1.0473,1.04754
2013.03.04 01:25:55.844,1.04727,1.04752
2013.03.04 01:25:55.904,1.04727,1.04752
2013.03.04 01:25:56.146,1.04727,1.04752
2013.03.04 01:25:56.206,1.04731,1.04754
2013.03.04 01:25:57.892,1.04728,1.04752
2013.03.04 01:25:57.954,1.04727,1.04752
2013.03.04 01:25:58.075,1.04727,1.04752
2013.03.04 01:25:58.434,1.04726,1.04748
2013.03.04 01:26:01.134,1.04721,1.04744
2013.03.04 01:26:01.314,1.04721,1.04744
2013.03.04 01:26:01.655,1.04721,1.04744
2013.03.04 01:26:03.094,1.04722,1.04745
2013.03.04 01:26:03.214,1.04722,1.04748
2013.03.04 01:26:05.224,1.04721,1.04744
2013.03.04 01:26:08.971,1.04721,1.04745
2013.03.04 01:26:09.551,1.04721,1.04745
2013.03.04 01:26:09.744,1.04726,1.04749
2013.03.04 01:26:09.895,1.04721,1.04746
2013.03.04 01:26:10.015,1.0472,1.04745
2013.03.04 01:26:10.257,1.04721,1.04747
2013.03.04 01:26:10.325,1.04722,1.04746
2013.03.04 01:26:10.650,1.0472,1.04745
2013.03.04 01:26:18.081,1.0472,1.04746
2013.03.04 01:26:18.264,1.04722,1.04747
2013.03.04 01:26:19.345,1.04722,1.04747
2013.03.04 01:26:19.526,1.04726,1.04747
2013.03.04 01:26:21.654,1.04722,1.04747
2013.03.04 01:26:21.714,1.04722,1.04747
2013.03.04 01:26:21.835,1.04725,1.04746
2013.03.04 01:26:22.360,1.04725,1.04747
2013.03.04 01:26:22.704,1.04725,1.04751
2013.03.04 01:26:30.377,1.04727,1.04753
2013.03.04 01:26:30.703,1.04729,1.04753
2013.03.04 01:26:31.280,1.04729,1.04753
2013.03.04 01:26:31.351,1.04729,1.04753
2013.03.04 01:26:31.653,1.04729,1.04753
2013.03.04 01:26:31.833,1.04729,1.04753
2013.03.04 01:26:43.861,1.04729,1.04753
2013.03.04 01:26:44.044,1.04727,1.04753
2013.03.04 01:26:44.254,1.0473,1.04753
2013.03.04 01:26:51.886,1.0473,1.04748
2013.03.04 01:26:52.125,1.04726,1.04748
2013.03.04 01:26:52.186,1.04726,1.04748
2013.03.04 01:26:52.256,1.04726,1.04752
2013.03.04 01:26:52.863,1.04726,1.04752
2013.03.04 01:27:07.304,1.04726,1.0475
2013.03.04 01:27:13.665,1.04722,1.04748
2013.03.04 01:27:14.055,1.04722,1.04748
2013.03.04 01:27:16.344,1.04722,1.04745
2013.03.04 01:27:16.405,1.04716,1.04738
2013.03.04 01:27:16.586,1.04716,1.04738
2013.03.04 01:27:30.471,1.0472,1.04743
2013.03.04 01:27:30.534,1.0472,1.04744
2013.03.04 01:27:37.864,1.04729,1.04747
2013.03.04 01:27:37.985,1.04729,1.04752
2013.03.04 01:27:38.045,1.04729,1.04753
2013.03.04 01:27:38.457,1.04729,1.04753
2013.03.04 01:27:58.484,1.04729,1.04753
2013.03.04 01:28:14.879,1.04729,1.04753
2013.03.04 01:28:15.397,1.04726,1.04752
2013.03.04 01:28:27.335,1.04725,1.04748
2013.03.04 01:28:27.816,1.04727,1.04752
2013.03.04 01:28:28.174,1.04734,1.04757
2013.03.04 01:28:42.974,1.04729,1.04753
2013.03.04 01:28:43.095,1.04727,1.04748
2013.03.04 01:28:43.464,1.04727,1.04751
2013.03.04 01:28:43.824,1.04727,1.04752
2013.03.04 01:28:44.336,1.04729,1.04753
2013.03.04 01:28:48.944,1.04726,1.04753
2013.03.04 01:28:49.124,1.04727,1.04753
2013.03.04 01:28:49.673,1.04729,1.04753
2013.03.04 01:28:53.277,1.04727,1.04753
2013.03.04 01:28:53.334,1.04727,1.04753
2013.03.04 01:28:53.635,1.04727,1.04752
2013.03.04 01:28:54.225,1.04729,1.04753
2013.03.04 01:28:55.044,1.04729,1.04753
2013.03.04 01:28:55.129,1.04729,1.04753
2013.03.04 01:29:03.119,1.04727,1.04749
2013.03.04 01:29:03.305,1.04729,1.04753
2013.03.04 01:29:03.544,1.04729,1.04753
2013.03.04 01:29:10.284,1.04732,1.04753
2013.03.04 01:29:10.721,1.04731,1.04749
2013.03.04 01:29:13.535,1.04731,1.04754
2013.03.04 01:29:13.616,1.04728,1.04754
2013.03.04 01:29:13.734,1.04726,1.04754
2013.03.04 01:29:14.068,1.04727,1.04753
2013.03.04 01:29:14.375,1.04727,1.04749
2013.03.04 01:29:16.935,1.04726,1.04751
2013.03.04 01:29:33.691,1.04726,1.04753
2013.03.04 01:29:39.854,1.04726,1.04754
2013.03.04 01:29:40.155,1.0473,1.04756
2013.03.04 01:29:45.615,1.04726,1.04749
2013.03.04 01:29:45.676,1.04726,1.04749
2013.03.04 01:29:46.227,1.04726,1.04753
2013.03.04 01:29:50.867,1.04726,1.04752
2013.03.04 01:29:51.299,1.04726,1.04749
2013.03.04 01:29:54.545,1.04726,1.04752
2013.03.04 01:29:55.291,1.04726,1.04753
2013.03.04 01:29:55.415,1.04729,1.04754
2013.03.04 01:29:55.940,1.04729,1.04754
2013.03.04 01:29:56.844,1.04726,1.04753
2013.03.04 01:29:57.487,1.04726,1.04753
2013.03.04 01:29:57.844,1.04727,1.04753
2013.03.04 01:29:58.146,1.04732,1.04754
2013.03.04 01:29:59.374,1.04733,1.04756
2013.03.04 01:29:59.494,1.0473,1.04754
2013.03.04 01:29:59.855,1.0473,1.04754
2013.03.04 01:30:01.497,1.0473,1.04754
2013.03.04 01:30:01.565,1.0473,1.04754
2013.03.04 01:30:39.054,1.04732,1.04757
2013.03.04 01:30:39.116,1.04729,1.04752
2013.03.04 01:30:39.295,1.04726,1.0475
2013.03.04 01:30:39.475,1.04727,1.04753
2013.03.04 01:30:42.344,1.04726,1.0475
2013.03.04 01:30:42.706,1.04726,1.0475
2013.03.04 01:30:47.965,1.04726,1.04753
2013.03.04 01:30:48.617,1.04732,1.04753
2013.03.04 01:30:48.676,1.04732,1.04753
2013.03.04 01:30:49.217,1.04734,1.04758
2013.03.04 01:30:58.196,1.04742,1.04761
2013.03.04 01:30:58.376,1.04737,1.04763
2013.03.04 01:30:58.436,1.04737,1.04763
2013.03.04 01:30:58.496,1.04737,1.04763
2013.03.04 01:30:58.857,1.04742,1.04763
2013.03.04 01:30:59.705,1.04742,1.04763
2013.03.04 01:30:59.915,1.04742,1.04767
2013.03.04 01:31:00.630,1.0474,1.04767
2013.03.04 01:31:00.700,1.0474,1.04767
2013.03.04 01:31:00.826,1.04736,1.04763
2013.03.04 01:31:00.945,1.04742,1.04763
2013.03.04 01:31:14.796,1.04742,1.04763
2013.03.04 01:31:15.594,1.04737,1.04763
2013.03.04 01:31:20.669,1.04744,1.04765
2013.03.04 01:31:40.431,1.04744,1.04764
2013.03.04 01:32:00.524,1.04742,1.04764
2013.03.04 01:32:02.065,1.04739,1.04763
2013.03.04 01:32:02.765,1.04742,1.04766
2013.03.04 01:32:03.987,1.04744,1.04766
2013.03.04 01:32:04.346,1.0475,1.04774
2013.03.04 01:32:04.705,1.04748,1.0477
2013.03.04 01:32:04.765,1.04748,1.04773
2013.03.04 01:32:04.885,1.04745,1.04767
2013.03.04 01:32:05.425,1.04743,1.04765
2013.03.04 01:32:05.665,1.04746,1.0477
2013.03.04 01:32:06.865,1.04739,1.04761
2013.03.04 01:32:06.985,1.04739,1.04761
2013.03.04 01:32:07.165,1.04739,1.04763
2013.03.04 01:32:07.225,1.04738,1.04763
2013.03.04 01:32:07.515,1.04737,1.0476
2013.03.04 01:32:08.812,1.04737,1.0476
2013.03.04 01:32:16.956,1.04738,1.04764
2013.03.04 01:32:17.775,1.04737,1.04759
2013.03.04 01:32:21.435,1.04733,1.04758
2013.03.04 01:32:22.124,1.04735,1.04752
2013.03.04 01:32:22.305,1.04729,1.0475
2013.03.04 01:32:22.365,1.04731,1.04755
2013.03.04 01:32:22.487,1.04731,1.04757
2013.03.04 01:32:22.605,1.04731,1.04755
2013.03.04 01:32:22.725,1.04731,1.04754
2013.03.04 01:32:23.163,1.04735,1.04754
