Time,Bid,Ask
2013.03.14 00:00:01.010,1.05866,1.05893
2013.03.14 00:00:07.124,1.05866,1.05894
2013.03.14 00:00:07.379,1.05866,1.05893
2013.03.14 00:00:07.690,1.05863,1.05887
2013.03.14 00:00:07.991,1.05868,1.05894
2013.03.14 00:00:11.792,1.05871,1.05894
2013.03.14 00:00:12.150,1.05877,1.05901
2013.03.14 00:00:14.601,1.05877,1.05903
2013.03.14 00:00:15.060,1.05876,1.05903
2013.03.14 00:00:17.600,1.05877,1.05904
2013.03.14 00:00:18.130,1.05877,1.05903
2013.03.14 00:00:29.630,1.05876,1.05903
2013.03.14 00:00:32.140,1.05871,1.05899
2013.03.14 00:00:43.162,1.05873,1.05899
2013.03.14 00:00:44.902,1.05876,1.05901
2013.03.14 00:00:48.904,1.05877,1.05903
2013.03.14 00:00:53.812,1.05876,1.05903
2013.03.14 00:01:03.916,1.05877,1.05903
2013.03.14 00:01:04.382,1.05875,1.05898
2013.03.14 00:01:05.041,1.05872,1.05898
2013.03.14 00:01:05.482,1.05876,1.05903
2013.03.14 00:01:07.431,1.05877,1.05903
2013.03.14 00:01:24.571,1.05874,1.05899
2013.03.14 00:01:27.854,1.05874,1.05901
2013.03.14 00:01:28.161,1.05874,1.05899
2013.03.14 00:01:28.841,1.05874,1.05899
2013.03.14 00:01:29.372,1.0587,1.05896
2013.03.14 00:01:33.270,1.05874,1.05899
2013.03.14 00:01:39.006,1.05872,1.05898
2013.03.14 00:01:41.362,1.05874,1.05899
2013.03.14 00:01:41.661,1.05874,1.05898
2013.03.14 00:01:45.452,1.05874,1.05898
2013.03.14 00:01:50.613,1.05872,1.05898
2013.03.14 00:01:53.321,1.05871,1.05894
2013.03.14 00:01:53.441,1.05868,1.05894
2013.03.14 00:01:53.862,1.05866,1.0589
2013.03.14 00:01:56.881,1.05866,1.05893
2013.03.14 00:01:57.379,1.05866,1.0589
2013.03.14 00:01:59.360,1.05865,1.05893
2013.03.14 00:02:01.118,1.05865,1.0589
2013.03.14 00:02:02.112,1.05865,1.05892
2013.03.14 00:02:04.313,1.05865,1.0589
2013.03.14 00:02:09.980,1.05867,1.0589
2013.03.14 00:02:10.101,1.05869,1.05893
2013.03.14 00:02:10.162,1.05874,1.05896
2013.03.14 00:02:10.591,1.05871,1.05895
2013.03.14 00:02:10.831,1.0587,1.05895
2013.03.14 00:02:11.010,1.05868,1.05895
2013.03.14 00:02:11.370,1.0587,1.05895
2013.03.14 00:02:39.551,1.05872,1.05893
2013.03.14 00:02:40.071,1.05865,1.05892
2013.03.14 00:02:45.130,1.05865,1.05891
2013.03.14 00:02:45.491,1.05861,1.05887
2013.03.14 00:02:47.731,1.05858,1.05883
2013.03.14 00:02:48.272,1.05861,1.05885
2013.03.14 00:02:48.331,1.05861,1.05887
2013.03.14 00:03:08.417,1.05862,1.05887
2013.03.14 00:03:16.357,1.05862,1.05886
2013.03.14 00:03:26.400,1.05859,1.05886
2013.03.14 00:03:29.340,1.05858,1.05884
2013.03.14 00:03:30.130,1.05857,1.05884
2013.03.14 00:03:45.260,1.05854,1.05879
2013.03.14 00:03:54.701,1.05852,1.05878
2013.03.14 00:03:54.890,1.05849,1.05873
2013.03.14 00:03:55.130,1.05849,1.05875
2013.03.14 00:03:55.250,1.05854,1.05879
2013.03.14 00:04:16.305,1.05851,1.05879
2013.03.14 00:04:16.636,1.05853,1.05879
2013.03.14 00:04:17.120,1.05858,1.05885
2013.03.14 00:04:22.197,1.05858,1.05885
2013.03.14 00:04:22.621,1.05858,1.05885
2013.03.14 00:04:24.189,1.05862,1.05885
2013.03.14 00:04:24.573,1.05863,1.05889
2013.03.14 00:04:44.271,1.05862,1.05889
2013.03.14 00:04:49.253,1.05861,1.05889
2013.03.14 00:04:49.311,1.05861,1.05889
2013.03.14 00:04:55.731,1.05866,1.05891
2013.03.14 00:04:56.211,1.05867,1.05894
2013.03.14 00:04:56.461,1.05869,1.05894
2013.03.14 00:04:56.860,1.05872,1.05898
2013.03.14 00:04:57.571,1.05872,1.05898
2013.03.14 00:05:01.901,1.05874,1.05899
2013.03.14 00:05:02.322,1.05876,1.05899
2013.03.14 00:05:02.870,1.05878,1.05905
2013.03.14 00:05:04.431,1.05879,1.05905
2013.03.14 00:05:04.792,1.05882,1.05907
2013.03.14 00:05:11.651,1.05882,1.05909
2013.03.14 00:05:11.890,1.05879,1.05903
2013.03.14 00:05:12.731,1.05879,1.05903
2013.03.14 00:05:13.092,1.05881,1.05908
2013.03.14 00:05:13.151,1.05881,1.05908
2013.03.14 00:05:13.391,1.05881,1.05908
2013.03.14 00:05:16.836,1.05882,1.05908
2013.03.14 00:05:17.911,1.05884,1.05909
2013.03.14 00:05:18.092,1.05887,1.05912
2013.03.14 00:05:18.452,1.05894,1.0592
2013.03.14 00:05:18.514,1.0589,1.05914
2013.03.14 00:05:18.962,1.05892,1.05918
2013.03.14 00:05:19.372,1.05894,1.05919
2013.03.14 00:05:20.151,1.05891,1.05914
2013.03.14 00:05:20.211,1.05889,1.05914
2013.03.14 00:05:20.390,1.05889,1.05913
2013.03.14 00:05:21.011,1.05889,1.05913
2013.03.14 00:05:24.530,1.05889,1.05913
2013.03.14 00:05:24.770,1.05887,1.0591
2013.03.14 00:05:27.091,1.05884,1.05908
2013.03.14 00:05:27.622,1.05886,1.05909
2013.03.14 00:05:31.856,1.05886,1.05909
2013.03.14 00:05:32.372,1.0589,1.05914
2013.03.14 00:05:32.841,1.0589,1.05914
2013.03.14 00:05:41.921,1.05892,1.05919
2013.03.14 00:05:47.597,1.05893,1.05919
2013.03.14 00:05:47.661,1.05893,1.05919
2013.03.14 00:05:47.962,1.05887,1.05913
2013.03.14 00:05:48.561,1.05889,1.05913
2013.03.14 00:05:50.397,1.0589,1.05913
2013.03.14 00:05:50.932,1.05892,1.05919
2013.03.14 00:05:54.600,1.05892,1.05919
2013.03.14 00:05:55.334,1.05892,1.05919
2013.03.14 00:06:01.881,1.05892,1.05919
2013.03.14 00:06:03.364,1.05893,1.05919
2013.03.14 00:06:03.911,1.05897,1.05923
2013.03.14 00:06:09.131,1.05898,1.05923
2013.03.14 00:06:09.481,1.05902,1.05925
2013.03.14 00:06:16.784,1.05902,1.05928
2013.03.14 00:06:16.912,1.05902,1.05928
2013.03.14 00:06:17.555,1.05902,1.05928
2013.03.14 00:06:18.151,1.05904,1.05928
2013.03.14 00:06:18.331,1.05902,1.05928
2013.03.14 00:06:19.407,1.05902,1.05928
2013.03.14 00:06:19.981,1.05897,1.05923
2013.03.14 00:06:22.341,1.05897,1.05923
2013.03.14 00:06:22.521,1.05893,1.05919
2013.03.14 00:06:23.041,1.05891,1.05914
2013.03.14 00:06:26.631,1.05891,1.05914
2013.03.14 00:06:26.750,1.05886,1.0591
2013.03.14 00:06:28.061,1.05887,1.05914
2013.03.14 00:06:28.594,1.05889,1.05914
2013.03.14 00:06:30.182,1.05887,1.05914
2013.03.14 00:07:04.096,1.05885,1.05909
2013.03.14 00:07:04.161,1.05883,1.05909
2013.03.14 00:07:04.921,1.0588,1.05904
2013.03.14 00:07:05.402,1.05879,1.05901
2013.03.14 00:07:05.702,1.0588,1.05904
2013.03.14 00:07:05.761,1.05883,1.05904
2013.03.14 00:07:05.822,1.05885,1.05909
2013.03.14 00:07:05.881,1.05883,1.05909
2013.03.14 00:07:06.602,1.05885,1.05909
2013.03.14 00:07:07.361,1.05883,1.05909
2013.03.14 00:07:09.382,1.05883,1.05905
2013.03.14 00:07:10.533,1.05883,1.05905
2013.03.14 00:07:26.022,1.05882,1.05907
2013.03.14 00:07:37.371,1.05886,1.05907
2013.03.14 00:07:50.820,1.05886,1.05909
2013.03.14 00:07:51.331,1.05887,1.05913
2013.03.14 00:07:51.391,1.05892,1.05913
2013.03.14 00:07:51.929,1.05892,1.05913
2013.03.14 00:08:12.403,1.05891,1.05913
2013.03.14 00:08:12.789,1.05889,1.05912
2013.03.14 00:08:22.274,1.05893,1.05912
2013.03.14 00:08:24.421,1.05896,1.05914
2013.03.14 00:08:24.542,1.05899,1.05918
2013.03.14 00:08:24.721,1.05899,1.05918
2013.03.14 00:08:24.781,1.05897,1.05918
2013.03.14 00:08:26.152,1.05897,1.05918
2013.03.14 00:08:29.371,1.05896,1.05919
2013.03.14 00:08:29.432,1.05896,1.05919
2013.03.14 00:08:29.791,1.05895,1.05917
2013.03.14 00:08:36.053,1.05895,1.05919
2013.03.14 00:08:39.137,1.05895,1.05919
2013.03.14 00:08:46.452,1.05895,1.05919
2013.03.14 00:08:47.691,1.05895,1.05919
2013.03.14 00:08:49.590,1.05896,1.05919
2013.03.14 00:08:49.772,1.059,1.05924
2013.03.14 00:08:50.140,1.05902,1.05924
2013.03.14 00:08:51.543,1.05902,1.05927
2013.03.14 00:08:55.221,1.05902,1.05927
2013.03.14 00:09:10.332,1.05902,1.05929
2013.03.14 00:09:18.421,1.05902,1.05929
2013.03.14 00:09:20.302,1.05902,1.05929
2013.03.14 00:09:29.611,1.05902,1.05929
2013.03.14 00:09:37.602,1.05905,1.0593
2013.03.14 00:09:37.841,1.05905,1.0593
2013.03.14 00:10:03.360,1.05906,1.0593
2013.03.14 00:10:12.050,1.05905,1.0593
2013.03.14 00:10:12.232,1.05911,1.05932
2013.03.14 00:10:21.289,1.05912,1.05934
2013.03.14 00:10:22.091,1.05911,1.05927
2013.03.14 00:10:22.211,1.05904,1.05927
2013.03.14 00:10:22.633,1.05907,1.05929
2013.03.14 00:10:43.971,1.05907,1.05929
2013.03.14 00:11:04.391,1.05907,1.0593
2013.03.14 00:11:15.881,1.05905,1.0593
2013.03.14 00:11:17.609,1.05906,1.0593
2013.03.14 00:11:18.852,1.05906,1.05933
2013.03.14 00:11:18.973,1.05919,1.05939
2013.03.14 00:11:21.302,1.05924,1.0595
2013.03.14 00:11:21.612,1.05924,1.05952
2013.03.14 00:11:26.591,1.05926,1.05952
2013.03.14 00:11:26.659,1.0593,1.05954
2013.03.14 00:11:28.620,1.0593,1.05955
2013.03.14 00:11:28.801,1.05929,1.05951
2013.03.14 00:11:29.042,1.05929,1.0595
2013.03.14 00:11:29.161,1.0593,1.05954
2013.03.14 00:11:29.282,1.05932,1.0596
2013.03.14 00:11:29.581,1.05934,1.0596
2013.03.14 00:11:29.714,1.05934,1.0596
2013.03.14 00:11:36.068,1.05934,1.0596
2013.03.14 00:11:39.061,1.05934,1.0596
2013.03.14 00:11:39.181,1.05934,1.0596
2013.03.14 00:11:49.760,1.05932,1.05959
2013.03.14 00:11:52.129,1.05932,1.05959
2013.03.14 00:12:03.953,1.05932,1.05958
2013.03.14 00:12:05.061,1.05932,1.05959
2013.03.14 00:12:06.102,1.05932,1.05959
2013.03.14 00:12:06.567,1.05936,1.05962
2013.03.14 00:12:08.221,1.05932,1.05957
2013.03.14 00:12:08.282,1.05932,1.05957
2013.03.14 00:12:08.889,1.05931,1.05957
2013.03.14 00:12:09.211,1.05934,1.05959
2013.03.14 00:12:25.038,1.05936,1.05962
2013.03.14 00:12:26.414,1.05936,1.05962
2013.03.14 00:12:27.235,1.05932,1.05958
2013.03.14 00:12:29.925,1.05932,1.05958
2013.03.14 00:12:47.425,1.05933,1.0596
2013.03.14 00:12:51.588,1.05933,1.0596
2013.03.14 00:12:55.531,1.05933,1.0596
2013.03.14 00:13:03.591,1.05933,1.0596
2013.03.14 00:13:08.761,1.05931,1.05956
2013.03.14 00:13:08.821,1.0593,1.05956
2013.03.14 00:13:08.943,1.05931,1.05956
2013.03.14 00:13:25.135,1.05935,1.05962
2013.03.14 00:13:25.204,1.05937,1.05963
2013.03.14 00:13:27.432,1.05936,1.05962
2013.03.14 00:13:27.712,1.05938,1.05964
2013.03.14 00:13:47.749,1.05941,1.05967
2013.03.14 00:13:55.402,1.05936,1.05963
2013.03.14 00:13:56.821,1.05936,1.05963
2013.03.14 00:13:56.962,1.05935,1.05962
2013.03.14 00:13:57.812,1.05935,1.05962
2013.03.14 00:13:57.992,1.0593,1.05957
2013.03.14 00:13:58.358,1.05931,1.05957
2013.03.14 00:13:58.481,1.05933,1.05957
2013.03.14 00:13:59.353,1.05937,1.05961
2013.03.14 00:14:00.233,1.05937,1.05964
2013.03.14 00:14:00.623,1.05939,1.05967
2013.03.14 00:14:01.461,1.05939,1.05967
2013.03.14 00:14:02.868,1.05942,1.05967
2013.03.14 00:14:03.373,1.05941,1.05967
2013.03.14 00:14:09.154,1.05939,1.05966
2013.03.14 00:14:11.131,1.05942,1.05966
2013.03.14 00:14:12.052,1.05945,1.05967
2013.03.14 00:14:12.897,1.05945,1.0597
2013.03.14 00:14:14.352,1.05945,1.05968
2013.03.14 00:14:14.472,1.05941,1.05967
2013.03.14 00:14:15.142,1.05938,1.05966
2013.03.14 00:14:15.472,1.05938,1.05967
2013.03.14 00:14:15.652,1.05938,1.05967
2013.03.14 00:14:16.872,1.0594,1.05967
2013.03.14 00:14:18.058,1.05938,1.05967
2013.03.14 00:14:18.632,1.0594,1.05967
2013.03.14 00:14:18.753,1.05941,1.05969
2013.03.14 00:14:19.402,1.05944,1.05967
2013.03.14 00:14:19.833,1.05939,1.05966
2013.03.14 00:14:22.842,1.0594,1.05966
2013.03.14 00:14:22.964,1.05943,1.05966
2013.03.14 00:14:23.908,1.05943,1.0597
2013.03.14 00:14:26.861,1.05945,1.05968
2013.03.14 00:14:27.042,1.05941,1.05967
2013.03.14 00:14:28.183,1.05941,1.05965
2013.03.14 00:14:31.391,1.05941,1.05965
2013.03.14 00:14:32.683,1.05945,1.05967
2013.03.14 00:14:33.350,1.05943,1.05963
2013.03.14 00:14:48.078,1.05943,1.05963
2013.03.14 00:14:48.273,1.05942,1.05963
2013.03.14 00:14:48.940,1.05941,1.05963
2013.03.14 00:14:49.840,1.05941,1.05963
2013.03.14 00:14:49.902,1.05939,1.05961
2013.03.14 00:14:54.361,1.05941,1.05963
2013.03.14 00:14:54.482,1.05941,1.05963
2013.03.14 00:14:55.622,1.05939,1.05961
2013.03.14 00:14:55.942,1.05943,1.05961
2013.03.14 00:14:59.102,1.05943,1.05965
2013.03.14 00:14:59.633,1.05944,1.05963
2013.03.14 00:15:00.229,1.05943,1.05963
2013.03.14 00:15:00.742,1.05942,1.05963
2013.03.14 00:15:01.490,1.0594,1.05962
2013.03.14 00:15:01.563,1.05935,1.05958
2013.03.14 00:15:02.101,1.05934,1.05957
2013.03.14 00:15:02.892,1.05934,1.05956
2013.03.14 00:15:05.577,1.0593,1.05954
2013.03.14 00:15:05.655,1.0593,1.05954
2013.03.14 00:15:06.882,1.0593,1.05953
2013.03.14 00:15:08.593,1.0593,1.05956
2013.03.14 00:15:11.533,1.0593,1.05956
2013.03.14 00:15:11.772,1.05934,1.05956
2013.03.14 00:15:11.892,1.05931,1.05954
2013.03.14 00:15:12.012,1.0593,1.05954
2013.03.14 00:15:12.072,1.0593,1.05954
2013.03.14 00:15:12.741,1.0593,1.05954
2013.03.14 00:15:15.423,1.05927,1.05944
2013.03.14 00:15:15.732,1.0592,1.05944
2013.03.14 00:15:22.076,1.0592,1.05944
2013.03.14 00:15:22.713,1.0592,1.05944
2013.03.14 00:15:24.102,1.0592,1.05943
2013.03.14 00:15:24.162,1.0592,1.05943
2013.03.14 00:15:24.222,1.0592,1.05944
2013.03.14 00:15:25.702,1.05925,1.05948
2013.03.14 00:15:26.116,1.05925,1.05948
2013.03.14 00:15:26.805,1.05923,1.05944
2013.03.14 00:15:32.452,1.05923,1.05944
2013.03.14 00:15:35.076,1.05923,1.05944
2013.03.14 00:15:38.872,1.05925,1.05947
2013.03.14 00:15:39.052,1.05925,1.05948
2013.03.14 00:15:39.412,1.05925,1.05947
2013.03.14 00:15:39.593,1.05925,1.05948
2013.03.14 00:15:39.834,1.05925,1.05948
2013.03.14 00:15:40.072,1.05925,1.05948
2013.03.14 00:15:40.372,1.05923,1.05944
2013.03.14 00:15:41.135,1.05925,1.05947
2013.03.14 00:15:43.885,1.05923,1.05943
2013.03.14 00:15:44.603,1.05925,1.05948
2013.03.14 00:15:47.287,1.05924,1.05948
2013.03.14 00:15:47.352,1.05922,1.05943
2013.03.14 00:15:50.262,1.05919,1.05943
2013.03.14 00:15:50.382,1.05917,1.05938
2013.03.14 00:15:50.592,1.05919,1.05941
2013.03.14 00:15:50.832,1.05917,1.05937
2013.03.14 00:15:55.343,1.05919,1.05938
2013.03.14 00:15:55.462,1.05919,1.05942
2013.03.14 00:15:55.522,1.05922,1.05942
2013.03.14 00:15:55.882,1.05922,1.05943
2013.03.14 00:16:00.312,1.05918,1.05943
2013.03.14 00:16:00.373,1.05916,1.05943
2013.03.14 00:16:01.785,1.05918,1.05944
2013.03.14 00:16:03.164,1.05918,1.05943
2013.03.14 00:16:03.223,1.05917,1.05938
2013.03.14 00:16:03.859,1.05913,1.05938
2013.03.14 00:16:04.346,1.05913,1.05938
2013.03.14 00:16:05.085,1.05917,1.05943
2013.03.14 00:16:05.153,1.05917,1.05943
2013.03.14 00:16:07.320,1.05922,1.05943
2013.03.14 00:16:10.142,1.05916,1.05939
2013.03.14 00:16:10.204,1.05916,1.05937
2013.03.14 00:16:10.984,1.05915,1.05933
2013.03.14 00:16:12.062,1.05915,1.05933
2013.03.14 00:16:12.242,1.05915,1.05933
2013.03.14 00:16:12.422,1.05913,1.05933
2013.03.14 00:16:13.492,1.05913,1.05938
2013.03.14 00:16:14.033,1.05916,1.05939
2013.03.14 00:16:15.682,1.05916,1.05941
2013.03.14 00:16:15.742,1.05917,1.05941
2013.03.14 00:16:16.672,1.05917,1.05939
2013.03.14 00:16:16.734,1.05916,1.05939
2013.03.14 00:16:21.192,1.0592,1.05939
2013.03.14 00:16:22.173,1.05921,1.05941
2013.03.14 00:16:26.127,1.05921,1.05944
2013.03.14 00:16:26.714,1.05919,1.05942
2013.03.14 00:16:27.180,1.05916,1.05938
2013.03.14 00:16:27.632,1.05917,1.05938
2013.03.14 00:16:28.286,1.05922,1.05944
2013.03.14 00:16:28.479,1.05922,1.05946
2013.03.14 00:16:37.895,1.05922,1.05944
2013.03.14 00:16:40.932,1.0592,1.05944
2013.03.14 00:16:40.996,1.0592,1.05943
2013.03.14 00:16:41.513,1.05917,1.05938
2013.03.14 00:16:43.203,1.0592,1.05943
2013.03.14 00:16:43.932,1.0592,1.05943
2013.03.14 00:16:45.342,1.05916,1.0594
2013.03.14 00:16:45.522,1.05916,1.05939
2013.03.14 00:16:45.883,1.05914,1.05933
2013.03.14 00:16:46.243,1.05911,1.05933
2013.03.14 00:16:46.363,1.05909,1.05931
2013.03.14 00:16:46.603,1.05906,1.05928
2013.03.14 00:16:52.528,1.05906,1.05928
2013.03.14 00:16:53.032,1.05906,1.05925
2013.03.14 00:16:59.893,1.05904,1.05924
2013.03.14 00:17:02.912,1.05904,1.05924
2013.03.14 00:17:06.032,1.05901,1.05924
2013.03.14 00:17:06.092,1.059,1.05924
2013.03.14 00:17:10.834,1.05896,1.05921
2013.03.14 00:17:14.414,1.05892,1.05916
2013.03.14 00:17:14.722,1.05892,1.05917
2013.03.14 00:17:14.903,1.05892,1.05917
2013.03.14 00:17:17.543,1.05896,1.05916
2013.03.14 00:17:17.663,1.05898,1.05921
2013.03.14 00:17:17.722,1.05901,1.05921
2013.03.14 00:17:17.783,1.05901,1.05923
2013.03.14 00:17:21.063,1.059,1.05919
2013.03.14 00:17:22.732,1.05901,1.05921
2013.03.14 00:17:25.105,1.05901,1.05921
2013.03.14 00:17:38.253,1.05899,1.05924
2013.03.14 00:17:43.917,1.05899,1.05924
2013.03.14 00:17:45.423,1.05893,1.05918
2013.03.14 00:17:47.133,1.05892,1.05917
2013.03.14 00:17:47.574,1.05893,1.05919
2013.03.14 00:17:48.005,1.05893,1.0592
2013.03.14 00:17:49.113,1.05893,1.05918
2013.03.14 00:17:52.823,1.05893,1.05918
2013.03.14 00:17:53.903,1.05893,1.05918
2013.03.14 00:18:14.133,1.05893,1.05916
2013.03.14 00:18:14.193,1.05892,1.05914
2013.03.14 00:18:14.372,1.05892,1.05911
2013.03.14 00:18:14.892,1.05892,1.05914
2013.03.14 00:18:15.405,1.05892,1.05914
2013.03.14 00:18:18.433,1.05892,1.05914
2013.03.14 00:18:18.741,1.05892,1.05911
2013.03.14 00:18:22.061,1.05892,1.05914
2013.03.14 00:18:25.577,1.05893,1.05915
2013.03.14 00:18:26.511,1.05892,1.05913
2013.03.14 00:18:29.462,1.05893,1.05913
2013.03.14 00:18:30.852,1.05895,1.05915
2013.03.14 00:18:31.375,1.05895,1.05915
2013.03.14 00:18:31.741,1.05897,1.05919
2013.03.14 00:18:32.082,1.05899,1.05919
2013.03.14 00:18:32.142,1.05901,1.05919
2013.03.14 00:18:32.497,1.05903,1.05923
2013.03.14 00:18:37.782,1.05905,1.05923
2013.03.14 00:18:38.022,1.05905,1.05926
2013.03.14 00:18:38.083,1.05905,1.05926
2013.03.14 00:18:38.382,1.05903,1.05924
2013.03.14 00:18:38.582,1.05899,1.05924
2013.03.14 00:18:39.123,1.05899,1.05924
2013.03.14 00:18:39.187,1.05899,1.05924
2013.03.14 00:18:39.312,1.05899,1.05924
2013.03.14 00:18:39.372,1.05897,1.05919
2013.03.14 00:18:39.912,1.05897,1.05916
2013.03.14 00:18:39.974,1.05894,1.05916
2013.03.14 00:18:40.032,1.05893,1.05916
2013.03.14 00:18:42.292,1.05894,1.05918
2013.03.14 00:18:42.412,1.05894,1.05918
2013.03.14 00:18:43.010,1.05894,1.05918
2013.03.14 00:18:48.838,1.05893,1.05917
2013.03.14 00:18:54.983,1.05894,1.05918
2013.03.14 00:19:08.923,1.05895,1.05918
2013.03.14 00:19:09.441,1.05897,1.05918
2013.03.14 00:19:09.682,1.059,1.05922
2013.03.14 00:19:22.811,1.059,1.05923
2013.03.14 00:19:29.712,1.05902,1.05923
2013.03.14 00:19:32.693,1.05902,1.05923
2013.03.14 00:19:49.290,1.05901,1.05923
2013.03.14 00:20:00.162,1.05901,1.05926
2013.03.14 00:20:00.626,1.05901,1.05923
2013.03.14 00:20:03.282,1.05905,1.05923
2013.03.14 00:20:36.060,1.059,1.05923
2013.03.14 00:20:37.233,1.05903,1.05923
2013.03.14 00:20:44.852,1.05903,1.05926
2013.03.14 00:20:44.918,1.05906,1.05927
2013.03.14 00:20:45.102,1.05906,1.05929
2013.03.14 00:20:45.162,1.05906,1.05929
2013.03.14 00:20:45.282,1.05903,1.05927
2013.03.14 00:20:46.332,1.05902,1.05925
2013.03.14 00:20:48.051,1.05901,1.05928
2013.03.14 00:20:50.799,1.05901,1.05928
2013.03.14 00:21:01.761,1.05906,1.05933
2013.03.14 00:21:01.882,1.05911,1.05933
2013.03.14 00:21:06.091,1.05911,1.05939
2013.03.14 00:21:10.854,1.05916,1.05941
2013.03.14 00:21:11.033,1.05918,1.05942
2013.03.14 00:21:11.094,1.05921,1.05944
2013.03.14 00:21:11.274,1.05921,1.05944
2013.03.14 00:21:11.635,1.05923,1.05949
2013.03.14 00:21:11.955,1.05929,1.05952
2013.03.14 00:21:12.373,1.05931,1.05954
2013.03.14 00:21:13.442,1.0593,1.05954
2013.03.14 00:21:13.683,1.05927,1.05953
2013.03.14 00:21:15.376,1.05927,1.05953
2013.03.14 00:21:15.901,1.05921,1.05947
2013.03.14 00:21:15.984,1.05921,1.05949
2013.03.14 00:21:16.432,1.05926,1.05952
2013.03.14 00:21:19.633,1.05924,1.0595
2013.03.14 00:21:20.233,1.05923,1.05945
2013.03.14 00:21:20.782,1.05922,1.05945
2013.03.14 00:21:23.712,1.05924,1.0595
2013.03.14 00:21:24.130,1.05926,1.0595
2013.03.14 00:21:24.373,1.05927,1.05953
2013.03.14 00:21:24.582,1.05929,1.05955
2013.03.14 00:21:26.404,1.05928,1.05952
2013.03.14 00:21:28.640,1.05925,1.05951
2013.03.14 00:21:32.442,1.05925,1.05952
2013.03.14 00:21:34.368,1.05925,1.05951
2013.03.14 00:21:35.812,1.05924,1.05951
2013.03.14 00:21:36.182,1.0592,1.05946
2013.03.14 00:21:37.597,1.05917,1.05941
2013.03.14 00:21:40.662,1.05916,1.05941
2013.03.14 00:21:41.223,1.05921,1.05944
2013.03.14 00:21:41.342,1.05921,1.05947
2013.03.14 00:21:41.641,1.05921,1.05947
2013.03.14 00:21:42.853,1.05919,1.05942
2013.03.14 00:21:43.213,1.05913,1.0594
2013.03.14 00:21:46.152,1.05911,1.05938
2013.03.14 00:22:03.233,1.05917,1.05945
2013.03.14 00:22:03.773,1.05914,1.0594
2013.03.14 00:22:22.122,1.05914,1.05942
2013.03.14 00:22:22.182,1.05921,1.05945
2013.03.14 00:22:25.783,1.05919,1.05945
2013.03.14 00:22:25.903,1.05921,1.05945
2013.03.14 00:22:26.783,1.05917,1.05943
2013.03.14 00:22:26.842,1.05917,1.0594
2013.03.14 00:22:35.116,1.05916,1.05943
2013.03.14 00:22:35.184,1.05921,1.05944
2013.03.14 00:22:41.642,1.05921,1.05947
2013.03.14 00:22:45.098,1.05925,1.0595
2013.03.14 00:22:46.089,1.05922,1.0595
2013.03.14 00:22:47.644,1.05927,1.05953
2013.03.14 00:22:48.137,1.05927,1.05951
2013.03.14 00:22:48.203,1.05926,1.05951
2013.03.14 00:22:49.663,1.05926,1.05953
2013.03.14 00:22:50.403,1.05926,1.05951
2013.03.14 00:22:50.522,1.05927,1.05951
2013.03.14 00:22:50.951,1.05929,1.05955
2013.03.14 00:22:54.692,1.05931,1.05955
2013.03.14 00:22:56.223,1.05933,1.05961
2013.03.14 00:22:57.173,1.05937,1.05961
2013.03.14 00:22:57.253,1.0594,1.05966
2013.03.14 00:23:02.368,1.05941,1.05966
2013.03.14 00:23:02.875,1.05941,1.05963
2013.03.14 00:23:08.308,1.05937,1.05961
2013.03.14 00:23:11.612,1.05937,1.05963
2013.03.14 00:23:19.703,1.05937,1.05961
2013.03.14 00:23:19.762,1.05937,1.05963
2013.03.14 00:23:21.073,1.05941,1.05966
2013.03.14 00:23:25.243,1.05941,1.05968
2013.03.14 00:23:27.558,1.05943,1.05971
2013.03.14 00:23:27.743,1.0594,1.05965
2013.03.14 00:23:27.803,1.05938,1.05965
2013.03.14 00:23:28.102,1.05935,1.05961
2013.03.14 00:23:30.884,1.05935,1.05963
2013.03.14 00:23:31.303,1.05935,1.05961
2013.03.14 00:23:32.103,1.05937,1.05963
2013.03.14 00:23:32.224,1.0594,1.05963
2013.03.14 00:23:32.762,1.05937,1.05963
2013.03.14 00:23:32.943,1.0594,1.05963
2013.03.14 00:23:33.502,1.05937,1.05963
2013.03.14 00:23:33.622,1.05936,1.05961
2013.03.14 00:23:34.274,1.05936,1.05961
2013.03.14 00:23:34.475,1.05935,1.05958
2013.03.14 00:23:34.722,1.05936,1.05959
2013.03.14 00:23:34.782,1.05936,1.0596
2013.03.14 00:23:35.203,1.05935,1.0596
2013.03.14 00:23:35.382,1.05933,1.05959
2013.03.14 00:23:35.871,1.05931,1.05955
2013.03.14 00:23:36.592,1.05934,1.05957
2013.03.14 00:23:36.652,1.05935,1.05959
2013.03.14 00:23:36.892,1.05936,1.05962
2013.03.14 00:23:38.117,1.05938,1.05964
2013.03.14 00:23:43.162,1.05939,1.05965
2013.03.14 00:23:47.622,1.05938,1.05964
2013.03.14 00:23:53.693,1.05938,1.05965
2013.03.14 00:23:55.057,1.05938,1.05964
2013.03.14 00:23:59.567,1.05941,1.05967
2013.03.14 00:24:03.242,1.05946,1.05968
2013.03.14 00:24:03.542,1.05943,1.05969
2013.03.14 00:24:04.113,1.0594,1.05967
2013.03.14 00:24:05.343,1.0594,1.05966
2013.03.14 00:24:07.272,1.05939,1.05963
2013.03.14 00:24:07.817,1.05935,1.05962
2013.03.14 00:24:08.625,1.05933,1.05958
2013.03.14 00:24:08.743,1.05931,1.05955
2013.03.14 00:24:09.042,1.05925,1.05952
2013.03.14 00:24:09.486,1.05925,1.05951
2013.03.14 00:24:11.152,1.05925,1.05951
2013.03.14 00:24:11.453,1.05925,1.05951
2013.03.14 00:24:12.115,1.05924,1.05945
2013.03.14 00:24:12.242,1.05921,1.05944
2013.03.14 00:24:12.794,1.05921,1.05946
2013.03.14 00:24:13.172,1.05921,1.05943
2013.03.14 00:24:13.352,1.05915,1.05941
2013.03.14 00:24:13.472,1.05915,1.05941
2013.03.14 00:24:13.866,1.05911,1.05937
2013.03.14 00:24:14.112,1.05911,1.05935
2013.03.14 00:24:14.292,1.05911,1.05937
2013.03.14 00:24:14.653,1.05916,1.05941
2013.03.14 00:24:15.073,1.05912,1.05939
2013.03.14 00:24:15.383,1.05911,1.05934
2013.03.14 00:24:15.901,1.05907,1.05933
2013.03.14 00:24:19.257,1.05907,1.05935
2013.03.14 00:24:19.822,1.05907,1.05933
2013.03.14 00:24:21.382,1.05907,1.05934
2013.03.14 00:24:22.163,1.05907,1.05933
2013.03.14 00:24:22.223,1.05906,1.05931
2013.03.14 00:24:22.942,1.05907,1.05934
2013.03.14 00:24:23.292,1.05911,1.05934
2013.03.14 00:24:23.594,1.05913,1.05938
2013.03.14 00:24:23.952,1.05913,1.0594
2013.03.14 00:24:24.192,1.05918,1.05943
2013.03.14 00:24:24.254,1.05918,1.05943
2013.03.14 00:24:25.872,1.05918,1.05946
2013.03.14 00:24:27.883,1.05918,1.05944
2013.03.14 00:24:28.063,1.05917,1.05943
2013.03.14 00:24:28.696,1.05912,1.05939
2013.03.14 00:24:29.142,1.05917,1.05942
2013.03.14 00:24:29.694,1.05917,1.05943
2013.03.14 00:24:30.239,1.05921,1.05944
2013.03.14 00:24:30.483,1.05921,1.05944
2013.03.14 00:24:30.843,1.05915,1.05939
2013.03.14 00:24:31.155,1.05912,1.05938
2013.03.14 00:24:31.392,1.05909,1.05934
2013.03.14 00:24:33.670,1.05914,1.05938
2013.03.14 00:24:33.983,1.05916,1.05939
2013.03.14 00:24:34.343,1.05919,1.05945
2013.03.14 00:24:34.592,1.05919,1.05944
2013.03.14 00:24:34.653,1.05919,1.05945
2013.03.14 00:24:35.132,1.05919,1.05947
2013.03.14 00:24:35.943,1.05919,1.05946
2013.03.14 00:24:36.305,1.05915,1.05944
2013.03.14 00:24:36.692,1.05915,1.05943
2013.03.14 00:24:37.923,1.05914,1.05941
2013.03.14 00:24:37.984,1.05909,1.05938
2013.03.14 00:24:38.112,1.05909,1.05937
2013.03.14 00:24:44.410,1.05909,1.05937
2013.03.14 00:24:44.623,1.05909,1.05937
2013.03.14 00:24:46.092,1.05909,1.05937
2013.03.14 00:24:46.153,1.05909,1.05934
2013.03.14 00:24:46.333,1.05906,1.05933
2013.03.14 00:24:47.505,1.05912,1.05935
2013.03.14 00:24:47.563,1.05912,1.05937
2013.03.14 00:24:48.013,1.05912,1.05936
2013.03.14 00:24:48.307,1.05907,1.05933
2013.03.14 00:24:49.423,1.05907,1.05933
2013.03.14 00:24:49.728,1.05911,1.05938
2013.03.14 00:24:55.346,1.05911,1.05937
2013.03.14 00:24:56.382,1.05911,1.05938
2013.03.14 00:25:05.413,1.05913,1.05939
2013.03.14 00:25:05.473,1.05922,1.05942
2013.03.14 00:25:06.012,1.05922,1.05945
2013.03.14 00:25:06.133,1.05923,1.05945
2013.03.14 00:25:06.193,1.05923,1.05949
2013.03.14 00:25:06.254,1.05926,1.05949
2013.03.14 00:25:06.373,1.05927,1.05953
2013.03.14 00:25:06.433,1.05927,1.05952
2013.03.14 00:25:06.923,1.05927,1.05954
2013.03.14 00:25:08.327,1.05927,1.05953
2013.03.14 00:25:08.792,1.05925,1.05948
2013.03.14 00:25:09.096,1.05922,1.05948
2013.03.14 00:25:09.403,1.05922,1.05948
2013.03.14 00:25:24.826,1.05922,1.05946
2013.03.14 00:25:27.733,1.0592,1.05943
2013.03.14 00:25:28.614,1.05919,1.05942
2013.03.14 00:25:28.674,1.05923,1.05948
2013.03.14 00:25:28.733,1.05926,1.05948
2013.03.14 00:25:28.913,1.05931,1.05957
2013.03.14 00:25:29.153,1.05931,1.05955
2013.03.14 00:25:30.073,1.05931,1.05955
2013.03.14 00:25:30.133,1.05936,1.0596
2013.03.14 00:25:30.603,1.05936,1.05962
2013.03.14 00:25:31.714,1.05936,1.0596
2013.03.14 00:25:32.632,1.05936,1.05959
2013.03.14 00:25:32.933,1.05936,1.05956
2013.03.14 00:25:33.447,1.05931,1.05956
2013.03.14 00:25:33.521,1.05931,1.05955
2013.03.14 00:25:35.893,1.05931,1.05955
2013.03.14 00:25:36.013,1.05925,1.05952
2013.03.14 00:25:36.492,1.0593,1.05956
2013.03.14 00:25:37.493,1.05932,1.05957
2013.03.14 00:25:37.823,1.05934,1.05958
2013.03.14 00:25:38.368,1.05932,1.05958
2013.03.14 00:25:40.242,1.05934,1.05957
2013.03.14 00:25:40.396,1.05934,1.05957
2013.03.14 00:25:40.467,1.05934,1.05961
2013.03.14 00:25:40.537,1.05943,1.05963
2013.03.14 00:25:40.606,1.05943,1.05967
2013.03.14 00:25:40.944,1.05945,1.05968
2013.03.14 00:25:41.063,1.05948,1.05968
2013.03.14 00:25:44.856,1.0595,1.05973
2013.03.14 00:25:45.032,1.0595,1.0597
2013.03.14 00:25:45.153,1.0595,1.05973
2013.03.14 00:25:45.573,1.05945,1.05971
2013.03.14 00:25:46.113,1.05944,1.0597
2013.03.14 00:25:47.143,1.05946,1.0597
2013.03.14 00:25:47.851,1.05953,1.05976
2013.03.14 00:25:47.922,1.05953,1.0598
2013.03.14 00:25:48.652,1.05956,1.0598
2013.03.14 00:25:50.933,1.05956,1.05983
2013.03.14 00:25:51.655,1.05956,1.0598
2013.03.14 00:25:51.872,1.05956,1.0598
2013.03.14 00:25:52.113,1.05962,1.05986
2013.03.14 00:25:53.303,1.0596,1.05986
2013.03.14 00:25:53.904,1.05962,1.05988
2013.03.14 00:25:54.082,1.05962,1.05986
2013.03.14 00:25:54.262,1.05962,1.05986
2013.03.14 00:25:54.894,1.05962,1.05988
2013.03.14 00:25:57.036,1.05962,1.05986
2013.03.14 00:25:57.165,1.05969,1.05991
2013.03.14 00:25:57.233,1.05969,1.05994
2013.03.14 00:25:57.292,1.05969,1.05994
2013.03.14 00:26:07.873,1.05969,1.05994
2013.03.14 00:26:08.146,1.05966,1.05994
2013.03.14 00:26:08.366,1.05966,1.05989
2013.03.14 00:26:09.672,1.05962,1.05989
2013.03.14 00:26:09.853,1.05959,1.05985
2013.03.14 00:26:17.902,1.05959,1.05986
2013.03.14 00:26:18.023,1.05962,1.0599
2013.03.14 00:26:24.943,1.05972,1.05993
2013.03.14 00:26:25.003,1.05972,1.05995
2013.03.14 00:26:25.123,1.05972,1.05999
2013.03.14 00:26:25.244,1.05972,1.05999
2013.03.14 00:26:25.451,1.05972,1.06002
2013.03.14 00:26:30.640,1.05972,1.06
2013.03.14 00:26:31.133,1.05972,1.06002
2013.03.14 00:26:31.253,1.05978,1.06004
2013.03.14 00:26:33.443,1.05977,1.06003
2013.03.14 00:26:34.833,1.05978,1.06006
2013.03.14 00:26:35.073,1.05985,1.06009
2013.03.14 00:26:35.588,1.05985,1.06013
2013.03.14 00:26:36.083,1.05985,1.06011
2013.03.14 00:26:36.142,1.05985,1.06008
2013.03.14 00:26:36.203,1.05982,1.06008
2013.03.14 00:26:36.964,1.05979,1.06006
2013.03.14 00:26:37.144,1.05978,1.06006
2013.03.14 00:26:37.263,1.05976,1.05999
2013.03.14 00:26:37.683,1.0599,1.06013
2013.03.14 00:26:37.923,1.0599,1.06014
2013.03.14 00:26:38.383,1.05986,1.06012
2013.03.14 00:26:39.343,1.0599,1.06014
2013.03.14 00:26:40.174,1.05986,1.06012
2013.03.14 00:26:40.693,1.05984,1.06006
2013.03.14 00:26:40.767,1.05986,1.06006
2013.03.14 00:26:41.107,1.05988,1.06006
2013.03.14 00:26:41.644,1.05988,1.06008
2013.03.14 00:26:42.224,1.0598,1.06008
2013.03.14 00:26:42.343,1.05982,1.06006
2013.03.14 00:26:42.403,1.05983,1.06012
2013.03.14 00:26:42.463,1.05986,1.06013
2013.03.14 00:26:42.766,1.0599,1.06014
2013.03.14 00:26:42.854,1.0599,1.06017
2013.03.14 00:26:42.913,1.0599,1.06017
2013.03.14 00:26:43.463,1.05993,1.06017
2013.03.14 00:26:44.016,1.0599,1.06017
2013.03.14 00:26:44.843,1.0599,1.06016
2013.03.14 00:26:47.253,1.0599,1.06014
2013.03.14 00:26:47.613,1.05985,1.0601
2013.03.14 00:26:47.915,1.05982,1.06008
2013.03.14 00:26:48.162,1.0598,1.06004
2013.03.14 00:26:48.283,1.0598,1.06003
2013.03.14 00:26:49.124,1.05974,1.06001
2013.03.14 00:26:49.313,1.05971,1.05996
2013.03.14 00:26:49.613,1.05971,1.05997
2013.03.14 00:26:49.733,1.05969,1.05996
2013.03.14 00:26:50.045,1.05964,1.05987
2013.03.14 00:26:50.165,1.05961,1.05987
2013.03.14 00:26:50.235,1.05961,1.05985
2013.03.14 00:26:50.543,1.05955,1.05983
2013.03.14 00:26:51.315,1.05955,1.05983
2013.03.14 00:26:51.890,1.05951,1.05977
2013.03.14 00:26:52.642,1.05951,1.05977
2013.03.14 00:26:52.943,1.05946,1.05973
2013.03.14 00:26:53.128,1.05946,1.05973
2013.03.14 00:26:53.313,1.0594,1.05972
2013.03.14 00:26:53.843,1.0594,1.05969
2013.03.14 00:26:54.083,1.05939,1.05961
2013.03.14 00:26:54.322,1.05939,1.05961
2013.03.14 00:26:54.443,1.05938,1.05965
2013.03.14 00:26:55.523,1.05938,1.05968
2013.03.14 00:26:58.183,1.05939,1.05969
2013.03.14 00:26:58.484,1.05939,1.05974
2013.03.14 00:26:58.613,1.05939,1.05975
2013.03.14 00:26:58.795,1.0594,1.05975
2013.03.14 00:26:59.083,1.0594,1.05976
2013.03.14 00:27:01.113,1.05944,1.05977
2013.03.14 00:27:01.174,1.05944,1.0598
2013.03.14 00:27:01.898,1.05947,1.05981
2013.03.14 00:27:02.214,1.05957,1.05983
2013.03.14 00:27:02.275,1.05957,1.05984
2013.03.14 00:27:03.085,1.05955,1.05986
2013.03.14 00:27:07.375,1.05955,1.05984
2013.03.14 00:27:09.654,1.05956,1.05986
2013.03.14 00:27:09.712,1.05958,1.05988
2013.03.14 00:27:09.772,1.05958,1.05989
2013.03.14 00:27:10.355,1.05958,1.05979
2013.03.14 00:27:10.604,1.05949,1.05978
2013.03.14 00:27:10.943,1.05949,1.05978
2013.03.14 00:27:11.383,1.05944,1.05972
2013.03.14 00:27:11.444,1.05945,1.05969
2013.03.14 00:27:11.803,1.0594,1.05964
2013.03.14 00:27:12.983,1.0594,1.05969
2013.03.14 00:27:16.893,1.0594,1.05967
2013.03.14 00:27:19.864,1.05937,1.05961
2013.03.14 00:27:20.479,1.05937,1.05961
2013.03.14 00:27:21.144,1.05938,1.05963
2013.03.14 00:27:21.263,1.05939,1.05961
2013.03.14 00:27:21.443,1.05932,1.0596
2013.03.14 00:27:21.627,1.05932,1.05958
2013.03.14 00:27:22.178,1.05926,1.05958
2013.03.14 00:27:23.104,1.05926,1.05956
2013.03.14 00:27:24.123,1.05926,1.05958
2013.03.14 00:27:24.483,1.05937,1.05958
2013.03.14 00:27:25.703,1.05931,1.0596
2013.03.14 00:27:26.328,1.05931,1.0596
2013.03.14 00:27:26.403,1.0593,1.0596
2013.03.14 00:27:43.134,1.05934,1.05963
2013.03.14 00:27:43.623,1.05939,1.05968
2013.03.14 00:27:43.683,1.05941,1.05968
2013.03.14 00:27:49.428,1.05946,1.05968
2013.03.14 00:27:49.672,1.05948,1.05975
2013.03.14 00:27:49.853,1.05949,1.05975
2013.03.14 00:27:50.175,1.05954,1.05979
2013.03.14 00:27:51.193,1.05956,1.0598
2013.03.14 00:27:51.933,1.05956,1.05979
2013.03.14 00:27:51.993,1.05951,1.05978
2013.03.14 00:28:00.434,1.05951,1.05976
2013.03.14 00:28:00.988,1.05949,1.05976
2013.03.14 00:28:10.943,1.05949,1.05971
2013.03.14 00:28:11.003,1.05943,1.0597
2013.03.14 00:28:11.063,1.05942,1.05966
2013.03.14 00:28:11.553,1.05938,1.05964
2013.03.14 00:28:18.852,1.05938,1.05964
2013.03.14 00:28:27.393,1.0594,1.05964
2013.03.14 00:28:27.513,1.05945,1.05968
2013.03.14 00:28:27.883,1.05945,1.05972
2013.03.14 00:28:28.193,1.05946,1.05972
2013.03.14 00:28:28.523,1.05948,1.05976
2013.03.14 00:28:28.754,1.05948,1.05976
2013.03.14 00:28:29.999,1.05955,1.0598
2013.03.14 00:28:30.123,1.05955,1.0598
2013.03.14 00:28:30.792,1.0596,1.05984
2013.03.14 00:28:31.353,1.0596,1.05988
2013.03.14 00:28:31.412,1.0596,1.05987
2013.03.14 00:28:32.294,1.05959,1.05983
2013.03.14 00:28:32.412,1.05956,1.05983
2013.03.14 00:28:32.613,1.05956,1.05984
2013.03.14 00:28:33.592,1.05955,1.05983
2013.03.14 00:28:33.863,1.05952,1.05979
2013.03.14 00:28:39.982,1.05953,1.05978
2013.03.14 00:28:40.349,1.05955,1.05983
2013.03.14 00:28:41.233,1.05952,1.05978
2013.03.14 00:28:41.413,1.0595,1.05977
2013.03.14 00:28:41.593,1.05947,1.05973
2013.03.14 00:28:42.098,1.05947,1.05973
2013.03.14 00:28:51.702,1.05947,1.05974
2013.03.14 00:28:52.013,1.0595,1.05978
2013.03.14 00:29:04.052,1.0595,1.05978
2013.03.14 00:29:04.413,1.0595,1.05977
2013.03.14 00:29:04.532,1.05947,1.05971
2013.03.14 00:29:04.654,1.05945,1.05971
2013.03.14 00:29:04.833,1.05946,1.05973
2013.03.14 00:29:04.982,1.05946,1.05974
2013.03.14 00:29:05.782,1.0595,1.05977
2013.03.14 00:29:06.802,1.0595,1.05977
2013.03.14 00:29:07.572,1.0595,1.05977
2013.03.14 00:29:07.994,1.05956,1.05976
2013.03.14 00:29:08.183,1.05956,1.05979
2013.03.14 00:29:08.904,1.05946,1.0597
2013.03.14 00:29:09.022,1.05942,1.05969
2013.03.14 00:29:09.143,1.05943,1.0597
2013.03.14 00:29:09.203,1.05947,1.05974
2013.03.14 00:29:09.454,1.05947,1.05974
2013.03.14 00:29:10.080,1.05947,1.05974
2013.03.14 00:29:10.633,1.05947,1.05974
2013.03.14 00:29:12.866,1.05948,1.05975
2013.03.14 00:29:13.292,1.05947,1.05974
2013.03.14 00:29:15.423,1.05952,1.05979
2013.03.14 00:29:15.482,1.05952,1.05979
2013.03.14 00:29:15.543,1.05957,1.05984
2013.03.14 00:29:15.663,1.05958,1.05984
2013.03.14 00:29:15.972,1.05961,1.05987
2013.03.14 00:29:16.520,1.05961,1.05987
2013.03.14 00:29:17.178,1.05961,1.05988
2013.03.14 00:29:18.473,1.05959,1.05988
2013.03.14 00:29:18.535,1.05957,1.05985
2013.03.14 00:29:19.523,1.05953,1.05981
2013.03.14 00:29:28.172,1.05954,1.05982
2013.03.14 00:29:28.233,1.05957,1.05983
2013.03.14 00:29:30.044,1.05959,1.05983
2013.03.14 00:29:30.372,1.05961,1.05986
2013.03.14 00:29:30.613,1.05951,1.05988
2013.03.14 00:29:38.811,1.05949,1.05989
2013.03.14 00:29:39.113,1.05953,1.05986
2013.03.14 00:29:39.172,1.05952,1.05989
2013.03.14 00:29:40.673,1.05952,1.05986
2013.03.14 00:29:40.733,1.05956,1.05995
2013.03.14 00:29:42.803,1.05955,1.05994
2013.03.14 00:29:42.922,1.05955,1.05993
2013.03.14 00:29:45.223,1.05952,1.05993
2013.03.14 00:29:46.841,1.05952,1.05993
2013.03.14 00:29:46.981,1.05952,1.05996
2013.03.14 00:29:47.282,1.05952,1.05996
2013.03.14 00:29:47.611,1.05957,1.06002
2013.03.14 00:29:47.672,1.05957,1.06002
2013.03.14 00:29:47.791,1.05957,1.06013
2013.03.14 00:29:48.406,1.05956,1.06009
2013.03.14 00:29:48.490,1.05956,1.06009
2013.03.14 00:29:48.702,1.05956,1.06009
2013.03.14 00:29:50.381,1.05955,1.06011
2013.03.14 00:29:51.331,1.05952,1.06011
2013.03.14 00:29:51.391,1.05952,1.06011
2013.03.14 00:29:55.481,1.05956,1.06014
2013.03.14 00:29:59.811,1.05956,1.06024
2013.03.14 00:30:01.703,1.05962,1.06012
2013.03.14 00:30:02.062,1.05976,1.06024
2013.03.14 00:30:02.123,1.05976,1.06024
2013.03.14 00:30:02.244,1.05982,1.06043
2013.03.14 00:30:02.304,1.05991,1.0607
2013.03.14 00:30:02.421,1.05991,1.06064
2013.03.14 00:30:02.488,1.0598,1.06058
2013.03.14 00:30:02.612,1.06024,1.06093
2013.03.14 00:30:02.921,1.06031,1.06105
2013.03.14 00:30:03.162,1.06031,1.06099
2013.03.14 00:30:03.342,1.06016,1.06086
2013.03.14 00:30:03.465,1.06043,1.06086
2013.03.14 00:30:03.593,1.06048,1.06117
2013.03.14 00:30:03.713,1.06054,1.0611
2013.03.14 00:30:03.831,1.06055,1.06153
2013.03.14 00:30:03.951,1.06073,1.06255
2013.03.14 00:30:04.011,1.06114,1.06218
2013.03.14 00:30:04.255,1.06199,1.06241
2013.03.14 00:30:04.322,1.06219,1.06271
2013.03.14 00:30:04.382,1.06227,1.06271
2013.03.14 00:30:04.441,1.06234,1.06308
2013.03.14 00:30:06.473,1.06279,1.06353
2013.03.14 00:30:06.635,1.06313,1.06363
2013.03.14 00:30:07.103,1.06332,1.06391
2013.03.14 00:30:07.481,1.06335,1.06374
2013.03.14 00:30:07.541,1.0633,1.06374
2013.03.14 00:30:08.716,1.06316,1.06369
2013.03.14 00:30:08.814,1.06286,1.06382
2013.03.14 00:30:09.133,1.06284,1.06363
2013.03.14 00:30:09.548,1.06284,1.06363
2013.03.14 00:30:09.624,1.06284,1.06319
2013.03.14 00:30:09.691,1.06284,1.06363
2013.03.14 00:30:09.875,1.06284,1.06363
2013.03.14 00:30:09.934,1.06295,1.06363
2013.03.14 00:30:10.051,1.06309,1.06363
2013.03.14 00:30:10.351,1.06309,1.06381
2013.03.14 00:30:10.471,1.06309,1.06377
2013.03.14 00:30:11.112,1.06299,1.06364
2013.03.14 00:30:11.252,1.06287,1.06346
2013.03.14 00:30:11.313,1.06287,1.06346
2013.03.14 00:30:11.612,1.06299,1.06362
2013.03.14 00:30:11.672,1.06302,1.06364
2013.03.14 00:30:12.268,1.06325,1.06364
2013.03.14 00:30:12.334,1.06306,1.06369
2013.03.14 00:30:12.393,1.06303,1.06368
2013.03.14 00:30:12.451,1.06306,1.06368
2013.03.14 00:30:12.637,1.06306,1.06361
2013.03.14 00:30:12.894,1.06302,1.06363
2013.03.14 00:30:13.013,1.06302,1.06363
2013.03.14 00:30:13.074,1.06302,1.06362
2013.03.14 00:30:13.311,1.06306,1.0637
2013.03.14 00:30:13.432,1.06301,1.06374
2013.03.14 00:30:13.491,1.06307,1.06372
2013.03.14 00:30:13.672,1.06307,1.06383
2013.03.14 00:30:14.276,1.06314,1.06378
2013.03.14 00:30:14.592,1.06315,1.06366
2013.03.14 00:30:14.653,1.06326,1.06386
2013.03.14 00:30:14.893,1.06332,1.06404
2013.03.14 00:30:15.072,1.06334,1.06404
2013.03.14 00:30:15.502,1.06344,1.06406
2013.03.14 00:30:15.861,1.06347,1.06399
2013.03.14 00:30:15.923,1.06341,1.06407
2013.03.14 00:30:16.047,1.06347,1.06409
2013.03.14 00:30:16.114,1.06347,1.06414
2013.03.14 00:30:16.412,1.06356,1.06414
2013.03.14 00:30:16.475,1.06356,1.06407
2013.03.14 00:30:16.535,1.06336,1.06401
2013.03.14 00:30:16.893,1.06336,1.064
2013.03.14 00:30:16.951,1.06355,1.06413
2013.03.14 00:30:17.072,1.06357,1.06417
2013.03.14 00:30:17.194,1.06355,1.06417
2013.03.14 00:30:17.253,1.06345,1.06417
2013.03.14 00:30:17.372,1.06355,1.06417
2013.03.14 00:30:17.491,1.06337,1.06404
2013.03.14 00:30:17.612,1.06332,1.06398
2013.03.14 00:30:17.911,1.06334,1.06403
2013.03.14 00:30:17.972,1.06336,1.06403
2013.03.14 00:30:18.151,1.06334,1.06403
2013.03.14 00:30:18.571,1.06346,1.06402
2013.03.14 00:30:18.691,1.06337,1.06402
2013.03.14 00:30:18.812,1.06341,1.06405
2013.03.14 00:30:18.931,1.06355,1.06399
2013.03.14 00:30:19.232,1.06344,1.06414
2013.03.14 00:30:19.592,1.06356,1.06404
2013.03.14 00:30:19.713,1.06356,1.06411
2013.03.14 00:30:19.832,1.06367,1.06416
2013.03.14 00:30:19.892,1.06367,1.06404
2013.03.14 00:30:20.073,1.06338,1.06389
2013.03.14 00:30:20.192,1.06338,1.06399
2013.03.14 00:30:20.765,1.06352,1.06398
2013.03.14 00:30:21.002,1.06351,1.06399
2013.03.14 00:30:21.122,1.06351,1.06402
2013.03.14 00:30:21.242,1.0635,1.06399
2013.03.14 00:30:21.551,1.06342,1.06404
2013.03.14 00:30:21.672,1.06342,1.06399
2013.03.14 00:30:21.864,1.06343,1.06397
2013.03.14 00:30:22.224,1.06336,1.06388
2013.03.14 00:30:22.532,1.0633,1.06381
2013.03.14 00:30:22.723,1.06331,1.0638
2013.03.14 00:30:22.782,1.06331,1.0638
2013.03.14 00:30:23.142,1.06321,1.06368
2013.03.14 00:30:23.442,1.06314,1.06365
2013.03.14 00:30:23.502,1.06314,1.06365
2013.03.14 00:30:23.862,1.06305,1.06357
2013.03.14 00:30:23.923,1.06305,1.06357
2013.03.14 00:30:24.162,1.06305,1.06357
2013.03.14 00:30:24.342,1.06311,1.06358
2013.03.14 00:30:24.402,1.06305,1.06358
2013.03.14 00:30:24.582,1.06305,1.06362
2013.03.14 00:30:24.702,1.06311,1.06364
2013.03.14 00:30:24.881,1.06306,1.06358
2013.03.14 00:30:24.942,1.06306,1.06358
2013.03.14 00:30:25.302,1.06306,1.06358
2013.03.14 00:30:25.363,1.06302,1.06352
2013.03.14 00:30:25.482,1.06299,1.06352
2013.03.14 00:30:25.542,1.06299,1.06351
2013.03.14 00:30:25.872,1.06298,1.06348
2013.03.14 00:30:25.933,1.06295,1.06347
2013.03.14 00:30:26.003,1.06296,1.06348
2013.03.14 00:30:26.122,1.06296,1.06348
2013.03.14 00:30:26.363,1.06299,1.0635
2013.03.14 00:30:26.722,1.06299,1.06349
2013.03.14 00:30:26.902,1.06297,1.06344
2013.03.14 00:30:27.143,1.06294,1.06343
2013.03.14 00:30:27.504,1.06291,1.06343
2013.03.14 00:30:27.564,1.06298,1.06345
2013.03.14 00:30:28.102,1.06297,1.06343
2013.03.14 00:30:28.462,1.06299,1.06346
2013.03.14 00:30:28.523,1.06299,1.06346
2013.03.14 00:30:28.643,1.06299,1.06346
2013.03.14 00:30:29.210,1.06292,1.06335
2013.03.14 00:30:29.274,1.06293,1.06333
2013.03.14 00:30:29.454,1.06297,1.06342
2013.03.14 00:30:29.763,1.06296,1.0634
2013.03.14 00:30:29.943,1.0629,1.06333
2013.03.14 00:30:30.463,1.06289,1.06333
2013.03.14 00:30:30.973,1.0629,1.06333
2013.03.14 00:30:31.093,1.06293,1.06336
2013.03.14 00:30:31.214,1.06292,1.06335
2013.03.14 00:30:31.573,1.06301,1.0634
2013.03.14 00:30:31.723,1.06301,1.06343
2013.03.14 00:30:31.903,1.06306,1.06345
2013.03.14 00:30:32.082,1.06306,1.06348
2013.03.14 00:30:32.143,1.06311,1.06349
2013.03.14 00:30:32.203,1.06313,1.06356
2013.03.14 00:30:32.323,1.06313,1.06356
2013.03.14 00:30:32.445,1.06308,1.06351
2013.03.14 00:30:32.503,1.06308,1.06351
2013.03.14 00:30:32.804,1.06305,1.06344
2013.03.14 00:30:32.924,1.06322,1.06365
2013.03.14 00:30:33.164,1.0632,1.06365
2013.03.14 00:30:33.344,1.06322,1.06368
2013.03.14 00:30:33.643,1.06327,1.0637
2013.03.14 00:30:33.763,1.06322,1.06367
2013.03.14 00:30:33.823,1.06322,1.06367
2013.03.14 00:30:34.003,1.06317,1.0636
2013.03.14 00:30:34.122,1.06315,1.06358
2013.03.14 00:30:34.723,1.0631,1.06353
2013.03.14 00:30:34.903,1.06309,1.06349
2013.03.14 00:30:35.382,1.0631,1.06355
2013.03.14 00:30:35.643,1.06318,1.06361
2013.03.14 00:30:35.825,1.06315,1.06359
2013.03.14 00:30:36.062,1.06315,1.06358
2013.03.14 00:30:36.184,1.06311,1.06357
2013.03.14 00:30:36.323,1.06311,1.06357
2013.03.14 00:30:36.443,1.0631,1.06351
2013.03.14 00:30:36.933,1.06312,1.0635
2013.03.14 00:30:37.439,1.06317,1.0636
2013.03.14 00:30:38.084,1.0632,1.06361
2013.03.14 00:30:38.623,1.06317,1.0636
2013.03.14 00:30:38.922,1.06319,1.0636
2013.03.14 00:30:38.983,1.06319,1.06358
2013.03.14 00:30:39.223,1.06318,1.06361
2013.03.14 00:30:39.342,1.06318,1.06361
2013.03.14 00:30:39.643,1.06318,1.06358
2013.03.14 00:30:39.884,1.06318,1.06356
2013.03.14 00:30:40.249,1.06311,1.06357
2013.03.14 00:30:40.314,1.0631,1.06352
2013.03.14 00:30:40.672,1.0631,1.06352
2013.03.14 00:30:40.973,1.06319,1.06358
2013.03.14 00:30:41.333,1.06318,1.06358
2013.03.14 00:30:41.872,1.06319,1.06355
2013.03.14 00:30:41.933,1.06312,1.06353
2013.03.14 00:30:42.053,1.06311,1.0635
2013.03.14 00:30:42.172,1.06303,1.06348
2013.03.14 00:30:42.293,1.06301,1.06345
2013.03.14 00:30:42.611,1.06301,1.06345
2013.03.14 00:30:42.973,1.06302,1.06345
2013.03.14 00:30:43.279,1.06293,1.06338
2013.03.14 00:30:43.582,1.06299,1.06341
2013.03.14 00:30:43.704,1.06297,1.06341
2013.03.14 00:30:43.942,1.06297,1.06341
2013.03.14 00:30:44.063,1.06294,1.06339
2013.03.14 00:30:44.183,1.06292,1.06335
2013.03.14 00:30:44.565,1.06291,1.06334
2013.03.14 00:30:45.562,1.06292,1.06337
2013.03.14 00:30:45.624,1.06295,1.06337
2013.03.14 00:30:46.891,1.06302,1.06344
2013.03.14 00:30:46.968,1.06307,1.06348
2013.03.14 00:30:47.092,1.06307,1.06352
2013.03.14 00:30:47.333,1.06303,1.06348
2013.03.14 00:30:47.664,1.06302,1.06348
2013.03.14 00:30:47.783,1.06309,1.06353
2013.03.14 00:30:47.903,1.06309,1.06354
2013.03.14 00:30:48.082,1.06309,1.06354
2013.03.14 00:30:48.452,1.06315,1.06358
2013.03.14 00:30:48.875,1.06319,1.06363
2013.03.14 00:30:49.233,1.06332,1.06369
2013.03.14 00:30:49.293,1.06332,1.06377
2013.03.14 00:30:49.801,1.06332,1.06374
2013.03.14 00:30:50.135,1.06332,1.06375
2013.03.14 00:30:50.196,1.06341,1.06383
2013.03.14 00:30:50.268,1.06341,1.06381
2013.03.14 00:30:50.335,1.06341,1.06383
2013.03.14 00:30:50.513,1.06348,1.06388
2013.03.14 00:30:50.813,1.06349,1.06389
2013.03.14 00:30:50.874,1.06352,1.0639
2013.03.14 00:30:51.053,1.06355,1.06398
2013.03.14 00:30:51.174,1.06353,1.06398
2013.03.14 00:30:51.354,1.06353,1.06398
2013.03.14 00:30:51.534,1.06349,1.06392
2013.03.14 00:30:51.653,1.06349,1.06392
2013.03.14 00:30:51.894,1.06349,1.06392
2013.03.14 00:30:52.073,1.06348,1.0639
2013.03.14 00:30:52.133,1.06348,1.0639
2013.03.14 00:30:52.313,1.06343,1.06383
2013.03.14 00:30:52.613,1.06347,1.06385
2013.03.14 00:30:52.673,1.06352,1.0639
2013.03.14 00:30:52.853,1.06364,1.06389
2013.03.14 00:30:52.913,1.06364,1.06394
2013.03.14 00:30:53.041,1.06363,1.06402
2013.03.14 00:30:53.224,1.06359,1.06401
2013.03.14 00:30:53.407,1.06362,1.06403
2013.03.14 00:30:53.963,1.06369,1.0641
2013.03.14 00:30:54.984,1.06364,1.06407
2013.03.14 00:30:55.042,1.06366,1.06409
2013.03.14 00:30:55.102,1.06366,1.06407
2013.03.14 00:30:55.164,1.06365,1.06402
2013.03.14 00:30:55.285,1.06357,1.06399
2013.03.14 00:30:55.464,1.06359,1.06401
2013.03.14 00:30:56.003,1.06362,1.06403
2013.03.14 00:30:56.404,1.06363,1.06406
2013.03.14 00:30:56.583,1.06363,1.06406
2013.03.14 00:30:56.704,1.06364,1.06409
2013.03.14 00:30:56.823,1.06366,1.06412
2013.03.14 00:30:56.944,1.06367,1.06413
2013.03.14 00:30:57.302,1.06362,1.06406
2013.03.14 00:30:57.423,1.06362,1.06406
2013.03.14 00:30:57.543,1.06367,1.06409
2013.03.14 00:30:57.603,1.06367,1.06409
2013.03.14 00:30:57.794,1.06371,1.06413
2013.03.14 00:30:58.035,1.06371,1.06413
2013.03.14 00:30:58.333,1.06371,1.06416
2013.03.14 00:30:58.693,1.06375,1.06406
2013.03.14 00:30:59.173,1.06376,1.06408
2013.03.14 00:30:59.234,1.06379,1.06412
2013.03.14 00:30:59.783,1.06381,1.06412
2013.03.14 00:31:00.340,1.06381,1.06412
2013.03.14 00:31:00.463,1.06383,1.06418
2013.03.14 00:31:00.705,1.06397,1.06426
2013.03.14 00:31:01.064,1.06397,1.06426
2013.03.14 00:31:01.716,1.06402,1.06432
2013.03.14 00:31:01.843,1.06402,1.06433
2013.03.14 00:31:01.905,1.06402,1.06435
2013.03.14 00:31:02.037,1.06404,1.06435
2013.03.14 00:31:02.342,1.06404,1.06437
2013.03.14 00:31:02.644,1.064,1.06434
2013.03.14 00:31:02.703,1.06398,1.06431
2013.03.14 00:31:02.825,1.06396,1.06431
2013.03.14 00:31:03.003,1.06403,1.06436
2013.03.14 00:31:03.305,1.06409,1.06441
2013.03.14 00:31:03.375,1.06409,1.06441
2013.03.14 00:31:03.432,1.06433,1.06443
2013.03.14 00:31:03.554,1.06428,1.06443
2013.03.14 00:31:03.855,1.06425,1.0647
2013.03.14 00:31:04.415,1.06425,1.06472
2013.03.14 00:31:04.953,1.06427,1.06472
2013.03.14 00:31:05.013,1.06427,1.06471
2013.03.14 00:31:05.137,1.06431,1.06472
2013.03.14 00:31:05.278,1.06431,1.06465
2013.03.14 00:31:05.345,1.0643,1.06471
2013.03.14 00:31:05.402,1.0643,1.06471
2013.03.14 00:31:05.462,1.06433,1.06469
2013.03.14 00:31:05.523,1.06433,1.06469
2013.03.14 00:31:05.594,1.06433,1.06469
2013.03.14 00:31:05.893,1.06426,1.0647
2013.03.14 00:31:06.017,1.06426,1.06469
2013.03.14 00:31:06.323,1.06417,1.06461
2013.03.14 00:31:06.683,1.06413,1.06457
2013.03.14 00:31:07.044,1.06407,1.0645
2013.03.14 00:31:07.403,1.06417,1.06458
2013.03.14 00:31:08.102,1.0642,1.06457
2013.03.14 00:31:08.413,1.0642,1.06452
2013.03.14 00:31:08.774,1.06417,1.06441
2013.03.14 00:31:08.894,1.06421,1.06445
2013.03.14 00:31:08.953,1.06421,1.0645
2013.03.14 00:31:09.073,1.06421,1.06453
2013.03.14 00:31:09.133,1.06421,1.0645
2013.03.14 00:31:09.253,1.06421,1.06453
2013.03.14 00:31:09.313,1.06418,1.06451
2013.03.14 00:31:09.374,1.06416,1.06447
2013.03.14 00:31:09.433,1.06417,1.06452
2013.03.14 00:31:09.493,1.06421,1.06453
2013.03.14 00:31:09.613,1.06417,1.06453
2013.03.14 00:31:09.673,1.06417,1.0645
2013.03.14 00:31:09.973,1.06414,1.06444
2013.03.14 00:31:10.213,1.0641,1.06441
2013.03.14 00:31:10.514,1.0641,1.06439
2013.03.14 00:31:10.980,1.0641,1.06432
2013.03.14 00:31:11.106,1.06408,1.06432
2013.03.14 00:31:11.174,1.06409,1.06435
2013.03.14 00:31:11.233,1.0641,1.06437
2013.03.14 00:31:11.354,1.06415,1.06442
2013.03.14 00:31:11.713,1.06415,1.06436
2013.03.14 00:31:12.163,1.06411,1.06434
2013.03.14 00:31:12.565,1.06411,1.06435
2013.03.14 00:31:12.623,1.06411,1.06437
2013.03.14 00:31:12.683,1.06413,1.06438
2013.03.14 00:31:12.745,1.06413,1.06445
2013.03.14 00:31:12.885,1.0642,1.06445
2013.03.14 00:31:12.945,1.0642,1.06447
2013.03.14 00:31:13.004,1.0642,1.0645
2013.03.14 00:31:13.253,1.06415,1.06447
2013.03.14 00:31:13.373,1.06417,1.06448
2013.03.14 00:31:13.434,1.06417,1.06449
2013.03.14 00:31:13.494,1.06421,1.06452
2013.03.14 00:31:13.555,1.06421,1.06455
2013.03.14 00:31:14.512,1.06415,1.06446
2013.03.14 00:31:14.703,1.06421,1.06449
2013.03.14 00:31:15.413,1.06421,1.06451
2013.03.14 00:31:15.713,1.06421,1.06451
2013.03.14 00:31:15.773,1.06419,1.06451
2013.03.14 00:31:15.834,1.06418,1.06451
2013.03.14 00:31:15.894,1.06415,1.06442
2013.03.14 00:31:15.954,1.06412,1.06439
2013.03.14 00:31:16.313,1.06413,1.06442
2013.03.14 00:31:16.374,1.06413,1.06444
2013.03.14 00:31:16.595,1.06413,1.06444
2013.03.14 00:31:17.014,1.06416,1.06448
2013.03.14 00:31:17.135,1.06419,1.06449
2013.03.14 00:31:17.255,1.06421,1.06456
2013.03.14 00:31:17.375,1.06422,1.06453
2013.03.14 00:31:17.557,1.06422,1.06455
2013.03.14 00:31:18.015,1.06422,1.06453
2013.03.14 00:31:18.194,1.06418,1.0645
2013.03.14 00:31:18.375,1.06417,1.06447
2013.03.14 00:31:18.683,1.06415,1.06445
2013.03.14 00:31:19.296,1.06417,1.06445
2013.03.14 00:31:19.955,1.06412,1.06445
2013.03.14 00:31:20.503,1.06412,1.06445
2013.03.14 00:31:21.349,1.06412,1.06445
2013.03.14 00:31:21.433,1.06418,1.06451
2013.03.14 00:31:22.373,1.06416,1.0645
2013.03.14 00:31:22.434,1.06416,1.06445
2013.03.14 00:31:23.463,1.06412,1.06445
2013.03.14 00:31:24.514,1.06409,1.06441
2013.03.14 00:31:24.634,1.06413,1.06446
2013.03.14 00:31:24.813,1.06413,1.06446
2013.03.14 00:31:25.464,1.06417,1.06446
2013.03.14 00:31:25.644,1.06422,1.06454
2013.03.14 00:31:25.824,1.06419,1.06446
2013.03.14 00:31:25.945,1.06414,1.06446
2013.03.14 00:31:26.484,1.06418,1.06451
2013.03.14 00:31:26.725,1.06418,1.06451
2013.03.14 00:31:26.844,1.06414,1.06446
2013.03.14 00:31:27.092,1.06414,1.06448
2013.03.14 00:31:27.154,1.06417,1.06449
2013.03.14 00:31:27.284,1.06413,1.06448
2013.03.14 00:31:27.485,1.06412,1.06445
2013.03.14 00:31:27.894,1.06413,1.06445
2013.03.14 00:31:29.082,1.06412,1.06444
2013.03.14 00:31:30.338,1.064,1.06431
2013.03.14 00:31:30.857,1.06401,1.06432
2013.03.14 00:31:30.925,1.064,1.0643
2013.03.14 00:31:31.234,1.06393,1.06425
2013.03.14 00:31:31.414,1.06393,1.06424
2013.03.14 00:31:31.534,1.06386,1.06418
2013.03.14 00:31:31.654,1.06392,1.06424
2013.03.14 00:31:31.834,1.06392,1.06424
2013.03.14 00:31:32.134,1.06392,1.06423
2013.03.14 00:31:32.435,1.06386,1.06414
2013.03.14 00:31:32.633,1.06388,1.06417
2013.03.14 00:31:32.934,1.06382,1.06414
2013.03.14 00:31:33.114,1.0638,1.0641
2013.03.14 00:31:33.294,1.06383,1.06416
2013.03.14 00:31:33.546,1.06385,1.0641
2013.03.14 00:31:34.274,1.06383,1.06415
2013.03.14 00:31:35.428,1.06386,1.06417
2013.03.14 00:31:35.494,1.06386,1.06419
2013.03.14 00:31:35.853,1.06386,1.06419
2013.03.14 00:31:35.974,1.06383,1.06415
2013.03.14 00:31:36.093,1.06382,1.06414
2013.03.14 00:31:36.154,1.06386,1.06415
2013.03.14 00:31:36.815,1.06371,1.06401
2013.03.14 00:31:37.114,1.06368,1.06401
2013.03.14 00:31:37.782,1.06364,1.06396
2013.03.14 00:31:37.913,1.06364,1.06396
2013.03.14 00:31:38.295,1.06364,1.06394
2013.03.14 00:31:38.654,1.06359,1.06391
2013.03.14 00:31:39.135,1.06356,1.06389
2013.03.14 00:31:39.194,1.06356,1.06387
2013.03.14 00:31:39.561,1.06352,1.06385
2013.03.14 00:31:39.685,1.06349,1.06382
2013.03.14 00:31:40.584,1.06349,1.0638
2013.03.14 00:31:40.644,1.06347,1.0638
2013.03.14 00:31:41.146,1.06344,1.06376
2013.03.14 00:31:41.503,1.06348,1.0638
2013.03.14 00:31:41.863,1.06346,1.06378
2013.03.14 00:31:41.923,1.06345,1.06376
2013.03.14 00:31:42.414,1.06347,1.06376
2013.03.14 00:31:42.534,1.06348,1.06381
2013.03.14 00:31:43.084,1.06348,1.06381
2013.03.14 00:31:43.207,1.06351,1.06383
2013.03.14 00:31:43.333,1.06353,1.06385
2013.03.14 00:31:43.454,1.06359,1.0639
2013.03.14 00:31:43.755,1.06373,1.06399
2013.03.14 00:31:43.934,1.06373,1.06406
2013.03.14 00:31:43.996,1.06375,1.06406
2013.03.14 00:31:44.264,1.0638,1.06409
2013.03.14 00:31:44.444,1.06385,1.0641
2013.03.14 00:31:44.623,1.06391,1.06423
2013.03.14 00:31:44.863,1.06391,1.06423
2013.03.14 00:31:44.924,1.06394,1.06423
2013.03.14 00:31:45.045,1.064,1.06429
2013.03.14 00:31:45.104,1.064,1.06429
2013.03.14 00:31:45.284,1.06406,1.06434
2013.03.14 00:31:45.344,1.06406,1.06438
2013.03.14 00:31:46.649,1.06401,1.06437
2013.03.14 00:31:46.716,1.06394,1.0643
2013.03.14 00:31:46.787,1.06392,1.06428
2013.03.14 00:31:46.855,1.0639,1.06428
2013.03.14 00:31:47.154,1.0638,1.06424
2013.03.14 00:31:47.214,1.0638,1.06424
2013.03.14 00:31:47.334,1.06381,1.06422
2013.03.14 00:31:47.695,1.06375,1.06411
2013.03.14 00:31:47.874,1.06371,1.06413
2013.03.14 00:31:47.934,1.06371,1.06414
2013.03.14 00:31:48.235,1.0637,1.0641
2013.03.14 00:31:48.474,1.06374,1.06419
2013.03.14 00:31:48.653,1.06377,1.06421
2013.03.14 00:31:49.344,1.06382,1.06422
2013.03.14 00:31:49.704,1.06384,1.06429
2013.03.14 00:31:49.825,1.06391,1.06434
2013.03.14 00:31:49.945,1.06396,1.06435
2013.03.14 00:31:50.004,1.06396,1.06435
2013.03.14 00:31:50.124,1.06397,1.06438
2013.03.14 00:31:50.244,1.06399,1.06436
2013.03.14 00:31:50.485,1.064,1.0643
2013.03.14 00:31:50.605,1.06395,1.06432
2013.03.14 00:31:50.904,1.06391,1.06432
2013.03.14 00:31:51.264,1.06391,1.06427
2013.03.14 00:31:51.565,1.06391,1.06427
2013.03.14 00:31:51.803,1.06406,1.06439
2013.03.14 00:31:51.863,1.06407,1.06443
2013.03.14 00:31:51.984,1.06407,1.06446
2013.03.14 00:31:52.104,1.06407,1.06445
2013.03.14 00:31:52.228,1.06407,1.06445
2013.03.14 00:31:52.382,1.06407,1.06448
2013.03.14 00:31:52.510,1.06407,1.06448
2013.03.14 00:31:52.754,1.06402,1.06443
2013.03.14 00:31:53.114,1.064,1.06438
2013.03.14 00:31:53.423,1.064,1.06438
2013.03.14 00:31:53.753,1.06397,1.06433
2013.03.14 00:31:54.686,1.06414,1.06437
2013.03.14 00:31:54.763,1.06416,1.06448
2013.03.14 00:31:54.944,1.0642,1.06451
2013.03.14 00:31:55.005,1.06422,1.06451
2013.03.14 00:31:55.424,1.06422,1.06454
2013.03.14 00:31:55.785,1.06422,1.0645
2013.03.14 00:31:55.904,1.06417,1.06446
2013.03.14 00:31:56.443,1.06417,1.06446
2013.03.14 00:31:57.213,1.06425,1.06451
2013.03.14 00:31:57.394,1.06417,1.06447
2013.03.14 00:31:57.455,1.06412,1.06442
2013.03.14 00:31:57.516,1.0641,1.06438
2013.03.14 00:31:57.873,1.06409,1.06438
2013.03.14 00:31:58.053,1.06411,1.06438
2013.03.14 00:31:58.174,1.06412,1.06438
2013.03.14 00:31:58.355,1.06408,1.06437
2013.03.14 00:31:58.775,1.06405,1.06435
2013.03.14 00:31:59.566,1.06407,1.06439
2013.03.14 00:32:00.045,1.06409,1.06441
2013.03.14 00:32:00.104,1.06412,1.06442
2013.03.14 00:32:00.164,1.06412,1.06441
2013.03.14 00:32:00.464,1.06412,1.06442
2013.03.14 00:32:00.523,1.06408,1.06438
2013.03.14 00:32:00.583,1.06407,1.06438
2013.03.14 00:32:00.704,1.06406,1.06435
2013.03.14 00:32:00.883,1.06402,1.06433
2013.03.14 00:32:00.945,1.06401,1.06431
2013.03.14 00:32:01.188,1.06402,1.06431
2013.03.14 00:32:01.315,1.06409,1.06436
2013.03.14 00:32:01.436,1.06409,1.06436
2013.03.14 00:32:01.495,1.06418,1.06439
2013.03.14 00:32:01.614,1.06415,1.06443
2013.03.14 00:32:01.734,1.06415,1.06441
2013.03.14 00:32:02.213,1.06415,1.06443
2013.03.14 00:32:02.725,1.06419,1.06448
2013.03.14 00:32:03.429,1.06424,1.06449
2013.03.14 00:32:03.499,1.06419,1.06449
2013.03.14 00:32:03.624,1.06415,1.06445
2013.03.14 00:32:03.743,1.06415,1.06444
2013.03.14 00:32:04.685,1.06415,1.06444
2013.03.14 00:32:05.367,1.06411,1.06442
2013.03.14 00:32:05.435,1.06408,1.06438
2013.03.14 00:32:05.974,1.06407,1.06435
2013.03.14 00:32:06.333,1.06408,1.06436
2013.03.14 00:32:08.004,1.06411,1.06436
2013.03.14 00:32:08.125,1.06414,1.06443
2013.03.14 00:32:08.367,1.06416,1.06443
2013.03.14 00:32:08.555,1.06416,1.06443
2013.03.14 00:32:08.674,1.06416,1.06446
2013.03.14 00:32:08.987,1.06413,1.06443
2013.03.14 00:32:09.295,1.06421,1.06435
2013.03.14 00:32:09.645,1.06399,1.06429
2013.03.14 00:32:09.707,1.06408,1.06429
2013.03.14 00:32:09.775,1.06406,1.06429
2013.03.14 00:32:09.834,1.06402,1.06429
2013.03.14 00:32:10.381,1.06402,1.06431
2013.03.14 00:32:10.447,1.06404,1.06431
2013.03.14 00:32:11.025,1.06407,1.06434
2013.03.14 00:32:11.195,1.06404,1.06432
2013.03.14 00:32:11.253,1.06402,1.06432
2013.03.14 00:32:12.325,1.06404,1.06434
2013.03.14 00:32:12.676,1.06405,1.06431
2013.03.14 00:32:13.034,1.06405,1.06431
2013.03.14 00:32:13.613,1.06405,1.06431
2013.03.14 00:32:13.696,1.06405,1.06431
2013.03.14 00:32:13.756,1.06402,1.06431
2013.03.14 00:32:14.055,1.06402,1.06428
2013.03.14 00:32:14.114,1.06399,1.06428
2013.03.14 00:32:14.404,1.06395,1.06424
2013.03.14 00:32:14.923,1.06392,1.0642
2013.03.14 00:32:15.224,1.06388,1.06417
2013.03.14 00:32:15.286,1.06394,1.0642
2013.03.14 00:32:15.343,1.06394,1.06422
2013.03.14 00:32:16.214,1.06394,1.06422
2013.03.14 00:32:16.273,1.06397,1.06423
2013.03.14 00:32:16.454,1.06399,1.06427
2013.03.14 00:32:16.513,1.06402,1.06427
2013.03.14 00:32:16.814,1.06411,1.06438
2013.03.14 00:32:17.548,1.06411,1.0644
2013.03.14 00:32:17.795,1.06407,1.06435
2013.03.14 00:32:17.915,1.06401,1.06429
2013.03.14 00:32:18.036,1.06404,1.06429
2013.03.14 00:32:18.224,1.06399,1.06427
2013.03.14 00:32:18.344,1.06402,1.06429
2013.03.14 00:32:18.474,1.06402,1.06429
2013.03.14 00:32:19.664,1.06399,1.06427
2013.03.14 00:32:19.914,1.06398,1.06427
2013.03.14 00:32:20.335,1.06398,1.06427
2013.03.14 00:32:21.090,1.06399,1.06427
2013.03.14 00:32:21.535,1.06399,1.06427
2013.03.14 00:32:21.785,1.06405,1.06432
2013.03.14 00:32:22.083,1.06405,1.06432
2013.03.14 00:32:22.684,1.06406,1.0643
2013.03.14 00:32:22.985,1.06413,1.06439
2013.03.14 00:32:23.044,1.06413,1.06439
2013.03.14 00:32:24.684,1.06403,1.06431
2013.03.14 00:32:25.706,1.06401,1.06431
2013.03.14 00:32:26.014,1.06398,1.06427
2013.03.14 00:32:26.455,1.06397,1.06424
2013.03.14 00:32:26.817,1.06398,1.06427
2013.03.14 00:32:27.124,1.06397,1.06424
2013.03.14 00:32:27.184,1.06395,1.06424
2013.03.14 00:32:27.734,1.06395,1.06421
2013.03.14 00:32:27.923,1.06395,1.06421
2013.03.14 00:32:28.044,1.06395,1.06421
2013.03.14 00:32:28.849,1.06394,1.06419
2013.03.14 00:32:29.633,1.0639,1.06417
2013.03.14 00:32:29.694,1.0639,1.06414
2013.03.14 00:32:30.113,1.0639,1.06417
2013.03.14 00:32:30.353,1.0639,1.06417
2013.03.14 00:32:32.321,1.06395,1.06418
2013.03.14 00:32:32.854,1.06397,1.06423
2013.03.14 00:32:33.044,1.06403,1.06429
2013.03.14 00:32:33.104,1.06402,1.06428
2013.03.14 00:32:33.165,1.06404,1.06428
2013.03.14 00:32:33.405,1.06404,1.06434
2013.03.14 00:32:33.596,1.06401,1.0643
2013.03.14 00:32:34.164,1.06396,1.06426
2013.03.14 00:32:34.856,1.06396,1.06426
2013.03.14 00:32:35.070,1.06396,1.06426
2013.03.14 00:32:35.333,1.064,1.06429
2013.03.14 00:32:35.999,1.06408,1.06435
2013.03.14 00:32:36.314,1.06411,1.06434
2013.03.14 00:32:36.555,1.06408,1.06434
2013.03.14 00:32:36.674,1.06406,1.06434
2013.03.14 00:32:37.894,1.06407,1.06434
2013.03.14 00:32:38.424,1.06406,1.06434
2013.03.14 00:32:38.543,1.06401,1.06429
2013.03.14 00:32:39.084,1.06407,1.06436
2013.03.14 00:32:40.613,1.06407,1.06438
2013.03.14 00:32:40.734,1.06413,1.06442
2013.03.14 00:32:41.094,1.0642,1.06445
2013.03.14 00:32:41.154,1.0642,1.06445
2013.03.14 00:32:41.774,1.06422,1.06448
2013.03.14 00:32:41.835,1.06423,1.06454
2013.03.14 00:32:42.194,1.06418,1.06439
2013.03.14 00:32:42.256,1.06413,1.06441
2013.03.14 00:32:42.375,1.06415,1.06443
2013.03.14 00:32:42.804,1.0642,1.06448
2013.03.14 00:32:45.573,1.06411,1.06439
2013.03.14 00:32:45.874,1.06411,1.06439
2013.03.14 00:32:46.114,1.06411,1.06439
2013.03.14 00:32:46.295,1.06411,1.06437
2013.03.14 00:32:46.655,1.06405,1.06434
2013.03.14 00:32:47.114,1.06405,1.06434
2013.03.14 00:32:47.663,1.06405,1.06433
2013.03.14 00:32:48.234,1.06405,1.06434
2013.03.14 00:32:49.170,1.0641,1.06434
2013.03.14 00:32:49.555,1.06405,1.06434
2013.03.14 00:32:50.204,1.0641,1.06436
2013.03.14 00:32:50.384,1.0641,1.06436
2013.03.14 00:32:50.563,1.0641,1.06438
2013.03.14 00:32:50.823,1.06416,1.06439
2013.03.14 00:32:51.064,1.06419,1.06448
2013.03.14 00:32:52.794,1.06419,1.06446
2013.03.14 00:32:54.128,1.0642,1.06448
2013.03.14 00:32:54.194,1.0642,1.06448
2013.03.14 00:32:54.256,1.0642,1.06448
2013.03.14 00:32:54.504,1.06414,1.06444
2013.03.14 00:32:54.564,1.06411,1.06438
2013.03.14 00:32:54.624,1.06407,1.06437
2013.03.14 00:32:54.684,1.06411,1.06439
2013.03.14 00:32:54.984,1.06412,1.06438
2013.03.14 00:32:55.597,1.06413,1.06439
2013.03.14 00:32:56.124,1.06413,1.06439
2013.03.14 00:32:56.423,1.06418,1.06441
2013.03.14 00:32:56.724,1.06418,1.06446
2013.03.14 00:32:56.844,1.06421,1.06447
2013.03.14 00:32:57.204,1.06425,1.06451
2013.03.14 00:32:57.264,1.06425,1.06453
2013.03.14 00:32:57.324,1.06427,1.06453
2013.03.14 00:32:57.444,1.06427,1.06456
2013.03.14 00:32:58.154,1.06433,1.06458
2013.03.14 00:32:58.534,1.06427,1.06456
2013.03.14 00:32:59.495,1.06427,1.06456
2013.03.14 00:32:59.933,1.06432,1.06458
2013.03.14 00:33:00.236,1.06432,1.06458
2013.03.14 00:33:00.294,1.06435,1.06458
2013.03.14 00:33:00.603,1.06441,1.06463
2013.03.14 00:33:00.844,1.06443,1.06468
2013.03.14 00:33:01.264,1.06446,1.06473
2013.03.14 00:33:01.808,1.06442,1.06469
2013.03.14 00:33:01.935,1.0645,1.06475
2013.03.14 00:33:02.294,1.06447,1.06473
2013.03.14 00:33:02.414,1.06445,1.06471
2013.03.14 00:33:02.980,1.06445,1.06471
2013.03.14 00:33:03.164,1.06442,1.06471
2013.03.14 00:33:03.415,1.06445,1.06471
2013.03.14 00:33:03.774,1.06445,1.06468
2013.03.14 00:33:04.135,1.06432,1.0646
2013.03.14 00:33:04.747,1.06427,1.06456
2013.03.14 00:33:05.147,1.06431,1.06459
2013.03.14 00:33:05.463,1.06426,1.06456
2013.03.14 00:33:05.663,1.06422,1.0645
2013.03.14 00:33:06.105,1.06422,1.06448
2013.03.14 00:33:06.525,1.06426,1.06448
2013.03.14 00:33:06.595,1.06429,1.06456
2013.03.14 00:33:06.654,1.06449,1.06479
2013.03.14 00:33:06.714,1.06449,1.06479
2013.03.14 00:33:06.773,1.06445,1.06473
2013.03.14 00:33:06.834,1.06447,1.06473
2013.03.14 00:33:06.893,1.06451,1.06479
2013.03.14 00:33:07.133,1.06452,1.06482
2013.03.14 00:33:07.493,1.0646,1.06487
2013.03.14 00:33:08.013,1.06455,1.06485
2013.03.14 00:33:08.373,1.06455,1.06482
2013.03.14 00:33:08.723,1.06451,1.0648
2013.03.14 00:33:09.305,1.06451,1.06478
2013.03.14 00:33:09.368,1.06451,1.06477
2013.03.14 00:33:09.644,1.06444,1.06474
2013.03.14 00:33:10.063,1.06444,1.06474
2013.03.14 00:33:10.306,1.06444,1.06474
2013.03.14 00:33:10.634,1.06444,1.06474
2013.03.14 00:33:10.754,1.06451,1.06479
2013.03.14 00:33:10.873,1.06451,1.06477
2013.03.14 00:33:11.174,1.06445,1.06475
2013.03.14 00:33:11.654,1.06444,1.06473
2013.03.14 00:33:11.774,1.06444,1.06473
2013.03.14 00:33:12.134,1.06447,1.06478
2013.03.14 00:33:12.193,1.06449,1.06478
2013.03.14 00:33:12.914,1.06456,1.06481
2013.03.14 00:33:12.975,1.06457,1.06483
2013.03.14 00:33:13.790,1.06457,1.06485
2013.03.14 00:33:13.860,1.06456,1.06481
2013.03.14 00:33:14.393,1.06452,1.06479
2013.03.14 00:33:14.933,1.06456,1.06482
2013.03.14 00:33:15.763,1.06455,1.06478
2013.03.14 00:33:15.943,1.06446,1.06474
2013.03.14 00:33:16.004,1.06443,1.06469
2013.03.14 00:33:16.303,1.06437,1.06464
2013.03.14 00:33:16.364,1.06437,1.06464
2013.03.14 00:33:16.665,1.06444,1.0647
2013.03.14 00:33:16.723,1.06446,1.06471
2013.03.14 00:33:16.786,1.06447,1.06474
2013.03.14 00:33:17.449,1.06447,1.06474
2013.03.14 00:33:17.914,1.06449,1.06477
2013.03.14 00:33:18.283,1.06449,1.06476
2013.03.14 00:33:18.584,1.06444,1.06471
2013.03.14 00:33:18.645,1.06442,1.06468
2013.03.14 00:33:18.703,1.06438,1.06466
2013.03.14 00:33:19.223,1.06442,1.06468
2013.03.14 00:33:19.789,1.06442,1.06468
2013.03.14 00:33:19.953,1.06443,1.06468
2013.03.14 00:33:20.254,1.06447,1.06474
2013.03.14 00:33:20.444,1.06447,1.06474
2013.03.14 00:33:20.863,1.06447,1.06473
2013.03.14 00:33:21.844,1.06447,1.06474
2013.03.14 00:33:22.395,1.06451,1.06478
2013.03.14 00:33:22.513,1.06451,1.06478
2013.03.14 00:33:23.503,1.06451,1.06478
2013.03.14 00:33:24.313,1.06451,1.06478
2013.03.14 00:33:24.374,1.06452,1.06478
2013.03.14 00:33:24.734,1.06448,1.06489
2013.03.14 00:33:24.914,1.0646,1.06487
2013.03.14 00:33:25.034,1.06456,1.06484
2013.03.14 00:33:25.093,1.06456,1.06482
2013.03.14 00:33:25.634,1.06452,1.06478
2013.03.14 00:33:27.176,1.06447,1.06475
2013.03.14 00:33:27.489,1.06444,1.06468
2013.03.14 00:33:27.674,1.06442,1.06469
2013.03.14 00:33:27.974,1.06446,1.06472
2013.03.14 00:33:28.564,1.06448,1.06474
2013.03.14 00:33:29.100,1.06448,1.06474
2013.03.14 00:33:29.656,1.06448,1.06474
2013.03.14 00:33:29.714,1.06448,1.06472
2013.03.14 00:33:30.043,1.06443,1.06469
2013.03.14 00:33:32.294,1.06443,1.06468
2013.03.14 00:33:35.067,1.06443,1.06469
2013.03.14 00:33:35.314,1.06443,1.06468
2013.03.14 00:33:36.509,1.06437,1.06464
2013.03.14 00:33:37.583,1.06437,1.06464
2013.03.14 00:33:37.883,1.06433,1.0646
2013.03.14 00:33:38.173,1.06433,1.06459
2013.03.14 00:33:39.674,1.06432,1.06458
2013.03.14 00:33:40.313,1.06432,1.06457
2013.03.14 00:33:41.234,1.06428,1.06455
2013.03.14 00:33:42.785,1.0642,1.06447
2013.03.14 00:33:42.905,1.06425,1.06453
2013.03.14 00:33:43.084,1.06432,1.06453
2013.03.14 00:33:43.447,1.06429,1.06457
2013.03.14 00:33:44.323,1.06434,1.06458
2013.03.14 00:33:44.857,1.06434,1.0646
2013.03.14 00:33:45.183,1.06432,1.0646
2013.03.14 00:33:45.304,1.06429,1.06456
2013.03.14 00:33:45.645,1.06423,1.06451
2013.03.14 00:33:45.769,1.06428,1.06452
2013.03.14 00:33:46.314,1.06428,1.06454
2013.03.14 00:33:46.824,1.06422,1.06449
2013.03.14 00:33:46.945,1.06429,1.06456
2013.03.14 00:33:47.063,1.06427,1.06455
2013.03.14 00:33:47.183,1.06424,1.0645
2013.03.14 00:33:47.424,1.06424,1.06452
2013.03.14 00:33:47.484,1.0643,1.06456
2013.03.14 00:33:48.821,1.0643,1.06456
2013.03.14 00:33:49.004,1.06434,1.06457
2013.03.14 00:33:50.092,1.06434,1.0646
2013.03.14 00:33:50.374,1.06434,1.06461
2013.03.14 00:33:50.856,1.06434,1.06461
2013.03.14 00:33:50.973,1.0644,1.06464
2013.03.14 00:33:51.034,1.0644,1.06464
2013.03.14 00:33:51.514,1.06439,1.06465
2013.03.14 00:33:51.574,1.06444,1.0647
2013.03.14 00:33:51.703,1.06443,1.0647
2013.03.14 00:33:51.823,1.06444,1.0647
2013.03.14 00:33:52.604,1.06443,1.0647
2013.03.14 00:33:52.995,1.06436,1.06464
2013.03.14 00:33:53.115,1.06436,1.06464
2013.03.14 00:33:53.683,1.06436,1.06463
2013.03.14 00:33:53.826,1.06436,1.06464
2013.03.14 00:33:53.885,1.06436,1.06464
2013.03.14 00:33:54.223,1.0644,1.06467
2013.03.14 00:33:55.124,1.0644,1.06467
2013.03.14 00:33:55.244,1.06437,1.06461
2013.03.14 00:33:55.364,1.06437,1.06461
2013.03.14 00:33:55.543,1.06432,1.06458
2013.03.14 00:33:55.665,1.06432,1.06454
2013.03.14 00:33:55.724,1.06427,1.06453
2013.03.14 00:33:57.426,1.06427,1.06451
2013.03.14 00:33:57.663,1.06426,1.06449
2013.03.14 00:33:58.253,1.06427,1.06454
2013.03.14 00:33:58.830,1.06427,1.06455
2013.03.14 00:33:59.073,1.06432,1.06458
2013.03.14 00:33:59.994,1.06432,1.06458
2013.03.14 00:34:01.704,1.06428,1.06456
2013.03.14 00:34:02.244,1.06428,1.06454
2013.03.14 00:34:02.734,1.06427,1.06454
2013.03.14 00:34:04.235,1.06426,1.06453
2013.03.14 00:34:05.320,1.06423,1.06448
2013.03.14 00:34:05.886,1.06423,1.06449
2013.03.14 00:34:06.316,1.06421,1.06448
2013.03.14 00:34:06.385,1.06419,1.06446
2013.03.14 00:34:07.574,1.06421,1.06448
2013.03.14 00:34:07.964,1.06424,1.06449
2013.03.14 00:34:08.344,1.06424,1.06448
2013.03.14 00:34:09.076,1.06422,1.06448
2013.03.14 00:34:09.195,1.06418,1.06445
2013.03.14 00:34:09.765,1.06422,1.06447
2013.03.14 00:34:09.885,1.06421,1.06448
2013.03.14 00:34:09.944,1.06424,1.0645
2013.03.14 00:34:10.123,1.06429,1.06453
2013.03.14 00:34:12.104,1.06426,1.06452
2013.03.14 00:34:12.168,1.06424,1.06449
2013.03.14 00:34:12.704,1.06426,1.06449
2013.03.14 00:34:12.764,1.06427,1.06453
2013.03.14 00:34:12.824,1.06429,1.06456
2013.03.14 00:34:13.004,1.06433,1.06458
2013.03.14 00:34:13.065,1.06433,1.06458
2013.03.14 00:34:13.244,1.06429,1.06454
2013.03.14 00:34:14.573,1.06429,1.06454
2013.03.14 00:34:14.814,1.06432,1.06459
2013.03.14 00:34:15.114,1.06432,1.06457
2013.03.14 00:34:15.424,1.06432,1.06459
2013.03.14 00:34:15.766,1.06428,1.06455
2013.03.14 00:34:16.886,1.06428,1.06454
2013.03.14 00:34:18.106,1.06427,1.06453
2013.03.14 00:34:18.894,1.06428,1.06455
2013.03.14 00:34:21.045,1.06431,1.06458
2013.03.14 00:34:21.104,1.06433,1.06458
2013.03.14 00:34:21.699,1.06433,1.06458
2013.03.14 00:34:23.163,1.06432,1.06457
2013.03.14 00:34:24.128,1.06433,1.06458
2013.03.14 00:34:25.383,1.06433,1.06458
2013.03.14 00:34:26.041,1.06433,1.06461
2013.03.14 00:34:26.286,1.06428,1.06451
2013.03.14 00:34:26.354,1.06427,1.06451
2013.03.14 00:34:28.255,1.06432,1.06451
2013.03.14 00:34:28.866,1.0643,1.06454
2013.03.14 00:34:28.924,1.06429,1.06457
2013.03.14 00:34:29.345,1.06432,1.06457
2013.03.14 00:34:29.588,1.06429,1.06456
2013.03.14 00:34:29.920,1.06431,1.06453
2013.03.14 00:34:30.224,1.06427,1.06453
2013.03.14 00:34:32.565,1.06428,1.06455
2013.03.14 00:34:35.623,1.0643,1.06457
2013.03.14 00:34:37.244,1.0643,1.06455
2013.03.14 00:34:37.624,1.06426,1.06452
2013.03.14 00:34:38.133,1.06426,1.06442
2013.03.14 00:34:38.258,1.06424,1.06449
2013.03.14 00:34:38.453,1.06424,1.06449
2013.03.14 00:34:38.815,1.06425,1.06451
2013.03.14 00:34:39.126,1.06425,1.06449
2013.03.14 00:34:39.244,1.06426,1.06455
2013.03.14 00:34:40.329,1.06426,1.06452
2013.03.14 00:34:40.456,1.06426,1.06454
2013.03.14 00:34:42.284,1.06431,1.06457
2013.03.14 00:34:42.344,1.06431,1.06457
2013.03.14 00:34:44.144,1.06431,1.06459
2013.03.14 00:34:44.324,1.06429,1.06454
2013.03.14 00:34:45.174,1.06432,1.06455
2013.03.14 00:34:45.845,1.06432,1.0646
2013.03.14 00:34:46.442,1.06434,1.0646
2013.03.14 00:34:46.954,1.06434,1.06459
2013.03.14 00:34:48.164,1.06434,1.06459
2013.03.14 00:34:48.809,1.06442,1.06459
2013.03.14 00:34:49.383,1.06442,1.06468
2013.03.14 00:34:49.834,1.06442,1.06468
2013.03.14 00:34:50.344,1.06444,1.06469
2013.03.14 00:34:50.406,1.06446,1.0647
2013.03.14 00:34:50.767,1.06448,1.06474
2013.03.14 00:34:50.839,1.06445,1.0647
2013.03.14 00:34:50.906,1.06446,1.0647
2013.03.14 00:34:52.264,1.06442,1.06468
2013.03.14 00:34:54.446,1.06445,1.0647
2013.03.14 00:34:54.804,1.06447,1.06475
2013.03.14 00:34:54.864,1.06447,1.06475
2013.03.14 00:34:54.984,1.06452,1.06479
2013.03.14 00:34:55.106,1.06452,1.0648
2013.03.14 00:34:55.655,1.06452,1.0648
2013.03.14 00:34:55.775,1.0645,1.06476
2013.03.14 00:34:56.829,1.0645,1.06477
2013.03.14 00:34:56.956,1.06458,1.06483
2013.03.14 00:34:57.074,1.06459,1.06483
2013.03.14 00:34:57.614,1.06459,1.06485
2013.03.14 00:34:58.157,1.0646,1.06485
2013.03.14 00:34:58.874,1.06459,1.06485
2013.03.14 00:34:58.935,1.06455,1.06481
2013.03.14 00:35:00.459,1.06459,1.06484
2013.03.14 00:35:00.585,1.0646,1.06484
2013.03.14 00:35:01.264,1.06462,1.06487
2013.03.14 00:35:01.324,1.0646,1.06484
2013.03.14 00:35:01.444,1.06462,1.06489
2013.03.14 00:35:02.135,1.0646,1.06484
2013.03.14 00:35:02.314,1.06462,1.06487
2013.03.14 00:35:02.615,1.06462,1.06489
2013.03.14 00:35:02.675,1.06462,1.06489
2013.03.14 00:35:02.915,1.06465,1.06489
2013.03.14 00:35:02.975,1.06468,1.06494
2013.03.14 00:35:03.515,1.06472,1.06495
2013.03.14 00:35:03.634,1.06466,1.06492
2013.03.14 00:35:04.114,1.06467,1.06493
2013.03.14 00:35:04.174,1.0647,1.06493
2013.03.14 00:35:04.295,1.06467,1.06493
2013.03.14 00:35:04.355,1.06466,1.06492
2013.03.14 00:35:04.894,1.06466,1.06492
2013.03.14 00:35:05.074,1.0647,1.06497
2013.03.14 00:35:05.674,1.06471,1.06497
2013.03.14 00:35:05.854,1.06471,1.06497
2013.03.14 00:35:05.975,1.06472,1.06499
2013.03.14 00:35:09.384,1.06477,1.06503
2013.03.14 00:35:10.494,1.06476,1.06499
2013.03.14 00:35:11.444,1.06476,1.06499
2013.03.14 00:35:12.214,1.06475,1.06499
2013.03.14 00:35:12.394,1.06471,1.06495
2013.03.14 00:35:12.574,1.06474,1.06501
2013.03.14 00:35:12.923,1.06476,1.06501
2013.03.14 00:35:13.704,1.06476,1.06501
2013.03.14 00:35:13.884,1.06479,1.06506
2013.03.14 00:35:14.425,1.06481,1.06505
2013.03.14 00:35:14.734,1.06484,1.0651
2013.03.14 00:35:16.115,1.06484,1.0651
2013.03.14 00:35:16.295,1.06484,1.0651
2013.03.14 00:35:16.475,1.06489,1.06517
2013.03.14 00:35:16.658,1.06492,1.0652
2013.03.14 00:35:16.788,1.06492,1.06515
2013.03.14 00:35:16.985,1.0649,1.06515
2013.03.14 00:35:18.486,1.06491,1.06515
2013.03.14 00:35:18.995,1.06493,1.06519
2013.03.14 00:35:19.055,1.06487,1.06514
2013.03.14 00:35:22.584,1.06482,1.06509
2013.03.14 00:35:23.124,1.06487,1.0651
2013.03.14 00:35:23.555,1.06489,1.06515
2013.03.14 00:35:23.914,1.0649,1.06515
2013.03.14 00:35:24.154,1.0649,1.06515
2013.03.14 00:35:25.995,1.06493,1.06519
2013.03.14 00:35:26.175,1.06495,1.06519
2013.03.14 00:35:26.355,1.06493,1.06519
2013.03.14 00:35:26.736,1.06492,1.06514
2013.03.14 00:35:27.104,1.06486,1.0651
2013.03.14 00:35:27.645,1.06482,1.0651
2013.03.14 00:35:27.705,1.06482,1.0651
2013.03.14 00:35:27.765,1.06482,1.06505
2013.03.14 00:35:27.885,1.06479,1.06504
2013.03.14 00:35:28.124,1.06476,1.06505
2013.03.14 00:35:28.373,1.06476,1.06503
2013.03.14 00:35:29.094,1.06482,1.06509
2013.03.14 00:35:29.394,1.06481,1.06509
2013.03.14 00:35:29.858,1.06482,1.06509
2013.03.14 00:35:30.360,1.0648,1.06508
2013.03.14 00:35:30.485,1.06485,1.0651
2013.03.14 00:35:30.604,1.06479,1.06506
2013.03.14 00:35:31.797,1.06479,1.06505
2013.03.14 00:35:34.587,1.06478,1.06505
2013.03.14 00:35:35.084,1.06474,1.06499
2013.03.14 00:35:35.145,1.06472,1.06499
2013.03.14 00:35:35.384,1.06472,1.06499
2013.03.14 00:35:35.744,1.06474,1.06495
2013.03.14 00:35:37.155,1.06477,1.065
2013.03.14 00:35:37.275,1.06473,1.06499
2013.03.14 00:35:37.694,1.06473,1.06495
2013.03.14 00:35:37.816,1.06477,1.06496
2013.03.14 00:35:38.355,1.06478,1.06504
2013.03.14 00:35:39.905,1.06477,1.06504
2013.03.14 00:35:40.354,1.06478,1.06504
2013.03.14 00:35:41.305,1.06477,1.06504
2013.03.14 00:35:41.436,1.06473,1.06499
2013.03.14 00:35:41.855,1.06471,1.06499
2013.03.14 00:35:42.480,1.06473,1.06499
2013.03.14 00:35:42.665,1.06468,1.06496
2013.03.14 00:35:43.323,1.06475,1.06498
2013.03.14 00:35:43.409,1.06468,1.06495
2013.03.14 00:35:44.434,1.06469,1.06496
2013.03.14 00:35:44.494,1.06473,1.06499
2013.03.14 00:35:44.734,1.06467,1.06493
2013.03.14 00:35:45.436,1.06468,1.06493
2013.03.14 00:35:45.494,1.06469,1.06495
2013.03.14 00:35:47.375,1.06469,1.06495
2013.03.14 00:35:47.917,1.06466,1.06492
2013.03.14 00:35:48.464,1.06466,1.06492
2013.03.14 00:35:49.564,1.06466,1.06492
2013.03.14 00:35:51.867,1.06466,1.06492
2013.03.14 00:35:52.114,1.06467,1.06494
2013.03.14 00:35:52.480,1.06471,1.06495
2013.03.14 00:35:52.754,1.06469,1.06493
2013.03.14 00:35:53.622,1.06466,1.06493
2013.03.14 00:35:53.754,1.06473,1.06496
2013.03.14 00:35:53.814,1.06469,1.06495
2013.03.14 00:35:53.874,1.06468,1.06495
2013.03.14 00:35:54.123,1.06469,1.06495
2013.03.14 00:35:54.364,1.06468,1.06495
2013.03.14 00:35:55.057,1.06469,1.06495
2013.03.14 00:35:57.885,1.06469,1.06496
2013.03.14 00:35:58.008,1.06468,1.06494
2013.03.14 00:35:58.134,1.06466,1.06489
2013.03.14 00:35:58.194,1.06465,1.06489
2013.03.14 00:35:58.315,1.06465,1.06489
2013.03.14 00:35:58.674,1.0646,1.06487
2013.03.14 00:36:01.654,1.0646,1.06485
2013.03.14 00:36:01.954,1.06459,1.06482
2013.03.14 00:36:04.686,1.06455,1.06481
2013.03.14 00:36:04.762,1.06451,1.06479
2013.03.14 00:36:05.876,1.06456,1.06483
2013.03.14 00:36:06.394,1.06456,1.06479
2013.03.14 00:36:06.576,1.06453,1.06479
2013.03.14 00:36:06.754,1.06452,1.06475
2013.03.14 00:36:06.876,1.06448,1.06473
2013.03.14 00:36:07.395,1.06446,1.0647
2013.03.14 00:36:07.955,1.06446,1.0647
2013.03.14 00:36:08.314,1.06451,1.06473
2013.03.14 00:36:08.495,1.06452,1.06479
2013.03.14 00:36:09.259,1.06452,1.06476
2013.03.14 00:36:11.147,1.06452,1.06473
2013.03.14 00:36:11.205,1.06446,1.06471
2013.03.14 00:36:12.304,1.06441,1.06468
2013.03.14 00:36:12.376,1.06441,1.06465
2013.03.14 00:36:14.616,1.06441,1.06463
2013.03.14 00:36:14.996,1.06435,1.06462
2013.03.14 00:36:15.255,1.06435,1.06461
2013.03.14 00:36:15.374,1.06435,1.06462
2013.03.14 00:36:16.630,1.06435,1.06462
2013.03.14 00:36:16.814,1.06441,1.06466
2013.03.14 00:36:17.835,1.06441,1.06468
2013.03.14 00:36:17.955,1.06441,1.06466
2013.03.14 00:36:18.075,1.06439,1.06462
2013.03.14 00:36:18.195,1.06436,1.06468
2013.03.14 00:36:18.614,1.06436,1.06467
2013.03.14 00:36:18.935,1.06436,1.06463
2013.03.14 00:36:19.054,1.06436,1.06467
2013.03.14 00:36:19.114,1.06436,1.06467
2013.03.14 00:36:21.224,1.06435,1.06465
2013.03.14 00:36:21.574,1.06439,1.06465
2013.03.14 00:36:21.934,1.06435,1.06461
2013.03.14 00:36:22.114,1.06435,1.06458
2013.03.14 00:36:22.504,1.06435,1.06461
2013.03.14 00:36:23.007,1.06437,1.06462
2013.03.14 00:36:23.220,1.06438,1.06464
2013.03.14 00:36:24.084,1.06439,1.06466
2013.03.14 00:36:24.395,1.06443,1.06471
2013.03.14 00:36:24.608,1.06444,1.06471
2013.03.14 00:36:25.144,1.06443,1.06471
2013.03.14 00:36:25.854,1.06447,1.0647
2013.03.14 00:36:25.937,1.06447,1.06475
2013.03.14 00:36:26.045,1.06447,1.06475
2013.03.14 00:36:26.166,1.06447,1.06475
2013.03.14 00:36:27.377,1.0645,1.06475
2013.03.14 00:36:27.985,1.06447,1.06475
2013.03.14 00:36:29.607,1.06447,1.06475
2013.03.14 00:36:29.738,1.06446,1.0647
2013.03.14 00:36:31.206,1.06449,1.06473
2013.03.14 00:36:31.266,1.06452,1.06476
2013.03.14 00:36:31.464,1.06449,1.06476
2013.03.14 00:36:31.895,1.06452,1.06476
2013.03.14 00:36:33.124,1.06452,1.06476
2013.03.14 00:36:33.426,1.06459,1.06485
2013.03.14 00:36:33.671,1.06474,1.06489
2013.03.14 00:36:34.096,1.06474,1.06501
2013.03.14 00:36:34.214,1.06479,1.06505
2013.03.14 00:36:34.634,1.06481,1.06505
2013.03.14 00:36:34.755,1.06483,1.06511
2013.03.14 00:36:35.945,1.06484,1.06511
2013.03.14 00:36:36.144,1.06483,1.06511
2013.03.14 00:36:38.135,1.06484,1.06511
2013.03.14 00:36:43.574,1.06484,1.06508
2013.03.14 00:36:43.634,1.06481,1.06504
2013.03.14 00:36:43.814,1.06483,1.06509
2013.03.14 00:36:44.114,1.06485,1.06509
2013.03.14 00:36:44.299,1.06487,1.06514
2013.03.14 00:36:44.484,1.06484,1.06509
2013.03.14 00:36:55.854,1.06484,1.0651
2013.03.14 00:36:56.466,1.06484,1.06509
2013.03.14 00:37:03.894,1.06484,1.06509
2013.03.14 00:37:04.394,1.06484,1.06508
2013.03.14 00:37:05.375,1.06482,1.06508
2013.03.14 00:37:06.344,1.06483,1.06509
2013.03.14 00:37:08.396,1.06489,1.06511
2013.03.14 00:37:08.933,1.0649,1.06515
2013.03.14 00:37:09.313,1.0649,1.06515
2013.03.14 00:37:10.384,1.0649,1.06514
2013.03.14 00:37:10.444,1.06487,1.06509
2013.03.14 00:37:11.114,1.06484,1.06512
2013.03.14 00:37:11.806,1.06485,1.06512
2013.03.14 00:37:13.334,1.06486,1.06513
2013.03.14 00:37:13.816,1.06485,1.06512
2013.03.14 00:37:18.575,1.06487,1.06512
2013.03.14 00:37:18.934,1.06488,1.06515
2013.03.14 00:37:18.994,1.0649,1.06516
2013.03.14 00:37:19.344,1.06488,1.06516
2013.03.14 00:37:19.644,1.06487,1.06512
2013.03.14 00:37:19.894,1.06491,1.06515
2013.03.14 00:37:20.333,1.06489,1.06515
2013.03.14 00:37:20.993,1.06486,1.06512
2013.03.14 00:37:21.060,1.06485,1.06512
2013.03.14 00:37:21.244,1.06483,1.06508
2013.03.14 00:37:22.317,1.0648,1.06505
2013.03.14 00:37:23.720,1.06478,1.06504
2013.03.14 00:37:26.135,1.06475,1.06501
2013.03.14 00:37:26.713,1.06475,1.06502
2013.03.14 00:37:30.805,1.06474,1.06499
2013.03.14 00:37:32.683,1.06477,1.06498
2013.03.14 00:37:32.804,1.06473,1.06498
2013.03.14 00:37:33.784,1.06476,1.06502
2013.03.14 00:37:36.414,1.06476,1.065
2013.03.14 00:37:36.780,1.06476,1.065
2013.03.14 00:37:38.344,1.06476,1.06502
2013.03.14 00:37:39.555,1.06474,1.065
2013.03.14 00:37:41.364,1.06474,1.065
2013.03.14 00:37:41.425,1.06477,1.06505
2013.03.14 00:37:41.543,1.0648,1.06505
2013.03.14 00:37:42.093,1.0648,1.06507
2013.03.14 00:37:43.324,1.06477,1.06505
2013.03.14 00:37:43.744,1.06476,1.06504
2013.03.14 00:37:44.446,1.06475,1.06501
2013.03.14 00:37:44.754,1.06475,1.065
2013.03.14 00:37:49.413,1.06472,1.06499
2013.03.14 00:37:50.784,1.06469,1.06494
2013.03.14 00:37:51.104,1.06459,1.06481
2013.03.14 00:37:51.404,1.06454,1.0648
2013.03.14 00:37:51.893,1.06453,1.06478
2013.03.14 00:37:52.085,1.06447,1.06473
2013.03.14 00:37:57.343,1.06452,1.06477
2013.03.14 00:37:57.405,1.06452,1.06478
2013.03.14 00:37:58.695,1.06449,1.06476
2013.03.14 00:37:59.015,1.06449,1.06469
2013.03.14 00:37:59.374,1.06435,1.06454
2013.03.14 00:37:59.816,1.06435,1.06454
2013.03.14 00:38:00.024,1.06435,1.06456
2013.03.14 00:38:00.144,1.06435,1.06458
2013.03.14 00:38:00.814,1.06435,1.06458
2013.03.14 00:38:01.122,1.06435,1.06461
2013.03.14 00:38:01.184,1.06435,1.06463
2013.03.14 00:38:01.784,1.06436,1.06457
2013.03.14 00:38:03.593,1.06432,1.06454
2013.03.14 00:38:04.136,1.06432,1.06457
2013.03.14 00:38:04.215,1.06433,1.0646
2013.03.14 00:38:04.514,1.06433,1.06462
2013.03.14 00:38:04.573,1.06433,1.06463
2013.03.14 00:38:05.255,1.06433,1.06463
2013.03.14 00:38:05.903,1.06435,1.06463
2013.03.14 00:38:06.873,1.06436,1.06462
2013.03.14 00:38:06.934,1.06436,1.06459
2013.03.14 00:38:07.364,1.06433,1.06459
2013.03.14 00:38:07.423,1.06433,1.06458
2013.03.14 00:38:07.545,1.06433,1.06459
2013.03.14 00:38:08.294,1.06431,1.06459
2013.03.14 00:38:10.300,1.06431,1.06458
2013.03.14 00:38:10.425,1.06431,1.06454
2013.03.14 00:38:10.785,1.06425,1.06449
2013.03.14 00:38:10.854,1.06422,1.06448
2013.03.14 00:38:11.275,1.06423,1.06448
2013.03.14 00:38:11.454,1.06425,1.06452
2013.03.14 00:38:11.574,1.06425,1.06454
2013.03.14 00:38:13.143,1.06426,1.06452
2013.03.14 00:38:13.444,1.06425,1.06448
2013.03.14 00:38:13.753,1.06425,1.06452
2013.03.14 00:38:13.814,1.06426,1.06454
2013.03.14 00:38:14.554,1.06427,1.06453
2013.03.14 00:38:15.328,1.06425,1.06453
2013.03.14 00:38:15.393,1.06425,1.06453
2013.03.14 00:38:16.535,1.06426,1.06452
2013.03.14 00:38:16.655,1.06427,1.06453
2013.03.14 00:38:17.014,1.06434,1.06456
2013.03.14 00:38:17.136,1.06434,1.06459
2013.03.14 00:38:21.433,1.06434,1.0646
2013.03.14 00:38:22.054,1.06434,1.06458
2013.03.14 00:38:23.814,1.06434,1.0646
2013.03.14 00:38:26.445,1.06439,1.06464
2013.03.14 00:38:28.575,1.06438,1.06465
2013.03.14 00:38:28.944,1.06436,1.06458
2013.03.14 00:38:31.075,1.06437,1.06463
2013.03.14 00:38:31.474,1.06437,1.06463
2013.03.14 00:38:31.834,1.06434,1.06459
2013.03.14 00:38:34.386,1.06433,1.06459
2013.03.14 00:38:34.565,1.06435,1.06459
2013.03.14 00:38:34.626,1.06439,1.06464
2013.03.14 00:38:34.743,1.06441,1.06465
2013.03.14 00:38:34.926,1.06439,1.06465
2013.03.14 00:38:34.984,1.06439,1.06464
2013.03.14 00:38:35.464,1.06439,1.06464
2013.03.14 00:38:35.823,1.06443,1.0647
2013.03.14 00:38:36.816,1.06443,1.0647
2013.03.14 00:38:37.400,1.06443,1.0647
2013.03.14 00:38:37.834,1.06444,1.06471
2013.03.14 00:38:39.395,1.06442,1.06464
2013.03.14 00:38:39.514,1.06442,1.06464
2013.03.14 00:38:39.875,1.06442,1.06469
2013.03.14 00:38:40.155,1.06444,1.06469
2013.03.14 00:38:40.996,1.06445,1.06471
2013.03.14 00:38:41.356,1.06446,1.06471
2013.03.14 00:38:41.484,1.06448,1.06474
2013.03.14 00:38:41.665,1.06449,1.06474
2013.03.14 00:38:41.988,1.06454,1.06479
2013.03.14 00:38:42.294,1.06457,1.06483
2013.03.14 00:38:42.414,1.06457,1.06484
2013.03.14 00:38:43.514,1.06456,1.06483
2013.03.14 00:38:43.574,1.06455,1.06481
2013.03.14 00:38:44.624,1.06456,1.06479
2013.03.14 00:38:45.373,1.06454,1.06479
2013.03.14 00:38:45.434,1.06454,1.06479
2013.03.14 00:38:45.983,1.06454,1.06479
2013.03.14 00:38:46.144,1.06454,1.06479
2013.03.14 00:38:47.434,1.06457,1.06484
2013.03.14 00:38:48.806,1.06459,1.06484
2013.03.14 00:38:51.533,1.06459,1.06484
2013.03.14 00:38:52.365,1.06459,1.06484
2013.03.14 00:38:53.294,1.06459,1.06485
2013.03.14 00:38:53.414,1.06463,1.06489
2013.03.14 00:38:53.855,1.06461,1.06484
2013.03.14 00:38:54.435,1.06461,1.06484
2013.03.14 00:38:54.905,1.06461,1.06484
2013.03.14 00:38:55.305,1.06463,1.06484
2013.03.14 00:38:55.424,1.06466,1.06492
2013.03.14 00:38:59.893,1.06466,1.06494
2013.03.14 00:39:00.138,1.06466,1.06492
2013.03.14 00:39:00.444,1.06471,1.06496
2013.03.14 00:39:00.945,1.06471,1.06496
2013.03.14 00:39:02.174,1.06475,1.06498
2013.03.14 00:39:02.538,1.06474,1.06501
2013.03.14 00:39:02.664,1.06474,1.06501
2013.03.14 00:39:03.203,1.06474,1.06501
2013.03.14 00:39:03.685,1.06475,1.06501
2013.03.14 00:39:03.864,1.06475,1.06502
2013.03.14 00:39:03.924,1.06477,1.06503
2013.03.14 00:39:04.515,1.06477,1.06503
2013.03.14 00:39:04.845,1.06476,1.06501
2013.03.14 00:39:05.205,1.06475,1.06501
2013.03.14 00:39:05.265,1.06472,1.06495
2013.03.14 00:39:05.325,1.06471,1.06495
2013.03.14 00:39:05.885,1.0647,1.06495
2013.03.14 00:39:06.425,1.06471,1.06495
2013.03.14 00:39:07.414,1.06471,1.06496
2013.03.14 00:39:08.964,1.06476,1.065
2013.03.14 00:39:09.084,1.06476,1.065
2013.03.14 00:39:09.324,1.06491,1.06512
2013.03.14 00:39:09.384,1.06491,1.06512
2013.03.14 00:39:09.625,1.06495,1.06522
2013.03.14 00:39:09.925,1.06494,1.06522
2013.03.14 00:39:11.634,1.06495,1.0652
2013.03.14 00:39:11.694,1.06496,1.0652
2013.03.14 00:39:11.814,1.06496,1.06521
2013.03.14 00:39:11.934,1.06493,1.06521
2013.03.14 00:39:12.235,1.0649,1.06516
2013.03.14 00:39:12.354,1.0649,1.06514
2013.03.14 00:39:12.593,1.06487,1.06513
2013.03.14 00:39:14.085,1.06487,1.06511
2013.03.14 00:39:22.474,1.06489,1.06515
2013.03.14 00:39:22.593,1.06492,1.06516
2013.03.14 00:39:24.155,1.06489,1.06516
2013.03.14 00:39:24.893,1.06486,1.06514
2013.03.14 00:39:26.354,1.06485,1.06512
2013.03.14 00:39:26.535,1.06479,1.06503
2013.03.14 00:39:27.075,1.06479,1.06505
2013.03.14 00:39:27.444,1.06479,1.06503
2013.03.14 00:39:32.354,1.06477,1.06503
2013.03.14 00:39:32.784,1.06474,1.06499
2013.03.14 00:39:32.965,1.06472,1.06499
2013.03.14 00:39:34.944,1.06471,1.06497
2013.03.14 00:39:43.983,1.06468,1.06494
2013.03.14 00:39:44.795,1.06476,1.06494
2013.03.14 00:39:44.975,1.06487,1.0651
2013.03.14 00:39:45.154,1.0649,1.06512
2013.03.14 00:39:45.705,1.0649,1.06514
2013.03.14 00:39:45.885,1.06487,1.06514
2013.03.14 00:39:45.945,1.06486,1.06512
2013.03.14 00:39:46.304,1.06485,1.06509
2013.03.14 00:39:46.485,1.06481,1.06507
2013.03.14 00:39:47.874,1.06482,1.06508
2013.03.14 00:39:50.894,1.0648,1.06507
2013.03.14 00:39:52.174,1.06477,1.06503
2013.03.14 00:39:52.414,1.06479,1.06503
2013.03.14 00:39:52.774,1.06472,1.065
2013.03.14 00:39:53.194,1.06472,1.06498
2013.03.14 00:39:58.184,1.06472,1.06498
2013.03.14 00:39:59.924,1.06475,1.06503
2013.03.14 00:40:00.104,1.06475,1.06503
2013.03.14 00:40:00.343,1.06475,1.06504
2013.03.14 00:40:00.466,1.06474,1.06503
2013.03.14 00:40:01.004,1.0647,1.06498
2013.03.14 00:40:01.124,1.0647,1.06498
2013.03.14 00:40:01.244,1.0647,1.06497
2013.03.14 00:40:01.622,1.06467,1.06493
2013.03.14 00:40:02.082,1.06466,1.06493
2013.03.14 00:40:03.246,1.06471,1.06497
2013.03.14 00:40:03.424,1.06471,1.06499
2013.03.14 00:40:03.664,1.06471,1.06499
2013.03.14 00:40:03.725,1.06472,1.06499
2013.03.14 00:40:03.904,1.06481,1.06508
2013.03.14 00:40:04.324,1.0648,1.06506
2013.03.14 00:40:04.834,1.06476,1.06503
2013.03.14 00:40:04.967,1.06486,1.06503
2013.03.14 00:40:05.156,1.06497,1.06517
2013.03.14 00:40:05.227,1.06499,1.06525
2013.03.14 00:40:05.534,1.06501,1.06525
2013.03.14 00:40:05.834,1.06498,1.06525
2013.03.14 00:40:06.134,1.06497,1.06522
2013.03.14 00:40:06.254,1.06493,1.06519
2013.03.14 00:40:06.574,1.06492,1.06519
2013.03.14 00:40:07.156,1.0649,1.06514
2013.03.14 00:40:07.214,1.06487,1.06514
2013.03.14 00:40:07.394,1.0649,1.06515
2013.03.14 00:40:09.755,1.06492,1.06519
2013.03.14 00:40:13.612,1.06492,1.06519
2013.03.14 00:40:14.405,1.06491,1.06519
2013.03.14 00:40:15.853,1.06492,1.06519
2013.03.14 00:40:16.415,1.06497,1.06523
2013.03.14 00:40:16.583,1.06496,1.06524
2013.03.14 00:40:17.134,1.06497,1.06523
2013.03.14 00:40:17.954,1.06497,1.06523
2013.03.14 00:40:18.015,1.06498,1.06523
2013.03.14 00:40:18.373,1.06501,1.06526
2013.03.14 00:40:20.312,1.065,1.06528
2013.03.14 00:40:20.875,1.065,1.06528
2013.03.14 00:40:20.995,1.06498,1.06521
2013.03.14 00:40:21.054,1.06495,1.06521
2013.03.14 00:40:21.884,1.06497,1.06523
2013.03.14 00:40:21.944,1.06502,1.06526
2013.03.14 00:40:22.005,1.06505,1.06526
2013.03.14 00:40:22.064,1.06502,1.06526
2013.03.14 00:40:22.125,1.06501,1.06526
2013.03.14 00:40:22.673,1.06499,1.06526
2013.03.14 00:40:24.594,1.06495,1.06523
2013.03.14 00:40:25.132,1.06495,1.06521
2013.03.14 00:40:27.523,1.06493,1.06518
2013.03.14 00:40:27.584,1.06491,1.06517
2013.03.14 00:40:27.764,1.06489,1.06514
2013.03.14 00:40:28.125,1.06492,1.06516
2013.03.14 00:40:28.579,1.0649,1.06515
2013.03.14 00:40:28.805,1.06487,1.06514
2013.03.14 00:40:28.864,1.06493,1.06515
2013.03.14 00:40:28.984,1.06488,1.06515
2013.03.14 00:40:29.173,1.06493,1.06518
2013.03.14 00:40:29.294,1.06493,1.06518
2013.03.14 00:40:29.356,1.06492,1.06518
2013.03.14 00:40:29.604,1.06493,1.06519
2013.03.14 00:40:29.724,1.06493,1.06519
2013.03.14 00:40:30.450,1.06493,1.06519
2013.03.14 00:40:30.515,1.06493,1.06515
2013.03.14 00:40:30.575,1.06492,1.06515
2013.03.14 00:40:30.635,1.06489,1.06513
2013.03.14 00:40:31.175,1.06489,1.06515
2013.03.14 00:40:33.061,1.06489,1.06515
2013.03.14 00:40:35.245,1.06485,1.06511
2013.03.14 00:40:35.664,1.06485,1.06509
2013.03.14 00:40:35.874,1.06481,1.06507
2013.03.14 00:40:37.637,1.06489,1.06514
2013.03.14 00:40:38.295,1.06485,1.0651
2013.03.14 00:40:39.833,1.06485,1.06509
2013.03.14 00:40:40.377,1.06485,1.06509
2013.03.14 00:40:40.864,1.06487,1.06514
2013.03.14 00:40:41.386,1.06487,1.06514
2013.03.14 00:40:42.014,1.06487,1.06508
2013.03.14 00:40:42.221,1.06484,1.06508
2013.03.14 00:40:42.723,1.06484,1.06508
2013.03.14 00:40:43.914,1.0648,1.06505
2013.03.14 00:40:44.036,1.06481,1.06505
2013.03.14 00:40:44.395,1.06487,1.06508
2013.03.14 00:40:44.738,1.0649,1.06508
2013.03.14 00:40:44.924,1.06486,1.06512
2013.03.14 00:40:46.655,1.06486,1.06512
2013.03.14 00:40:47.097,1.06492,1.06516
2013.03.14 00:40:47.863,1.06492,1.06516
2013.03.14 00:40:48.544,1.06492,1.06517
2013.03.14 00:40:49.145,1.06491,1.06516
2013.03.14 00:40:50.352,1.06491,1.06517
2013.03.14 00:40:51.664,1.06492,1.06516
2013.03.14 00:40:53.364,1.06492,1.06516
2013.03.14 00:40:54.564,1.06491,1.06515
2013.03.14 00:40:54.894,1.06487,1.06514
2013.03.14 00:40:56.125,1.06487,1.06513
2013.03.14 00:40:56.674,1.06487,1.06513
2013.03.14 00:40:57.023,1.06489,1.06515
2013.03.14 00:40:57.764,1.06492,1.06518
2013.03.14 00:40:58.064,1.06492,1.06519
2013.03.14 00:41:00.454,1.06496,1.06522
2013.03.14 00:41:00.634,1.06496,1.0652
2013.03.14 00:41:00.695,1.06492,1.06519
2013.03.14 00:41:01.144,1.06492,1.06518
2013.03.14 00:41:01.454,1.06492,1.06517
2013.03.14 00:41:01.755,1.06488,1.06515
2013.03.14 00:41:02.994,1.06491,1.06518
2013.03.14 00:41:03.115,1.06491,1.06518
2013.03.14 00:41:04.704,1.06492,1.06519
2013.03.14 00:41:05.065,1.06488,1.06515
2013.03.14 00:41:07.756,1.06488,1.06513
2013.03.14 00:41:08.264,1.06483,1.0651
2013.03.14 00:41:08.502,1.06483,1.0651
2013.03.14 00:41:10.465,1.06487,1.06513
2013.03.14 00:41:10.526,1.06487,1.06513
2013.03.14 00:41:10.585,1.0649,1.06513
2013.03.14 00:41:10.886,1.06499,1.06521
2013.03.14 00:41:11.007,1.06499,1.06525
2013.03.14 00:41:11.625,1.06497,1.06524
2013.03.14 00:41:11.684,1.06496,1.0652
2013.03.14 00:41:13.615,1.06493,1.06521
2013.03.14 00:41:14.881,1.06493,1.06521
2013.03.14 00:41:15.004,1.06496,1.06522
2013.03.14 00:41:15.896,1.06497,1.06521
2013.03.14 00:41:16.974,1.065,1.06521
2013.03.14 00:41:17.035,1.065,1.06524
2013.03.14 00:41:18.294,1.06502,1.06527
2013.03.14 00:41:18.488,1.06501,1.06525
2013.03.14 00:41:18.925,1.06501,1.06527
2013.03.14 00:41:19.055,1.06497,1.06524
2013.03.14 00:41:19.415,1.065,1.06525
2013.03.14 00:41:19.535,1.06495,1.06521
2013.03.14 00:41:19.915,1.06501,1.06527
2013.03.14 00:41:20.095,1.06501,1.06527
2013.03.14 00:41:20.215,1.06501,1.06526
2013.03.14 00:41:20.395,1.06509,1.06533
2013.03.14 00:41:20.515,1.06516,1.06534
2013.03.14 00:41:20.635,1.0652,1.06548
2013.03.14 00:41:20.695,1.06532,1.06549
2013.03.14 00:41:20.814,1.06534,1.0656
2013.03.14 00:41:20.936,1.06536,1.06561
2013.03.14 00:41:21.177,1.06537,1.06561
2013.03.14 00:41:21.254,1.06538,1.06561
2013.03.14 00:41:21.517,1.06538,1.06558
2013.03.14 00:41:22.058,1.06536,1.06559
2013.03.14 00:41:22.136,1.06539,1.06562
2013.03.14 00:41:22.208,1.06538,1.06571
2013.03.14 00:41:22.514,1.06539,1.06568
2013.03.14 00:41:22.815,1.06539,1.06568
2013.03.14 00:41:22.935,1.06536,1.06564
2013.03.14 00:41:22.995,1.06536,1.06562
2013.03.14 00:41:23.235,1.06533,1.06562
2013.03.14 00:41:23.595,1.06533,1.06562
2013.03.14 00:41:23.834,1.06524,1.06553
2013.03.14 00:41:24.583,1.06522,1.06546
2013.03.14 00:41:24.676,1.0652,1.06544
2013.03.14 00:41:25.235,1.06518,1.0654
2013.03.14 00:41:25.475,1.06521,1.06547
2013.03.14 00:41:25.598,1.06521,1.06547
2013.03.14 00:41:25.785,1.06523,1.06551
2013.03.14 00:41:26.344,1.06523,1.06552
2013.03.14 00:41:26.467,1.06526,1.06554
2013.03.14 00:41:26.895,1.06526,1.06552
2013.03.14 00:41:27.017,1.06521,1.06549
2013.03.14 00:41:27.322,1.06521,1.06547
2013.03.14 00:41:27.505,1.06519,1.06543
2013.03.14 00:41:27.864,1.06511,1.06537
2013.03.14 00:41:28.235,1.06516,1.06543
2013.03.14 00:41:28.775,1.0651,1.06536
2013.03.14 00:41:29.115,1.0651,1.06536
2013.03.14 00:41:31.711,1.06505,1.06532
2013.03.14 00:41:32.175,1.0651,1.06535
2013.03.14 00:41:32.294,1.0651,1.06536
2013.03.14 00:41:33.141,1.0651,1.06535
2013.03.14 00:41:34.544,1.06506,1.06533
2013.03.14 00:41:35.925,1.06506,1.0653
2013.03.14 00:41:36.044,1.06506,1.06528
2013.03.14 00:41:36.357,1.06506,1.0653
2013.03.14 00:41:36.485,1.06506,1.06531
2013.03.14 00:41:37.810,1.06511,1.06533
2013.03.14 00:41:37.936,1.06516,1.06538
2013.03.14 00:41:38.235,1.06516,1.06539
2013.03.14 00:41:38.715,1.06519,1.06542
2013.03.14 00:41:38.955,1.06521,1.06543
2013.03.14 00:41:39.926,1.06521,1.06548
2013.03.14 00:41:40.244,1.06521,1.06548
2013.03.14 00:41:41.208,1.06521,1.06546
2013.03.14 00:41:43.634,1.06521,1.06546
2013.03.14 00:41:43.895,1.06521,1.06548
2013.03.14 00:41:43.953,1.06521,1.06548
2013.03.14 00:41:44.086,1.06519,1.06545
2013.03.14 00:41:44.445,1.06512,1.0654
2013.03.14 00:41:44.623,1.06512,1.0654
2013.03.14 00:41:45.115,1.06512,1.06538
2013.03.14 00:41:45.475,1.06507,1.06535
2013.03.14 00:41:45.835,1.06505,1.06532
2013.03.14 00:41:46.637,1.06503,1.06529
2013.03.14 00:41:47.354,1.06503,1.06529
2013.03.14 00:41:47.911,1.06507,1.06529
2013.03.14 00:41:48.492,1.06503,1.06528
2013.03.14 00:41:49.165,1.06503,1.06527
2013.03.14 00:41:49.684,1.06501,1.06525
2013.03.14 00:41:50.302,1.06498,1.06523
2013.03.14 00:41:50.364,1.06495,1.06523
2013.03.14 00:41:50.908,1.06493,1.06521
2013.03.14 00:41:52.297,1.06491,1.06519
2013.03.14 00:41:52.424,1.06497,1.06521
2013.03.14 00:41:52.736,1.06497,1.06524
2013.03.14 00:41:53.038,1.06501,1.06527
2013.03.14 00:41:53.552,1.06501,1.06527
2013.03.14 00:41:54.494,1.06498,1.06522
2013.03.14 00:41:55.264,1.06496,1.06522
2013.03.14 00:41:55.345,1.06492,1.06519
2013.03.14 00:41:57.781,1.06492,1.0652
2013.03.14 00:41:58.324,1.06492,1.06519
2013.03.14 00:41:58.880,1.06491,1.06519
2013.03.14 00:41:59.904,1.06491,1.06519
2013.03.14 00:42:00.324,1.06492,1.06518
2013.03.14 00:42:00.624,1.06492,1.06519
2013.03.14 00:42:01.949,1.06492,1.06519
2013.03.14 00:42:08.918,1.06498,1.06522
2013.03.14 00:42:09.834,1.06493,1.06518
2013.03.14 00:42:10.100,1.06493,1.06518
2013.03.14 00:42:10.346,1.0649,1.06515
2013.03.14 00:42:10.660,1.06488,1.06508
2013.03.14 00:42:11.164,1.06488,1.06508
2013.03.14 00:42:12.444,1.06483,1.06506
2013.03.14 00:42:12.565,1.06482,1.06506
2013.03.14 00:42:12.624,1.0648,1.06504
2013.03.14 00:42:12.985,1.0648,1.06505
2013.03.14 00:42:14.434,1.0648,1.06507
2013.03.14 00:42:14.676,1.0648,1.06504
2013.03.14 00:42:14.854,1.06475,1.06501
2013.03.14 00:42:15.094,1.06475,1.06499
2013.03.14 00:42:15.335,1.0648,1.06503
2013.03.14 00:42:15.574,1.0648,1.06503
2013.03.14 00:42:16.098,1.06477,1.06503
2013.03.14 00:42:16.169,1.06473,1.065
2013.03.14 00:42:16.295,1.06471,1.06499
2013.03.14 00:42:16.364,1.0647,1.06497
2013.03.14 00:42:16.724,1.06471,1.06497
2013.03.14 00:42:17.025,1.06474,1.06498
2013.03.14 00:42:18.235,1.06468,1.06493
2013.03.14 00:42:18.788,1.06468,1.06492
2013.03.14 00:42:19.934,1.06468,1.06493
2013.03.14 00:42:20.115,1.06468,1.06493
2013.03.14 00:42:22.054,1.06472,1.06497
2013.03.14 00:42:22.598,1.0647,1.06495
2013.03.14 00:42:26.821,1.0647,1.06495
2013.03.14 00:42:27.442,1.0647,1.06495
2013.03.14 00:42:27.614,1.0647,1.06495
2013.03.14 00:42:29.644,1.06474,1.065
2013.03.14 00:42:30.183,1.0647,1.06496
2013.03.14 00:42:33.764,1.06474,1.06501
2013.03.14 00:42:33.944,1.06482,1.06506
2013.03.14 00:42:34.300,1.0648,1.06505
2013.03.14 00:42:34.424,1.06477,1.06503
2013.03.14 00:42:34.604,1.06476,1.06498
2013.03.14 00:42:34.964,1.06476,1.06503
2013.03.14 00:42:35.444,1.06477,1.06503
2013.03.14 00:42:35.624,1.06476,1.065
2013.03.14 00:42:36.164,1.06475,1.065
2013.03.14 00:42:36.224,1.06475,1.06499
2013.03.14 00:42:36.468,1.06475,1.065
2013.03.14 00:42:38.830,1.06472,1.065
2013.03.14 00:42:38.956,1.0647,1.06496
2013.03.14 00:42:39.015,1.06463,1.0649
2013.03.14 00:42:41.250,1.06463,1.0649
2013.03.14 00:42:41.997,1.06463,1.06489
2013.03.14 00:42:42.517,1.0646,1.06486
2013.03.14 00:42:43.451,1.06464,1.0649
2013.03.14 00:42:44.364,1.06464,1.0649
2013.03.14 00:42:45.035,1.0647,1.06494
2013.03.14 00:42:45.277,1.0647,1.06493
2013.03.14 00:42:45.584,1.0647,1.06493
2013.03.14 00:42:45.870,1.06467,1.06488
2013.03.14 00:42:46.698,1.0647,1.06493
2013.03.14 00:42:46.766,1.0647,1.06494
2013.03.14 00:42:47.067,1.06473,1.06496
2013.03.14 00:42:50.026,1.06473,1.06493
2013.03.14 00:42:50.144,1.06469,1.06493
2013.03.14 00:42:50.777,1.06469,1.06493
2013.03.14 00:42:51.074,1.06469,1.06495
2013.03.14 00:42:51.315,1.06469,1.06493
2013.03.14 00:42:51.564,1.06469,1.06495
2013.03.14 00:42:51.865,1.06467,1.0649
2013.03.14 00:42:51.985,1.06466,1.0649
2013.03.14 00:42:52.104,1.06466,1.06489
2013.03.14 00:42:52.685,1.06466,1.06489
2013.03.14 00:42:52.804,1.06468,1.06495
2013.03.14 00:42:53.734,1.06468,1.06495
2013.03.14 00:42:53.814,1.06463,1.06489
2013.03.14 00:42:54.364,1.06458,1.06486
2013.03.14 00:42:59.324,1.06458,1.06484
2013.03.14 00:43:07.795,1.06454,1.06481
2013.03.14 00:43:09.082,1.06454,1.06481
2013.03.14 00:43:09.464,1.06454,1.06481
2013.03.14 00:43:11.175,1.06454,1.06479
2013.03.14 00:43:11.295,1.0645,1.06475
2013.03.14 00:43:13.595,1.0645,1.06475
2013.03.14 00:43:13.655,1.06455,1.06482
2013.03.14 00:43:14.135,1.06455,1.0648
2013.03.14 00:43:14.254,1.06459,1.06485
2013.03.14 00:43:14.555,1.0646,1.06485
2013.03.14 00:43:20.049,1.0646,1.06486
2013.03.14 00:43:24.559,1.0646,1.06486
2013.03.14 00:43:25.232,1.06456,1.06484
2013.03.14 00:43:25.534,1.06456,1.06485
2013.03.14 00:43:26.099,1.06456,1.06484
2013.03.14 00:43:27.036,1.06456,1.06482
2013.03.14 00:43:39.875,1.06456,1.06482
2013.03.14 00:43:40.315,1.06456,1.0648
2013.03.14 00:43:41.059,1.06452,1.06479
2013.03.14 00:43:48.254,1.06456,1.06483
2013.03.14 00:43:48.314,1.06456,1.06484
2013.03.14 00:43:48.914,1.06456,1.06484
2013.03.14 00:43:49.155,1.06456,1.06484
2013.03.14 00:43:49.520,1.06456,1.06483
2013.03.14 00:43:49.827,1.06461,1.06487
2013.03.14 00:43:50.135,1.06466,1.06491
2013.03.14 00:43:50.495,1.06464,1.06492
2013.03.14 00:43:50.686,1.06464,1.06488
2013.03.14 00:43:51.345,1.0646,1.06484
2013.03.14 00:43:51.646,1.06455,1.0648
2013.03.14 00:43:52.716,1.06461,1.06486
2013.03.14 00:43:53.599,1.06461,1.06485
2013.03.14 00:43:54.142,1.06458,1.06483
2013.03.14 00:43:54.476,1.06449,1.06475
2013.03.14 00:43:54.964,1.06448,1.06475
2013.03.14 00:43:55.205,1.06453,1.06478
2013.03.14 00:43:55.386,1.06453,1.0648
2013.03.14 00:43:55.506,1.06457,1.06483
2013.03.14 00:43:55.565,1.06457,1.06484
2013.03.14 00:43:55.625,1.06457,1.06485
2013.03.14 00:43:55.924,1.06463,1.06488
2013.03.14 00:43:56.354,1.0646,1.06487
2013.03.14 00:43:56.474,1.06458,1.06481
2013.03.14 00:43:56.884,1.06453,1.06479
2013.03.14 00:43:58.204,1.06455,1.0648
2013.03.14 00:43:58.265,1.06457,1.06483
2013.03.14 00:43:58.325,1.06457,1.06484
2013.03.14 00:43:58.880,1.06457,1.06486
2013.03.14 00:43:59.248,1.06464,1.06488
2013.03.14 00:43:59.754,1.06459,1.06485
2013.03.14 00:44:00.089,1.06459,1.06485
2013.03.14 00:44:01.157,1.06459,1.06485
2013.03.14 00:44:03.705,1.06465,1.06489
2013.03.14 00:44:03.846,1.06462,1.06486
2013.03.14 00:44:03.904,1.0646,1.06484
2013.03.14 00:44:07.128,1.0646,1.06486
2013.03.14 00:44:07.315,1.06465,1.06489
2013.03.14 00:44:07.636,1.06465,1.06489
2013.03.14 00:44:07.757,1.06468,1.06489
2013.03.14 00:44:07.874,1.06464,1.06489
2013.03.14 00:44:08.605,1.06466,1.06489
2013.03.14 00:44:09.880,1.06469,1.06493
2013.03.14 00:44:13.676,1.06466,1.06489
2013.03.14 00:44:16.214,1.06469,1.06493
2013.03.14 00:44:16.275,1.06469,1.06494
