Time,Bid,Ask
2013.03.06 00:00:00.388,1.05391,1.05417
2013.03.06 00:00:01.857,1.05392,1.05417
2013.03.06 00:00:02.038,1.05392,1.05418
2013.03.06 00:00:02.099,1.05392,1.05418
2013.03.06 00:00:02.219,1.05392,1.05418
2013.03.06 00:00:02.805,1.05392,1.05418
2013.03.06 00:00:03.468,1.05391,1.0541
2013.03.06 00:00:07.303,1.05386,1.0541
2013.03.06 00:00:51.106,1.05382,1.05406
2013.03.06 00:00:51.479,1.05382,1.05402
2013.03.06 00:00:51.539,1.05378,1.05402
2013.03.06 00:00:56.370,1.05383,1.054
2013.03.06 00:00:58.218,1.05379,1.05404
2013.03.06 00:00:59.109,1.0538,1.05404
2013.03.06 00:00:59.301,1.0538,1.05405
2013.03.06 00:00:59.361,1.05379,1.05405
2013.03.06 00:00:59.550,1.05379,1.05405
2013.03.06 00:01:00.137,1.05382,1.05402
2013.03.06 00:01:00.715,1.05383,1.05402
2013.03.06 00:01:01.376,1.05384,1.05402
2013.03.06 00:01:01.440,1.05384,1.05407
2013.03.06 00:01:03.356,1.05383,1.05406
2013.03.06 00:01:03.420,1.05383,1.05399
2013.03.06 00:01:03.781,1.05384,1.054
2013.03.06 00:01:03.850,1.05384,1.05404
2013.03.06 00:01:04.126,1.05383,1.05404
2013.03.06 00:01:04.270,1.05383,1.05404
2013.03.06 00:01:10.660,1.05383,1.05405
2013.03.06 00:01:20.400,1.05382,1.05405
2013.03.06 00:01:24.816,1.05383,1.05406
2013.03.06 00:01:24.880,1.05383,1.05407
2013.03.06 00:01:27.581,1.05382,1.05402
2013.03.06 00:01:27.761,1.05382,1.05402
2013.03.06 00:01:34.590,1.05386,1.05401
2013.03.06 00:01:34.710,1.05384,1.05401
2013.03.06 00:01:34.770,1.05384,1.05401
2013.03.06 00:01:34.949,1.05386,1.05409
2013.03.06 00:01:35.250,1.05385,1.05406
2013.03.06 00:01:38.011,1.05381,1.05407
2013.03.06 00:01:51.849,1.05382,1.05408
2013.03.06 00:01:51.969,1.05387,1.05408
2013.03.06 00:01:59.961,1.05385,1.05406
2013.03.06 00:02:00.970,1.05382,1.05406
2013.03.06 00:02:18.590,1.05378,1.05404
2013.03.06 00:02:26.640,1.05376,1.05402
2013.03.06 00:02:26.700,1.05376,1.05399
2013.03.06 00:02:27.079,1.05378,1.05402
2013.03.06 00:02:27.150,1.05378,1.05403
2013.03.06 00:02:27.630,1.05383,1.05407
2013.03.06 00:02:27.691,1.05383,1.05409
2013.03.06 00:02:31.922,1.05381,1.05405
2013.03.06 00:02:31.992,1.05381,1.05405
2013.03.06 00:02:32.309,1.05378,1.05399
2013.03.06 00:02:32.451,1.05376,1.05399
2013.03.06 00:02:32.751,1.05381,1.05399
2013.03.06 00:02:34.091,1.05382,1.05399
2013.03.06 00:02:34.221,1.05381,1.05404
2013.03.06 00:02:34.580,1.05382,1.054
2013.03.06 00:02:34.881,1.05382,1.054
2013.03.06 00:02:35.001,1.05378,1.054
2013.03.06 00:02:35.060,1.05377,1.054
2013.03.06 00:02:35.300,1.05377,1.054
2013.03.06 00:02:35.650,1.05382,1.05402
2013.03.06 00:02:35.960,1.05384,1.05402
2013.03.06 00:02:40.841,1.05386,1.05408
2013.03.06 00:02:41.374,1.05387,1.05409
2013.03.06 00:02:41.911,1.05388,1.05411
2013.03.06 00:02:42.031,1.05388,1.05412
2013.03.06 00:02:45.091,1.0539,1.05414
2013.03.06 00:02:45.210,1.0539,1.05414
2013.03.06 00:02:45.390,1.05387,1.05411
2013.03.06 00:02:45.450,1.05387,1.05411
2013.03.06 00:02:46.056,1.05392,1.05409
2013.03.06 00:02:46.739,1.05392,1.05416
2013.03.06 00:02:47.170,1.05393,1.05416
2013.03.06 00:02:48.170,1.05392,1.05418
2013.03.06 00:02:48.539,1.05392,1.0541
2013.03.06 00:02:48.725,1.05392,1.05415
2013.03.06 00:03:01.159,1.05393,1.05418
2013.03.06 00:03:01.280,1.05393,1.05418
2013.03.06 00:03:01.975,1.05397,1.05418
2013.03.06 00:03:02.180,1.05391,1.05418
2013.03.06 00:03:02.301,1.05391,1.05415
2013.03.06 00:03:06.054,1.05392,1.05416
2013.03.06 00:03:06.240,1.05392,1.05419
2013.03.06 00:03:06.299,1.05396,1.05419
2013.03.06 00:03:06.654,1.05398,1.05423
2013.03.06 00:03:10.150,1.05397,1.05424
2013.03.06 00:03:10.210,1.05396,1.05423
2013.03.06 00:03:10.570,1.05398,1.05425
2013.03.06 00:03:10.760,1.05398,1.05425
2013.03.06 00:03:10.820,1.05397,1.05424
2013.03.06 00:03:10.999,1.05396,1.05424
2013.03.06 00:03:11.300,1.05395,1.0542
2013.03.06 00:03:11.739,1.05397,1.05423
2013.03.06 00:03:11.980,1.05397,1.05423
2013.03.06 00:03:14.680,1.05395,1.05415
2013.03.06 00:03:17.310,1.05396,1.05421
2013.03.06 00:03:26.370,1.05396,1.05421
2013.03.06 00:03:28.181,1.0539,1.05415
2013.03.06 00:03:28.548,1.0539,1.0541
2013.03.06 00:03:30.440,1.05388,1.05405
2013.03.06 00:03:42.639,1.05388,1.05411
2013.03.06 00:03:46.740,1.05388,1.05415
2013.03.06 00:03:46.980,1.05391,1.05413
2013.03.06 00:03:47.850,1.05388,1.05414
2013.03.06 00:03:48.349,1.05386,1.05412
2013.03.06 00:03:55.369,1.05388,1.05412
2013.03.06 00:03:55.550,1.05388,1.05414
2013.03.06 00:04:00.595,1.05388,1.05415
2013.03.06 00:04:00.720,1.05391,1.05415
2013.03.06 00:04:01.841,1.05397,1.05418
2013.03.06 00:04:03.491,1.05397,1.05418
2013.03.06 00:04:03.551,1.05393,1.05418
2013.03.06 00:04:06.400,1.05392,1.05418
2013.03.06 00:04:06.520,1.05392,1.05416
2013.03.06 00:04:21.349,1.05393,1.05416
2013.03.06 00:04:21.470,1.05397,1.05417
2013.03.06 00:04:21.591,1.05393,1.05417
2013.03.06 00:04:25.092,1.05395,1.05419
2013.03.06 00:04:25.220,1.05395,1.0542
2013.03.06 00:04:58.639,1.05397,1.05421
2013.03.06 00:04:59.169,1.05396,1.05421
2013.03.06 00:05:08.679,1.05397,1.05423
2013.03.06 00:05:10.069,1.054,1.05424
2013.03.06 00:05:10.329,1.054,1.05419
2013.03.06 00:05:17.410,1.05396,1.05419
2013.03.06 00:05:17.470,1.05394,1.05418
2013.03.06 00:05:17.590,1.05396,1.05421
2013.03.06 00:05:17.710,1.05396,1.05421
2013.03.06 00:05:17.829,1.05396,1.05424
2013.03.06 00:05:23.810,1.054,1.05424
2013.03.06 00:05:24.320,1.05401,1.05424
2013.03.06 00:05:59.869,1.05397,1.05422
2013.03.06 00:05:59.929,1.05397,1.0542
2013.03.06 00:06:01.320,1.05396,1.0542
2013.03.06 00:06:02.697,1.05398,1.0542
2013.03.06 00:06:06.160,1.054,1.05422
2013.03.06 00:06:06.220,1.054,1.05424
2013.03.06 00:06:06.459,1.05396,1.0542
2013.03.06 00:06:08.822,1.05397,1.0542
2013.03.06 00:06:14.951,1.05391,1.05417
2013.03.06 00:06:15.071,1.05391,1.05416
2013.03.06 00:06:23.940,1.0539,1.05409
2013.03.06 00:06:24.060,1.05387,1.05409
2013.03.06 00:06:32.810,1.05388,1.05409
2013.03.06 00:06:33.051,1.05392,1.05415
2013.03.06 00:06:38.871,1.05386,1.05413
2013.03.06 00:06:38.991,1.05385,1.0541
2013.03.06 00:06:39.230,1.05386,1.05411
2013.03.06 00:06:39.410,1.05385,1.0541
2013.03.06 00:06:41.762,1.05381,1.05407
2013.03.06 00:06:41.880,1.05381,1.05407
2013.03.06 00:06:44.460,1.05381,1.05406
2013.03.06 00:06:48.721,1.05381,1.05406
2013.03.06 00:06:49.250,1.05381,1.05407
2013.03.06 00:06:49.371,1.05382,1.05408
2013.03.06 00:06:49.434,1.05382,1.05408
2013.03.06 00:06:49.680,1.05385,1.05409
2013.03.06 00:06:49.980,1.05386,1.0541
2013.03.06 00:06:50.740,1.05386,1.05412
2013.03.06 00:06:55.050,1.05385,1.05404
2013.03.06 00:07:10.490,1.05383,1.05404
2013.03.06 00:07:16.411,1.05388,1.05411
2013.03.06 00:07:16.810,1.05388,1.05414
2013.03.06 00:07:17.050,1.05388,1.05412
2013.03.06 00:07:17.450,1.05385,1.0541
2013.03.06 00:07:18.129,1.05384,1.0541
2013.03.06 00:07:18.190,1.05386,1.05411
2013.03.06 00:07:18.550,1.0539,1.05414
2013.03.06 00:07:18.970,1.05393,1.05414
2013.03.06 00:07:19.340,1.05395,1.05417
2013.03.06 00:07:19.460,1.05395,1.0542
2013.03.06 00:07:19.523,1.05398,1.05421
2013.03.06 00:07:19.830,1.05398,1.05418
2013.03.06 00:07:19.890,1.05398,1.05419
2013.03.06 00:07:29.630,1.054,1.05419
2013.03.06 00:07:40.539,1.05401,1.05419
2013.03.06 00:07:48.970,1.05403,1.05426
2013.03.06 00:07:49.090,1.05406,1.05426
2013.03.06 00:07:49.150,1.05407,1.05432
2013.03.06 00:07:49.391,1.05409,1.05434
2013.03.06 00:07:49.750,1.05407,1.05433
2013.03.06 00:07:50.070,1.05407,1.05429
2013.03.06 00:07:50.250,1.05405,1.05428
2013.03.06 00:07:52.410,1.05402,1.05428
2013.03.06 00:07:52.469,1.05402,1.05429
2013.03.06 00:07:52.680,1.05402,1.05428
2013.03.06 00:07:53.160,1.05399,1.05419
2013.03.06 00:07:53.283,1.05399,1.05419
2013.03.06 00:07:54.883,1.05397,1.05419
2013.03.06 00:07:57.741,1.05398,1.05417
2013.03.06 00:07:57.953,1.05398,1.05419
2013.03.06 00:08:09.441,1.05395,1.05416
2013.03.06 00:08:09.561,1.05391,1.05416
2013.03.06 00:08:09.799,1.05391,1.05416
2013.03.06 00:08:29.610,1.05392,1.05416
2013.03.06 00:08:49.640,1.05393,1.05414
2013.03.06 00:08:49.990,1.05394,1.05413
2013.03.06 00:09:01.307,1.05391,1.05414
2013.03.06 00:09:09.179,1.05391,1.05415
2013.03.06 00:09:09.242,1.05396,1.05416
2013.03.06 00:09:09.754,1.05391,1.05415
2013.03.06 00:09:10.004,1.05395,1.05415
2013.03.06 00:09:10.130,1.05393,1.05415
2013.03.06 00:09:10.189,1.05392,1.05415
2013.03.06 00:09:13.839,1.05388,1.05413
2013.03.06 00:09:16.081,1.05387,1.05413
2013.03.06 00:09:16.240,1.05387,1.05411
2013.03.06 00:09:17.631,1.05384,1.0541
2013.03.06 00:09:50.021,1.05387,1.05411
2013.03.06 00:09:54.850,1.05388,1.05411
2013.03.06 00:09:55.031,1.05388,1.05411
2013.03.06 00:09:57.891,1.05386,1.05414
2013.03.06 00:09:57.950,1.05386,1.05412
2013.03.06 00:09:58.252,1.05386,1.05407
2013.03.06 00:09:58.893,1.05382,1.05405
2013.03.06 00:09:58.960,1.05381,1.05405
2013.03.06 00:10:00.270,1.05382,1.05406
2013.03.06 00:10:00.515,1.05381,1.05406
2013.03.06 00:10:00.581,1.05381,1.05406
2013.03.06 00:10:00.761,1.05385,1.05406
2013.03.06 00:10:01.380,1.05385,1.05409
2013.03.06 00:10:01.500,1.05383,1.05406
2013.03.06 00:10:01.560,1.05382,1.05406
2013.03.06 00:10:02.124,1.0538,1.05406
2013.03.06 00:10:10.450,1.05382,1.05406
2013.03.06 00:10:12.402,1.05382,1.05404
2013.03.06 00:10:12.821,1.05381,1.054
2013.03.06 00:10:12.948,1.05378,1.054
2013.03.06 00:10:14.421,1.0538,1.05403
2013.03.06 00:10:14.487,1.0538,1.05404
2013.03.06 00:10:14.615,1.05378,1.054
2013.03.06 00:10:14.800,1.05376,1.05399
2013.03.06 00:10:15.101,1.05375,1.05399
2013.03.06 00:10:15.283,1.05373,1.05394
2013.03.06 00:10:15.353,1.05372,1.05394
2013.03.06 00:10:15.423,1.05369,1.05393
2013.03.06 00:10:15.491,1.05371,1.05391
2013.03.06 00:10:16.410,1.05374,1.05398
2013.03.06 00:10:16.471,1.05374,1.05399
2013.03.06 00:10:16.884,1.05376,1.05402
2013.03.06 00:10:17.190,1.0538,1.05404
2013.03.06 00:10:17.255,1.0538,1.05407
2013.03.06 00:10:32.330,1.05386,1.0541
2013.03.06 00:10:32.512,1.05386,1.05413
2013.03.06 00:11:05.901,1.05386,1.0541
2013.03.06 00:11:06.022,1.05386,1.0541
2013.03.06 00:11:19.422,1.05381,1.05404
2013.03.06 00:11:19.850,1.05377,1.05403
2013.03.06 00:11:20.051,1.05376,1.05403
2013.03.06 00:11:20.172,1.05376,1.05399
2013.03.06 00:11:46.958,1.05376,1.05399
2013.03.06 00:11:51.056,1.05374,1.05398
2013.03.06 00:11:51.361,1.05369,1.05391
2013.03.06 00:11:59.741,1.05366,1.05391
2013.03.06 00:11:59.991,1.05365,1.05383
2013.03.06 00:12:00.561,1.05364,1.05383
2013.03.06 00:12:09.710,1.05365,1.05388
2013.03.06 00:12:09.771,1.05365,1.05388
2013.03.06 00:12:17.133,1.05365,1.05391
2013.03.06 00:12:17.201,1.05365,1.05392
2013.03.06 00:12:40.962,1.0537,1.05388
2013.03.06 00:12:41.022,1.05363,1.05388
2013.03.06 00:12:41.202,1.05365,1.05383
2013.03.06 00:12:41.321,1.05365,1.05389
2013.03.06 00:12:41.631,1.05365,1.05386
2013.03.06 00:12:41.751,1.05365,1.0539
2013.03.06 00:12:42.301,1.05365,1.05388
2013.03.06 00:12:50.330,1.05365,1.05388
2013.03.06 00:12:50.450,1.05365,1.05391
2013.03.06 00:12:51.691,1.05371,1.05394
2013.03.06 00:12:52.111,1.05372,1.05396
2013.03.06 00:12:52.232,1.05372,1.05397
2013.03.06 00:12:52.421,1.05375,1.05394
2013.03.06 00:12:52.721,1.05371,1.05394
2013.03.06 00:12:52.812,1.05371,1.05394
2013.03.06 00:12:52.872,1.05371,1.05397
2013.03.06 00:12:52.991,1.05371,1.05397
2013.03.06 00:12:53.050,1.05371,1.05397
2013.03.06 00:12:53.201,1.05371,1.05394
2013.03.06 00:12:57.591,1.05371,1.05397
2013.03.06 00:12:57.800,1.05372,1.05399
2013.03.06 00:12:57.940,1.05373,1.05399
2013.03.06 00:12:58.134,1.05374,1.05399
2013.03.06 00:12:58.320,1.05376,1.05399
2013.03.06 00:13:02.619,1.05376,1.05399
2013.03.06 00:13:05.350,1.05372,1.05397
2013.03.06 00:13:05.531,1.05372,1.05393
2013.03.06 00:13:06.180,1.05369,1.05393
2013.03.06 00:13:31.581,1.05366,1.05389
2013.03.06 00:13:31.701,1.05366,1.05389
2013.03.06 00:13:32.834,1.05366,1.05389
2013.03.06 00:13:38.221,1.05362,1.05388
2013.03.06 00:13:38.374,1.05363,1.05388
2013.03.06 00:13:38.441,1.05363,1.05388
2013.03.06 00:13:39.807,1.05363,1.05388
2013.03.06 00:13:40.001,1.05362,1.05384
2013.03.06 00:13:41.040,1.05362,1.05383
2013.03.06 00:13:41.667,1.05362,1.05384
2013.03.06 00:13:42.901,1.05367,1.05384
2013.03.06 00:13:43.987,1.05367,1.05389
2013.03.06 00:13:52.991,1.05372,1.0539
2013.03.06 00:13:53.231,1.05374,1.05394
2013.03.06 00:13:58.731,1.05377,1.05399
2013.03.06 00:13:58.791,1.05378,1.05399
2013.03.06 00:13:59.092,1.05382,1.05403
2013.03.06 00:13:59.213,1.05384,1.05404
2013.03.06 00:14:04.090,1.05382,1.05404
2013.03.06 00:14:04.152,1.05381,1.05404
2013.03.06 00:14:04.211,1.05379,1.054
2013.03.06 00:14:04.512,1.05386,1.05407
2013.03.06 00:14:05.064,1.05383,1.05403
2013.03.06 00:14:05.891,1.05381,1.05405
2013.03.06 00:14:06.011,1.05381,1.05405
2013.03.06 00:14:09.791,1.05381,1.05405
2013.03.06 00:14:10.101,1.05386,1.05408
2013.03.06 00:14:13.303,1.05388,1.0541
2013.03.06 00:14:13.431,1.05382,1.05407
2013.03.06 00:14:13.491,1.05382,1.05406
2013.03.06 00:14:13.851,1.05385,1.05407
2013.03.06 00:14:13.911,1.05382,1.05406
2013.03.06 00:14:14.104,1.05385,1.05406
2013.03.06 00:14:14.351,1.05383,1.05406
2013.03.06 00:14:15.011,1.05383,1.05409
2013.03.06 00:14:15.371,1.05391,1.05412
2013.03.06 00:14:15.490,1.05391,1.05415
2013.03.06 00:14:17.001,1.05393,1.05416
2013.03.06 00:14:26.971,1.0539,1.05414
2013.03.06 00:14:34.140,1.05388,1.05414
2013.03.06 00:14:34.261,1.05388,1.0541
2013.03.06 00:14:37.871,1.05385,1.05407
2013.03.06 00:14:37.932,1.05382,1.05406
2013.03.06 00:14:38.110,1.05382,1.05406
2013.03.06 00:14:38.231,1.05382,1.05406
2013.03.06 00:14:40.509,1.05382,1.05408
2013.03.06 00:14:46.241,1.05382,1.054
2013.03.06 00:14:46.310,1.05379,1.054
2013.03.06 00:14:46.373,1.05378,1.054
2013.03.06 00:15:09.180,1.05379,1.05405
2013.03.06 00:15:09.240,1.05379,1.05405
2013.03.06 00:15:13.870,1.05378,1.05399
2013.03.06 00:15:14.050,1.05376,1.05399
2013.03.06 00:15:18.812,1.05375,1.05399
2013.03.06 00:15:19.052,1.05376,1.05401
2013.03.06 00:15:19.478,1.05377,1.054
2013.03.06 00:15:19.712,1.05376,1.05399
2013.03.06 00:15:20.469,1.05375,1.05399
2013.03.06 00:15:22.930,1.05375,1.054
2013.03.06 00:15:22.991,1.05375,1.05401
2013.03.06 00:15:23.110,1.05375,1.05399
2013.03.06 00:15:23.231,1.05373,1.05399
2013.03.06 00:15:29.812,1.05371,1.05398
2013.03.06 00:15:30.061,1.05371,1.05394
2013.03.06 00:15:31.111,1.05369,1.05394
2013.03.06 00:15:32.672,1.05369,1.05393
2013.03.06 00:15:39.052,1.05369,1.05392
2013.03.06 00:15:39.182,1.05369,1.05395
2013.03.06 00:15:39.421,1.05371,1.05393
2013.03.06 00:15:39.922,1.05367,1.05393
2013.03.06 00:15:40.041,1.05367,1.05389
2013.03.06 00:15:43.522,1.05369,1.05393
2013.03.06 00:15:48.332,1.05369,1.05395
2013.03.06 00:15:48.692,1.05369,1.05395
2013.03.06 00:15:48.752,1.05374,1.05397
2013.03.06 00:15:54.512,1.05374,1.05394
2013.03.06 00:16:05.143,1.05373,1.05394
2013.03.06 00:16:06.951,1.05376,1.05394
2013.03.06 00:16:09.022,1.05373,1.05393
2013.03.06 00:16:09.481,1.05372,1.05393
2013.03.06 00:16:10.472,1.05372,1.05396
2013.03.06 00:16:12.162,1.05377,1.05398
2013.03.06 00:16:12.222,1.05379,1.05403
2013.03.06 00:16:12.342,1.05382,1.05408
2013.03.06 00:16:12.702,1.05388,1.05415
2013.03.06 00:16:12.762,1.05389,1.05415
2013.03.06 00:16:14.122,1.05391,1.05411
2013.03.06 00:16:14.182,1.05388,1.05411
2013.03.06 00:16:14.484,1.05388,1.05412
2013.03.06 00:16:14.731,1.05387,1.05411
2013.03.06 00:16:15.002,1.05387,1.05411
2013.03.06 00:16:16.632,1.05388,1.05412
2013.03.06 00:16:16.751,1.05388,1.05412
2013.03.06 00:16:18.419,1.05388,1.05415
2013.03.06 00:16:18.721,1.05394,1.05418
2013.03.06 00:16:21.392,1.05387,1.05412
2013.03.06 00:16:21.453,1.05387,1.05412
2013.03.06 00:16:22.084,1.05384,1.0541
2013.03.06 00:16:22.541,1.05383,1.05408
2013.03.06 00:16:23.291,1.05387,1.05411
2013.03.06 00:16:23.351,1.05387,1.0541
2013.03.06 00:16:31.957,1.05389,1.05411
2013.03.06 00:16:32.611,1.05386,1.05411
2013.03.06 00:16:32.741,1.05386,1.05411
2013.03.06 00:16:36.661,1.05386,1.05404
2013.03.06 00:16:38.832,1.05387,1.05411
2013.03.06 00:16:39.101,1.05389,1.05411
2013.03.06 00:16:39.221,1.05389,1.05412
2013.03.06 00:16:39.531,1.05391,1.05414
2013.03.06 00:16:41.502,1.05391,1.05413
2013.03.06 00:16:41.801,1.05387,1.05412
2013.03.06 00:16:50.081,1.05388,1.05411
2013.03.06 00:16:50.271,1.0539,1.05413
2013.03.06 00:16:50.925,1.05392,1.05414
2013.03.06 00:17:20.174,1.05387,1.05413
2013.03.06 00:18:00.441,1.05388,1.05415
2013.03.06 00:18:12.133,1.05388,1.05413
2013.03.06 00:18:16.441,1.05384,1.05411
2013.03.06 00:18:19.733,1.05384,1.05411
2013.03.06 00:18:20.060,1.05384,1.0541
2013.03.06 00:18:20.404,1.05384,1.05409
2013.03.06 00:18:46.367,1.05386,1.05409
2013.03.06 00:18:47.339,1.05387,1.05412
2013.03.06 00:18:47.471,1.05387,1.05413
2013.03.06 00:19:47.380,1.05385,1.05409
2013.03.06 00:19:48.601,1.05383,1.05408
2013.03.06 00:19:48.782,1.05385,1.05408
2013.03.06 00:19:51.813,1.0538,1.05407
2013.03.06 00:19:52.141,1.0538,1.05405
2013.03.06 00:19:59.612,1.05379,1.05403
2013.03.06 00:19:59.671,1.05379,1.05403
2013.03.06 00:20:03.402,1.05382,1.05406
2013.03.06 00:20:03.568,1.05382,1.05407
2013.03.06 00:20:03.703,1.05382,1.05407
2013.03.06 00:20:04.941,1.05379,1.05405
2013.03.06 00:20:11.271,1.05374,1.054
2013.03.06 00:20:11.331,1.05374,1.054
2013.03.06 00:20:19.861,1.05374,1.05399
2013.03.06 00:20:19.982,1.05374,1.05398
2013.03.06 00:20:21.828,1.0537,1.05393
2013.03.06 00:20:22.022,1.05369,1.05393
2013.03.06 00:20:22.352,1.05367,1.05393
2013.03.06 00:20:31.287,1.05367,1.05394
2013.03.06 00:20:39.721,1.05371,1.05394
2013.03.06 00:20:48.723,1.0537,1.05394
2013.03.06 00:20:55.102,1.05366,1.05391
2013.03.06 00:20:55.223,1.05362,1.05383
2013.03.06 00:20:55.608,1.05361,1.05383
2013.03.06 00:20:55.802,1.05362,1.05388
2013.03.06 00:20:58.831,1.05362,1.05388
2013.03.06 00:20:58.939,1.05362,1.05388
2013.03.06 00:20:59.282,1.05363,1.05388
2013.03.06 00:21:11.327,1.05362,1.05388
2013.03.06 00:21:11.512,1.05362,1.05388
2013.03.06 00:21:11.882,1.05362,1.05388
2013.03.06 00:21:15.121,1.05368,1.05394
2013.03.06 00:21:15.242,1.05369,1.05395
2013.03.06 00:21:20.593,1.05374,1.05398
2013.03.06 00:21:20.782,1.05376,1.05398
2013.03.06 00:21:20.902,1.05372,1.05399
2013.03.06 00:21:20.962,1.05372,1.05399
2013.03.06 00:21:21.272,1.05372,1.05394
2013.03.06 00:21:21.332,1.05372,1.05399
2013.03.06 00:21:21.623,1.05372,1.05396
2013.03.06 00:21:22.158,1.05372,1.05396
2013.03.06 00:21:25.303,1.05372,1.05396
2013.03.06 00:21:25.482,1.05371,1.05397
2013.03.06 00:21:28.377,1.05371,1.05398
2013.03.06 00:21:28.444,1.05371,1.05397
2013.03.06 00:21:37.357,1.05372,1.05393
2013.03.06 00:21:37.483,1.05374,1.05393
2013.03.06 00:21:37.601,1.05373,1.05393
2013.03.06 00:21:37.783,1.05373,1.05393
2013.03.06 00:21:37.902,1.05374,1.05393
2013.03.06 00:21:38.142,1.05373,1.05393
2013.03.06 00:21:38.262,1.05373,1.05393
2013.03.06 00:21:39.872,1.05372,1.05393
2013.03.06 00:21:41.013,1.05372,1.05393
2013.03.06 00:21:44.857,1.05369,1.05391
2013.03.06 00:21:46.652,1.05368,1.0539
2013.03.06 00:21:46.711,1.05368,1.05389
2013.03.06 00:21:47.013,1.05366,1.05388
2013.03.06 00:21:47.580,1.05363,1.05384
2013.03.06 00:22:07.612,1.05364,1.05386
2013.03.06 00:22:07.737,1.05369,1.05389
2013.03.06 00:22:18.632,1.05365,1.05388
2013.03.06 00:22:18.765,1.05372,1.05395
2013.03.06 00:22:18.894,1.05371,1.0539
2013.03.06 00:22:18.962,1.0537,1.0539
2013.03.06 00:22:19.262,1.0537,1.05394
2013.03.06 00:22:20.642,1.0537,1.05394
2013.03.06 00:22:20.703,1.05369,1.0539
2013.03.06 00:22:20.763,1.05367,1.0539
2013.03.06 00:22:21.238,1.05367,1.05388
2013.03.06 00:22:22.955,1.05367,1.05388
2013.03.06 00:22:29.872,1.05364,1.05385
2013.03.06 00:22:29.991,1.05363,1.05384
2013.03.06 00:22:30.624,1.05365,1.05385
2013.03.06 00:22:30.922,1.05366,1.05389
2013.03.06 00:22:35.904,1.05365,1.05388
2013.03.06 00:23:19.831,1.05364,1.05388
2013.03.06 00:23:19.893,1.05362,1.05384
2013.03.06 00:23:20.815,1.05363,1.05385
2013.03.06 00:23:20.882,1.05363,1.05385
2013.03.06 00:23:30.523,1.05367,1.05388
2013.03.06 00:23:50.351,1.05368,1.05388
2013.03.06 00:23:50.472,1.05368,1.05389
2013.03.06 00:24:10.093,1.05364,1.05384
2013.03.06 00:24:21.253,1.05364,1.05387
2013.03.06 00:24:29.842,1.05365,1.05387
2013.03.06 00:24:30.021,1.05365,1.05388
2013.03.06 00:24:30.602,1.05362,1.05387
2013.03.06 00:24:30.841,1.05362,1.05383
2013.03.06 00:24:33.832,1.05361,1.05383
2013.03.06 00:24:38.591,1.05362,1.05383
2013.03.06 00:24:42.671,1.05363,1.05383
2013.03.06 00:24:43.154,1.05364,1.05387
2013.03.06 00:24:49.223,1.05368,1.05389
2013.03.06 00:24:49.411,1.05369,1.05393
2013.03.06 00:24:53.172,1.05367,1.05389
2013.03.06 00:24:53.343,1.05367,1.05388
2013.03.06 00:24:55.543,1.05366,1.05388
2013.03.06 00:24:55.772,1.05369,1.05392
2013.03.06 00:24:58.073,1.05369,1.05391
2013.03.06 00:24:58.192,1.05369,1.05389
2013.03.06 00:24:58.313,1.05367,1.05389
2013.03.06 00:25:05.384,1.05366,1.05389
2013.03.06 00:25:05.942,1.05367,1.05389
2013.03.06 00:25:06.002,1.05367,1.0539
2013.03.06 00:25:10.346,1.05371,1.05392
2013.03.06 00:25:10.419,1.05371,1.05396
2013.03.06 00:25:24.993,1.05381,1.05399
2013.03.06 00:25:25.172,1.05381,1.05403
2013.03.06 00:25:25.473,1.05381,1.054
2013.03.06 00:25:25.713,1.05385,1.05408
2013.03.06 00:25:26.263,1.05385,1.05408
2013.03.06 00:25:35.803,1.05387,1.05409
2013.03.06 00:25:36.043,1.0539,1.05413
2013.03.06 00:25:37.801,1.05391,1.05414
2013.03.06 00:25:41.972,1.05391,1.05413
2013.03.06 00:25:50.799,1.0539,1.05412
2013.03.06 00:25:51.842,1.05387,1.05411
2013.03.06 00:25:57.483,1.05387,1.05404
2013.03.06 00:25:59.492,1.05384,1.05404
2013.03.06 00:26:06.151,1.05385,1.05407
2013.03.06 00:26:06.219,1.05387,1.05407
2013.03.06 00:26:06.283,1.05387,1.05409
2013.03.06 00:26:09.222,1.05388,1.05409
2013.03.06 00:26:11.602,1.05386,1.05408
2013.03.06 00:26:14.213,1.05385,1.05406
2013.03.06 00:26:14.512,1.05382,1.05406
2013.03.06 00:26:28.822,1.05383,1.05406
2013.03.06 00:26:28.942,1.05383,1.05407
2013.03.06 00:26:29.063,1.05383,1.05407
2013.03.06 00:26:29.192,1.05383,1.05406
2013.03.06 00:26:29.953,1.05377,1.054
2013.03.06 00:26:30.013,1.05377,1.054
2013.03.06 00:26:30.283,1.05377,1.05401
2013.03.06 00:26:30.402,1.05377,1.05402
2013.03.06 00:26:30.715,1.05379,1.054
2013.03.06 00:26:30.784,1.05377,1.054
2013.03.06 00:26:41.656,1.05379,1.05399
2013.03.06 00:26:42.050,1.05381,1.05399
2013.03.06 00:26:44.161,1.05383,1.05401
2013.03.06 00:26:44.227,1.05383,1.05405
2013.03.06 00:26:44.546,1.05383,1.05405
2013.03.06 00:26:47.154,1.05381,1.05405
2013.03.06 00:26:47.343,1.05381,1.05405
2013.03.06 00:26:48.288,1.05381,1.054
2013.03.06 00:26:57.701,1.05382,1.05404
2013.03.06 00:27:02.253,1.05384,1.05405
2013.03.06 00:27:08.212,1.05384,1.05399
2013.03.06 00:27:11.556,1.05386,1.054
2013.03.06 00:27:11.685,1.05389,1.05402
2013.03.06 00:27:11.754,1.05389,1.05408
2013.03.06 00:27:11.887,1.05389,1.05408
2013.03.06 00:27:12.074,1.05392,1.05413
2013.03.06 00:27:12.404,1.05392,1.05413
2013.03.06 00:27:13.251,1.05392,1.05415
2013.03.06 00:27:15.342,1.05393,1.05415
2013.03.06 00:27:15.462,1.05393,1.05416
2013.03.06 00:27:31.132,1.05393,1.05416
2013.03.06 00:27:31.252,1.05393,1.05415
2013.03.06 00:27:32.030,1.05392,1.05415
2013.03.06 00:27:33.713,1.05394,1.05415
2013.03.06 00:27:33.982,1.05397,1.05418
2013.03.06 00:27:46.773,1.05395,1.05414
2013.03.06 00:27:50.022,1.05396,1.05418
2013.03.06 00:27:54.378,1.05396,1.05421
2013.03.06 00:28:07.392,1.05399,1.05421
2013.03.06 00:28:07.513,1.05399,1.05423
2013.03.06 00:28:08.033,1.05403,1.05426
2013.03.06 00:28:14.540,1.05403,1.05428
2013.03.06 00:28:14.663,1.05407,1.0543
2013.03.06 00:28:15.112,1.05409,1.05431
2013.03.06 00:28:15.231,1.05411,1.05435
2013.03.06 00:28:15.352,1.05411,1.05435
2013.03.06 00:28:15.412,1.05412,1.05435
2013.03.06 00:28:16.863,1.05412,1.05435
2013.03.06 00:28:16.983,1.05409,1.05433
2013.03.06 00:28:17.802,1.05408,1.05433
2013.03.06 00:28:17.880,1.05411,1.05433
2013.03.06 00:28:18.003,1.05411,1.05435
2013.03.06 00:28:18.182,1.0541,1.05433
2013.03.06 00:28:18.423,1.05411,1.05434
2013.03.06 00:28:18.621,1.05411,1.05433
2013.03.06 00:28:18.682,1.05409,1.05433
2013.03.06 00:28:19.192,1.0541,1.05433
2013.03.06 00:28:19.312,1.0541,1.05433
2013.03.06 00:28:19.432,1.05416,1.05436
2013.03.06 00:28:19.612,1.05413,1.05436
2013.03.06 00:28:19.732,1.05413,1.05436
2013.03.06 00:28:20.092,1.05409,1.05431
2013.03.06 00:28:20.152,1.05409,1.05431
2013.03.06 00:28:20.272,1.0541,1.05431
2013.03.06 00:28:20.392,1.05409,1.05431
2013.03.06 00:28:20.914,1.05412,1.05434
2013.03.06 00:28:20.974,1.05412,1.05435
2013.03.06 00:28:21.153,1.05412,1.05435
2013.03.06 00:28:21.212,1.05411,1.05435
2013.03.06 00:28:23.923,1.05409,1.05429
2013.03.06 00:28:23.982,1.05409,1.05429
2013.03.06 00:28:24.356,1.05408,1.05431
2013.03.06 00:28:25.712,1.05409,1.05433
2013.03.06 00:28:26.544,1.05406,1.05429
2013.03.06 00:28:28.136,1.05402,1.05422
2013.03.06 00:28:28.205,1.05399,1.05422
2013.03.06 00:28:28.273,1.05399,1.05422
2013.03.06 00:28:28.633,1.05402,1.05427
2013.03.06 00:28:28.993,1.05411,1.05431
2013.03.06 00:28:29.113,1.05412,1.05434
2013.03.06 00:28:29.178,1.05407,1.0543
2013.03.06 00:28:29.243,1.05407,1.05429
2013.03.06 00:28:29.703,1.05405,1.05429
2013.03.06 00:28:38.132,1.05406,1.05428
2013.03.06 00:28:38.252,1.05403,1.05426
2013.03.06 00:28:38.492,1.054,1.05421
2013.03.06 00:28:38.792,1.05398,1.05421
2013.03.06 00:28:41.623,1.05397,1.05418
2013.03.06 00:28:42.789,1.05396,1.05418
2013.03.06 00:28:43.152,1.05396,1.05419
2013.03.06 00:28:46.613,1.05394,1.05416
2013.03.06 00:28:48.116,1.05394,1.05418
2013.03.06 00:28:48.662,1.05394,1.05417
2013.03.06 00:28:49.818,1.05394,1.05416
2013.03.06 00:28:51.303,1.05392,1.05416
2013.03.06 00:28:51.443,1.05392,1.05413
2013.03.06 00:28:52.162,1.05392,1.05412
2013.03.06 00:28:54.932,1.05387,1.05412
2013.03.06 00:28:55.561,1.05387,1.05411
2013.03.06 00:28:55.622,1.05387,1.0541
2013.03.06 00:28:55.683,1.05383,1.05408
2013.03.06 00:28:55.854,1.05383,1.05403
2013.03.06 00:28:56.193,1.05381,1.054
2013.03.06 00:28:56.502,1.05381,1.05398
2013.03.06 00:28:56.682,1.05377,1.05398
2013.03.06 00:28:56.803,1.05377,1.05401
2013.03.06 00:28:56.922,1.05379,1.05401
2013.03.06 00:28:57.464,1.05379,1.05401
2013.03.06 00:29:00.075,1.05379,1.05404
2013.03.06 00:29:02.943,1.05384,1.05408
2013.03.06 00:29:03.422,1.05384,1.05411
2013.03.06 00:29:03.482,1.05384,1.05412
2013.03.06 00:29:10.710,1.05387,1.05414
2013.03.06 00:29:10.772,1.0539,1.05416
2013.03.06 00:29:11.323,1.05385,1.05414
2013.03.06 00:29:12.393,1.05381,1.05409
2013.03.06 00:29:12.694,1.05384,1.0541
2013.03.06 00:29:13.361,1.05384,1.0541
2013.03.06 00:29:13.543,1.05388,1.05415
2013.03.06 00:29:15.513,1.05387,1.05415
2013.03.06 00:29:18.613,1.0539,1.05413
2013.03.06 00:29:18.972,1.05387,1.05413
2013.03.06 00:29:19.155,1.05387,1.05413
2013.03.06 00:29:19.285,1.05387,1.05415
2013.03.06 00:29:27.988,1.05382,1.05419
2013.03.06 00:29:28.222,1.05383,1.05424
2013.03.06 00:29:28.282,1.05386,1.05424
2013.03.06 00:29:28.904,1.05383,1.05421
2013.03.06 00:29:28.963,1.05383,1.05419
2013.03.06 00:29:30.951,1.05377,1.05425
2013.03.06 00:29:32.298,1.05377,1.05425
2013.03.06 00:29:32.602,1.05377,1.0542
2013.03.06 00:29:32.933,1.05376,1.0542
2013.03.06 00:29:33.322,1.05372,1.05415
2013.03.06 00:29:34.063,1.05368,1.05415
2013.03.06 00:29:34.302,1.05366,1.05398
2013.03.06 00:29:34.362,1.05362,1.05401
2013.03.06 00:29:34.488,1.05358,1.05402
2013.03.06 00:29:35.414,1.05358,1.05398
2013.03.06 00:29:35.545,1.05351,1.05396
2013.03.06 00:29:35.613,1.05357,1.05398
2013.03.06 00:29:35.673,1.05357,1.05401
2013.03.06 00:29:36.386,1.05357,1.05401
2013.03.06 00:29:40.473,1.05357,1.05402
2013.03.06 00:29:40.531,1.05357,1.05402
2013.03.06 00:29:40.789,1.05363,1.05408
2013.03.06 00:29:40.853,1.05367,1.05408
2013.03.06 00:29:41.365,1.05366,1.05405
2013.03.06 00:29:42.781,1.05366,1.05402
2013.03.06 00:29:43.082,1.05377,1.05424
2013.03.06 00:29:43.384,1.05377,1.05404
2013.03.06 00:29:43.445,1.05365,1.05404
2013.03.06 00:29:43.512,1.05365,1.05404
2013.03.06 00:29:45.911,1.05356,1.05398
2013.03.06 00:29:45.972,1.05356,1.05394
2013.03.06 00:29:47.400,1.05351,1.05394
2013.03.06 00:29:47.520,1.05348,1.05384
2013.03.06 00:29:47.923,1.05348,1.05393
2013.03.06 00:29:47.990,1.05348,1.05395
2013.03.06 00:29:48.921,1.05349,1.05402
2013.03.06 00:29:49.550,1.05351,1.05404
2013.03.06 00:29:49.921,1.05358,1.05399
2013.03.06 00:29:50.431,1.05357,1.05399
2013.03.06 00:29:53.556,1.05351,1.05409
2013.03.06 00:29:55.550,1.05355,1.05415
2013.03.06 00:30:03.567,1.05344,1.05402
2013.03.06 00:30:03.931,1.05359,1.05406
2013.03.06 00:30:04.312,1.05342,1.05401
2013.03.06 00:30:04.387,1.05341,1.05406
2013.03.06 00:30:04.570,1.0535,1.05403
2013.03.06 00:30:04.691,1.05344,1.05415
2013.03.06 00:30:04.961,1.05345,1.05427
2013.03.06 00:30:05.080,1.05358,1.05452
2013.03.06 00:30:05.141,1.05358,1.05452
2013.03.06 00:30:05.570,1.05361,1.05441
2013.03.06 00:30:05.931,1.05372,1.05444
2013.03.06 00:30:06.290,1.05381,1.05442
2013.03.06 00:30:06.701,1.05381,1.05446
2013.03.06 00:30:06.880,1.05381,1.05442
2013.03.06 00:30:06.941,1.05375,1.05442
2013.03.06 00:30:07.121,1.05375,1.05441
2013.03.06 00:30:07.481,1.05371,1.05435
2013.03.06 00:30:07.901,1.05376,1.05431
2013.03.06 00:30:08.080,1.05364,1.05431
2013.03.06 00:30:08.501,1.05353,1.0542
2013.03.06 00:30:08.861,1.05351,1.0542
2013.03.06 00:30:09.041,1.05349,1.05406
2013.03.06 00:30:09.340,1.05344,1.05406
2013.03.06 00:30:09.882,1.05342,1.05396
2013.03.06 00:30:10.243,1.05334,1.0538
2013.03.06 00:30:10.783,1.05323,1.05375
2013.03.06 00:30:11.321,1.05327,1.05382
2013.03.06 00:30:11.382,1.05331,1.05385
2013.03.06 00:30:11.561,1.05334,1.05386
2013.03.06 00:30:11.682,1.05334,1.05394
2013.03.06 00:30:11.741,1.05334,1.05397
2013.03.06 00:30:11.921,1.05334,1.05397
2013.03.06 00:30:12.222,1.05342,1.05402
2013.03.06 00:30:12.340,1.05353,1.05403
2013.03.06 00:30:12.642,1.05353,1.05411
2013.03.06 00:30:13.001,1.05375,1.05417
2013.03.06 00:30:13.122,1.05376,1.05417
2013.03.06 00:30:13.301,1.05381,1.0544
2013.03.06 00:30:13.421,1.05382,1.05433
2013.03.06 00:30:13.812,1.05382,1.05438
2013.03.06 00:30:14.110,1.05382,1.05439
2013.03.06 00:30:14.230,1.05375,1.05441
2013.03.06 00:30:14.626,1.05375,1.05441
2013.03.06 00:30:14.881,1.0538,1.05446
2013.03.06 00:30:15.121,1.0538,1.05446
2013.03.06 00:30:15.481,1.0538,1.05434
2013.03.06 00:30:15.871,1.0538,1.05435
2013.03.06 00:30:16.110,1.05379,1.05435
2013.03.06 00:30:16.351,1.05385,1.05447
2013.03.06 00:30:16.411,1.0539,1.05447
2013.03.06 00:30:16.621,1.05391,1.05447
2013.03.06 00:30:17.072,1.05391,1.05454
2013.03.06 00:30:18.861,1.054,1.05455
2013.03.06 00:30:19.161,1.05402,1.05454
2013.03.06 00:30:19.402,1.05398,1.05455
2013.03.06 00:30:19.521,1.0541,1.05466
2013.03.06 00:30:20.122,1.05405,1.05459
2013.03.06 00:30:20.334,1.05421,1.05452
2013.03.06 00:30:21.062,1.05425,1.05456
2013.03.06 00:30:21.661,1.05419,1.05466
2013.03.06 00:30:22.082,1.05422,1.05466
2013.03.06 00:30:22.441,1.05428,1.05479
2013.03.06 00:30:23.227,1.05432,1.05481
2013.03.06 00:30:23.301,1.05432,1.05483
2013.03.06 00:30:23.483,1.05432,1.05486
2013.03.06 00:30:23.661,1.05435,1.05478
2013.03.06 00:30:23.721,1.05435,1.05478
2013.03.06 00:30:24.083,1.05428,1.05482
2013.03.06 00:30:24.892,1.05436,1.05494
2013.03.06 00:30:25.014,1.0545,1.05485
2013.03.06 00:30:25.073,1.05445,1.05484
2013.03.06 00:30:25.134,1.05443,1.05484
2013.03.06 00:30:25.263,1.0544,1.05481
2013.03.06 00:30:25.443,1.05443,1.05484
2013.03.06 00:30:25.622,1.05438,1.05479
2013.03.06 00:30:25.682,1.05435,1.05479
2013.03.06 00:30:25.862,1.05434,1.05478
2013.03.06 00:30:26.383,1.05436,1.05477
2013.03.06 00:30:26.964,1.05441,1.05478
2013.03.06 00:30:27.272,1.05457,1.0549
2013.03.06 00:30:27.332,1.05457,1.05493
2013.03.06 00:30:27.633,1.05456,1.05493
2013.03.06 00:30:28.172,1.05454,1.0549
2013.03.06 00:30:28.541,1.05451,1.05489
2013.03.06 00:30:28.672,1.05453,1.05489
2013.03.06 00:30:28.793,1.05451,1.05489
2013.03.06 00:30:29.092,1.05451,1.05486
2013.03.06 00:30:29.214,1.05451,1.05491
2013.03.06 00:30:29.282,1.05451,1.05491
2013.03.06 00:30:29.583,1.05451,1.05488
2013.03.06 00:30:29.713,1.05445,1.05483
2013.03.06 00:30:29.772,1.05445,1.05483
2013.03.06 00:30:30.012,1.05442,1.0548
2013.03.06 00:30:30.628,1.05447,1.05483
2013.03.06 00:30:30.697,1.05447,1.05484
2013.03.06 00:30:30.882,1.05447,1.05483
2013.03.06 00:30:31.003,1.05442,1.05479
2013.03.06 00:30:31.192,1.05442,1.05481
2013.03.06 00:30:31.682,1.05446,1.05483
2013.03.06 00:30:31.802,1.05449,1.05489
2013.03.06 00:30:32.120,1.05446,1.05487
2013.03.06 00:30:32.190,1.05446,1.05483
2013.03.06 00:30:32.683,1.05446,1.05486
2013.03.06 00:30:32.743,1.05451,1.05488
2013.03.06 00:30:32.862,1.05453,1.05488
2013.03.06 00:30:33.051,1.05451,1.05486
2013.03.06 00:30:33.563,1.05452,1.05488
2013.03.06 00:30:33.823,1.05451,1.05486
2013.03.06 00:30:34.303,1.05445,1.0548
2013.03.06 00:30:34.752,1.05446,1.05482
2013.03.06 00:30:35.753,1.05446,1.0548
2013.03.06 00:30:35.812,1.05441,1.05478
2013.03.06 00:30:36.183,1.05437,1.05477
2013.03.06 00:30:36.249,1.05435,1.05473
2013.03.06 00:30:36.390,1.05437,1.05476
2013.03.06 00:30:36.693,1.05436,1.05473
2013.03.06 00:30:36.813,1.05441,1.05477
2013.03.06 00:30:36.952,1.05441,1.05477
2013.03.06 00:30:37.132,1.05441,1.05478
2013.03.06 00:30:37.314,1.05445,1.0548
2013.03.06 00:30:37.374,1.05445,1.05472
2013.03.06 00:30:38.613,1.05444,1.05472
2013.03.06 00:30:39.252,1.05444,1.05472
2013.03.06 00:30:39.794,1.05443,1.05472
2013.03.06 00:30:40.474,1.05441,1.05471
2013.03.06 00:30:40.652,1.05441,1.05471
2013.03.06 00:30:40.832,1.05435,1.05466
2013.03.06 00:30:41.023,1.05431,1.05462
2013.03.06 00:30:41.324,1.05429,1.05454
2013.03.06 00:30:41.453,1.05423,1.0545
2013.03.06 00:30:41.693,1.05423,1.05447
2013.03.06 00:30:42.023,1.05423,1.05445
2013.03.06 00:30:42.382,1.05418,1.05445
2013.03.06 00:30:42.642,1.05421,1.05445
2013.03.06 00:30:42.702,1.05424,1.05454
2013.03.06 00:30:42.883,1.05426,1.05454
2013.03.06 00:30:43.194,1.05427,1.05453
2013.03.06 00:30:43.263,1.05422,1.05452
2013.03.06 00:30:43.443,1.05427,1.05454
2013.03.06 00:30:43.564,1.05427,1.05451
2013.03.06 00:30:43.623,1.05429,1.05451
2013.03.06 00:30:43.745,1.05429,1.05457
2013.03.06 00:30:43.813,1.05433,1.0546
2013.03.06 00:30:44.172,1.05433,1.05459
2013.03.06 00:30:44.233,1.05433,1.05463
2013.03.06 00:30:44.414,1.05433,1.05463
2013.03.06 00:30:45.163,1.05435,1.05464
2013.03.06 00:30:45.222,1.05436,1.05464
2013.03.06 00:30:45.426,1.0544,1.05464
2013.03.06 00:30:45.554,1.05442,1.05468
2013.03.06 00:30:45.613,1.05443,1.05468
2013.03.06 00:30:45.973,1.05444,1.05471
2013.03.06 00:30:46.273,1.05446,1.05472
2013.03.06 00:30:46.413,1.05444,1.05472
2013.03.06 00:30:46.532,1.05442,1.05469
2013.03.06 00:30:46.594,1.0544,1.05469
2013.03.06 00:30:46.714,1.0544,1.05469
2013.03.06 00:30:47.388,1.05444,1.05471
2013.03.06 00:30:50.112,1.05445,1.05473
2013.03.06 00:30:51.095,1.05447,1.05475
2013.03.06 00:30:51.602,1.05445,1.05473
2013.03.06 00:30:51.814,1.05447,1.05475
2013.03.06 00:30:52.862,1.05443,1.05471
2013.03.06 00:30:53.163,1.05444,1.05471
2013.03.06 00:30:53.524,1.05445,1.05475
2013.03.06 00:30:54.143,1.05444,1.05475
2013.03.06 00:30:54.271,1.05442,1.05472
2013.03.06 00:30:54.573,1.05446,1.05475
2013.03.06 00:30:54.833,1.05443,1.05473
2013.03.06 00:30:55.013,1.0544,1.05469
2013.03.06 00:30:55.558,1.0544,1.05469
2013.03.06 00:30:55.743,1.05445,1.05472
2013.03.06 00:30:55.922,1.05442,1.0547
2013.03.06 00:30:56.043,1.05441,1.0547
2013.03.06 00:30:56.169,1.0544,1.0547
2013.03.06 00:30:56.353,1.0544,1.0547
2013.03.06 00:30:56.413,1.05438,1.05465
2013.03.06 00:30:56.653,1.0543,1.05458
2013.03.06 00:30:56.715,1.05431,1.0546
2013.03.06 00:30:56.903,1.05432,1.0546
2013.03.06 00:30:57.924,1.05438,1.05466
2013.03.06 00:30:58.053,1.05441,1.05469
2013.03.06 00:31:00.013,1.05441,1.05468
2013.03.06 00:31:00.533,1.0544,1.05467
2013.03.06 00:31:01.043,1.05438,1.05465
2013.03.06 00:31:01.353,1.05434,1.05461
2013.03.06 00:31:02.115,1.05432,1.0546
2013.03.06 00:31:02.713,1.05435,1.05463
2013.03.06 00:31:03.015,1.05432,1.05459
2013.03.06 00:31:05.036,1.05432,1.05458
2013.03.06 00:31:06.593,1.05428,1.05457
2013.03.06 00:31:06.773,1.05428,1.05453
2013.03.06 00:31:07.262,1.05428,1.05457
2013.03.06 00:31:07.503,1.05428,1.05454
2013.03.06 00:31:07.842,1.05428,1.05454
2013.03.06 00:31:09.973,1.05423,1.05451
2013.03.06 00:31:10.093,1.05423,1.05451
2013.03.06 00:31:10.752,1.05423,1.05452
2013.03.06 00:31:11.260,1.05424,1.05452
2013.03.06 00:31:11.753,1.05427,1.05453
2013.03.06 00:31:20.084,1.05425,1.05451
2013.03.06 00:31:20.143,1.05424,1.05451
2013.03.06 00:31:20.203,1.05423,1.0545
2013.03.06 00:31:20.384,1.05423,1.0545
2013.03.06 00:31:20.744,1.05423,1.0545
2013.03.06 00:31:21.284,1.05423,1.0545
2013.03.06 00:31:21.903,1.05424,1.0545
2013.03.06 00:31:21.965,1.05424,1.0545
2013.03.06 00:31:22.153,1.05423,1.0545
2013.03.06 00:31:25.054,1.05425,1.05452
2013.03.06 00:31:25.253,1.05428,1.05457
2013.03.06 00:31:27.533,1.05426,1.05455
2013.03.06 00:31:31.307,1.05429,1.05455
2013.03.06 00:31:31.373,1.05429,1.05455
2013.03.06 00:31:34.894,1.05426,1.05455
2013.03.06 00:31:34.953,1.05426,1.05455
2013.03.06 00:31:38.683,1.05427,1.05453
2013.03.06 00:31:38.743,1.05429,1.05456
2013.03.06 00:31:39.303,1.05429,1.05456
2013.03.06 00:31:39.753,1.05434,1.05462
2013.03.06 00:31:40.626,1.05437,1.05464
2013.03.06 00:31:40.754,1.05441,1.05469
2013.03.06 00:31:40.934,1.05445,1.05472
2013.03.06 00:31:41.290,1.05448,1.05469
2013.03.06 00:31:41.413,1.05445,1.05469
2013.03.06 00:31:41.833,1.05448,1.05474
2013.03.06 00:31:41.953,1.0545,1.05476
2013.03.06 00:31:43.446,1.05452,1.05479
2013.03.06 00:31:43.693,1.05458,1.05486
2013.03.06 00:31:44.403,1.05457,1.05486
2013.03.06 00:31:44.583,1.05456,1.05484
2013.03.06 00:31:44.885,1.05456,1.0548
2013.03.06 00:31:45.825,1.05454,1.05482
2013.03.06 00:31:45.943,1.05454,1.05482
2013.03.06 00:31:46.402,1.05459,1.05485
2013.03.06 00:31:46.536,1.05453,1.0548
2013.03.06 00:31:46.665,1.05454,1.0548
2013.03.06 00:31:46.997,1.05456,1.0548
2013.03.06 00:31:47.306,1.05456,1.05481
2013.03.06 00:31:47.376,1.05456,1.0548
2013.03.06 00:31:47.683,1.05456,1.05481
2013.03.06 00:31:47.744,1.05456,1.05481
2013.03.06 00:31:47.924,1.05461,1.05487
2013.03.06 00:31:47.994,1.05464,1.05489
2013.03.06 00:31:48.055,1.05466,1.05489
2013.03.06 00:31:48.124,1.05461,1.05489
2013.03.06 00:31:48.985,1.05461,1.05484
2013.03.06 00:31:49.174,1.05461,1.05489
2013.03.06 00:31:49.424,1.05462,1.05488
2013.03.06 00:31:49.662,1.05462,1.0549
2013.03.06 00:31:49.973,1.05461,1.05486
2013.03.06 00:31:50.155,1.05459,1.05486
2013.03.06 00:31:50.215,1.05459,1.05486
2013.03.06 00:31:50.344,1.05459,1.05486
2013.03.06 00:31:50.524,1.05463,1.05491
2013.03.06 00:31:51.734,1.05465,1.05493
2013.03.06 00:31:52.824,1.05466,1.05493
2013.03.06 00:31:53.203,1.05463,1.05492
2013.03.06 00:31:53.710,1.05464,1.05492
2013.03.06 00:31:54.405,1.05471,1.05496
2013.03.06 00:31:54.771,1.05466,1.05493
2013.03.06 00:31:54.834,1.05466,1.05495
2013.03.06 00:31:55.368,1.05472,1.05498
2013.03.06 00:31:55.435,1.05468,1.05494
2013.03.06 00:31:55.743,1.05466,1.05494
2013.03.06 00:31:56.734,1.05469,1.05494
2013.03.06 00:31:56.793,1.05469,1.05494
2013.03.06 00:31:57.153,1.05474,1.05499
2013.03.06 00:31:57.454,1.05476,1.05503
2013.03.06 00:31:57.784,1.05474,1.05503
2013.03.06 00:32:00.853,1.05475,1.05503
2013.03.06 00:32:00.912,1.05475,1.05503
2013.03.06 00:32:00.974,1.05478,1.05504
2013.03.06 00:32:01.333,1.05479,1.05504
2013.03.06 00:32:02.283,1.05478,1.05502
2013.03.06 00:32:02.693,1.05475,1.05499
2013.03.06 00:32:03.004,1.05475,1.05496
2013.03.06 00:32:03.143,1.05475,1.05498
2013.03.06 00:32:03.364,1.05475,1.05494
2013.03.06 00:32:03.484,1.05471,1.05494
2013.03.06 00:32:03.553,1.0547,1.05494
2013.03.06 00:32:03.613,1.0547,1.05492
2013.03.06 00:32:03.675,1.05471,1.05494
2013.03.06 00:32:03.803,1.05471,1.05494
2013.03.06 00:32:04.132,1.05474,1.05497
2013.03.06 00:32:04.194,1.05472,1.05497
2013.03.06 00:32:04.258,1.05471,1.05497
2013.03.06 00:32:04.515,1.05469,1.05493
2013.03.06 00:32:04.643,1.05468,1.05493
2013.03.06 00:32:04.823,1.05468,1.05492
2013.03.06 00:32:05.184,1.05468,1.05493
2013.03.06 00:32:06.732,1.05467,1.05492
2013.03.06 00:32:08.436,1.05467,1.05492
2013.03.06 00:32:08.781,1.05468,1.05492
2013.03.06 00:32:09.406,1.05464,1.05489
2013.03.06 00:32:09.742,1.05463,1.05487
2013.03.06 00:32:11.105,1.05464,1.05487
2013.03.06 00:32:11.624,1.05464,1.05488
2013.03.06 00:32:11.992,1.05461,1.05486
2013.03.06 00:32:12.197,1.05464,1.05488
2013.03.06 00:32:13.523,1.05462,1.05487
2013.03.06 00:32:13.723,1.05461,1.05484
2013.03.06 00:32:14.037,1.05461,1.05484
2013.03.06 00:32:15.363,1.0546,1.05482
2013.03.06 00:32:15.424,1.05459,1.05474
2013.03.06 00:32:15.547,1.05453,1.05474
2013.03.06 00:32:15.674,1.05455,1.05476
2013.03.06 00:32:15.983,1.05453,1.0547
2013.03.06 00:32:16.103,1.05449,1.0547
2013.03.06 00:32:18.601,1.05449,1.0547
2013.03.06 00:32:18.663,1.05451,1.05475
2013.03.06 00:32:19.889,1.05454,1.05476
2013.03.06 00:32:20.074,1.05456,1.0548
2013.03.06 00:32:20.603,1.05457,1.05481
2013.03.06 00:32:22.593,1.0546,1.05483
2013.03.06 00:32:24.158,1.05459,1.05482
2013.03.06 00:32:25.394,1.0546,1.05483
2013.03.06 00:32:26.484,1.05458,1.05481
2013.03.06 00:32:30.254,1.05458,1.05481
2013.03.06 00:32:30.562,1.05467,1.05488
2013.03.06 00:32:30.625,1.05461,1.05487
2013.03.06 00:32:30.933,1.05463,1.05489
2013.03.06 00:32:30.994,1.05463,1.05489
2013.03.06 00:32:31.503,1.05465,1.05489
2013.03.06 00:32:31.723,1.05463,1.05487
2013.03.06 00:32:31.933,1.05463,1.05486
2013.03.06 00:32:32.264,1.0546,1.05484
2013.03.06 00:32:35.534,1.05456,1.05482
2013.03.06 00:32:37.393,1.05456,1.05481
2013.03.06 00:32:37.704,1.05456,1.05478
2013.03.06 00:32:41.443,1.05453,1.05478
2013.03.06 00:32:42.556,1.05454,1.05478
2013.03.06 00:32:42.624,1.05454,1.05478
2013.03.06 00:32:42.744,1.0546,1.05482
2013.03.06 00:32:42.923,1.05457,1.05481
2013.03.06 00:32:42.983,1.05452,1.05474
2013.03.06 00:32:43.164,1.05452,1.05471
2013.03.06 00:32:43.483,1.05447,1.0547
2013.03.06 00:32:43.543,1.05447,1.0547
2013.03.06 00:32:44.051,1.05445,1.05468
2013.03.06 00:32:44.773,1.05444,1.05467
2013.03.06 00:32:45.752,1.05446,1.0547
2013.03.06 00:32:45.914,1.05443,1.05467
2013.03.06 00:32:51.594,1.05443,1.05466
2013.03.06 00:32:51.716,1.05444,1.05469
2013.03.06 00:32:57.174,1.05445,1.05468
2013.03.06 00:32:57.243,1.05447,1.0547
2013.03.06 00:32:57.644,1.05447,1.0547
2013.03.06 00:32:57.763,1.05444,1.05468
2013.03.06 00:32:58.023,1.05446,1.05469
2013.03.06 00:32:58.523,1.05446,1.0547
2013.03.06 00:32:58.582,1.0545,1.05473
2013.03.06 00:32:59.132,1.0545,1.05474
2013.03.06 00:32:59.607,1.0545,1.05473
2013.03.06 00:32:59.672,1.05447,1.05471
2013.03.06 00:32:59.733,1.05447,1.05471
2013.03.06 00:32:59.972,1.05447,1.05472
2013.03.06 00:33:00.173,1.05447,1.05471
2013.03.06 00:33:01.063,1.05446,1.05469
2013.03.06 00:33:01.623,1.05445,1.05465
2013.03.06 00:33:01.683,1.05438,1.05462
2013.03.06 00:33:01.863,1.05437,1.05462
2013.03.06 00:33:02.003,1.05439,1.05463
2013.03.06 00:33:03.303,1.0544,1.05465
2013.03.06 00:33:03.485,1.05442,1.05467
2013.03.06 00:33:06.523,1.05441,1.05464
2013.03.06 00:33:07.566,1.0544,1.05465
2013.03.06 00:33:09.232,1.0544,1.05463
2013.03.06 00:33:10.583,1.0544,1.05462
2013.03.06 00:33:11.132,1.05439,1.05462
2013.03.06 00:33:12.133,1.0544,1.05463
2013.03.06 00:33:12.195,1.05442,1.05466
2013.03.06 00:33:12.322,1.05443,1.05466
2013.03.06 00:33:12.943,1.0544,1.05464
2013.03.06 00:33:14.004,1.0544,1.05465
2013.03.06 00:33:17.367,1.0544,1.05464
2013.03.06 00:33:17.433,1.05439,1.05463
2013.03.06 00:33:17.853,1.0544,1.05463
2013.03.06 00:33:17.913,1.05444,1.05467
2013.03.06 00:33:23.203,1.05444,1.05467
2013.03.06 00:33:24.124,1.05444,1.05467
2013.03.06 00:33:24.183,1.05448,1.05471
2013.03.06 00:33:24.303,1.05447,1.05471
2013.03.06 00:33:25.065,1.05448,1.05471
2013.03.06 00:33:25.541,1.05451,1.05473
2013.03.06 00:33:26.923,1.05453,1.05476
2013.03.06 00:33:32.083,1.05451,1.05475
2013.03.06 00:33:35.023,1.05451,1.05476
2013.03.06 00:33:38.815,1.05451,1.05475
2013.03.06 00:33:38.944,1.05447,1.05468
2013.03.06 00:33:39.445,1.05446,1.05469
2013.03.06 00:33:39.586,1.05446,1.05469
2013.03.06 00:33:39.653,1.05447,1.05471
2013.03.06 00:33:41.043,1.0545,1.05474
2013.03.06 00:33:41.571,1.0545,1.05474
2013.03.06 00:33:41.635,1.05455,1.05477
2013.03.06 00:33:44.964,1.05455,1.05477
2013.03.06 00:33:45.663,1.05455,1.05478
2013.03.06 00:33:46.075,1.05455,1.05478
2013.03.06 00:33:46.262,1.05455,1.05478
2013.03.06 00:33:48.253,1.05456,1.05479
2013.03.06 00:33:48.553,1.05456,1.05478
2013.03.06 00:33:59.112,1.05455,1.05473
2013.03.06 00:33:59.173,1.05453,1.05473
2013.03.06 00:33:59.234,1.0545,1.05473
2013.03.06 00:33:59.860,1.05449,1.05472
2013.03.06 00:34:00.643,1.05448,1.05471
2013.03.06 00:34:02.569,1.05449,1.05472
2013.03.06 00:34:06.423,1.05449,1.05473
2013.03.06 00:34:06.783,1.05448,1.05471
2013.03.06 00:34:08.590,1.05449,1.05471
2013.03.06 00:34:08.774,1.05442,1.05468
2013.03.06 00:34:08.894,1.05442,1.05465
2013.03.06 00:34:09.215,1.05443,1.05467
2013.03.06 00:34:09.604,1.05442,1.05463
2013.03.06 00:34:10.513,1.05441,1.05462
2013.03.06 00:34:13.313,1.05442,1.05462
2013.03.06 00:34:13.527,1.05442,1.05465
2013.03.06 00:34:13.893,1.05445,1.0547
2013.03.06 00:34:14.133,1.05445,1.05469
2013.03.06 00:34:15.763,1.05447,1.05466
2013.03.06 00:34:16.123,1.05454,1.05474
2013.03.06 00:34:18.729,1.05454,1.05475
2013.03.06 00:34:22.153,1.05458,1.05481
2013.03.06 00:34:22.735,1.05463,1.05486
2013.03.06 00:34:24.834,1.05462,1.05485
2013.03.06 00:34:24.893,1.05461,1.05484
2013.03.06 00:34:26.164,1.05459,1.05484
2013.03.06 00:34:43.884,1.05457,1.05479
2013.03.06 00:34:43.958,1.05454,1.05477
2013.03.06 00:34:44.453,1.05451,1.05475
2013.03.06 00:34:44.633,1.05448,1.0547
2013.03.06 00:34:44.755,1.05452,1.05474
2013.03.06 00:34:45.303,1.05451,1.05474
2013.03.06 00:34:45.901,1.05449,1.05473
2013.03.06 00:34:46.313,1.05452,1.05475
2013.03.06 00:34:46.751,1.05455,1.0548
2013.03.06 00:34:49.549,1.05456,1.0548
2013.03.06 00:34:55.193,1.05456,1.05479
2013.03.06 00:34:57.003,1.05458,1.0548
2013.03.06 00:35:02.324,1.05458,1.05481
2013.03.06 00:35:03.013,1.05462,1.05485
2013.03.06 00:35:06.002,1.05459,1.05484
2013.03.06 00:35:09.243,1.05462,1.05485
2013.03.06 00:35:09.363,1.05462,1.05485
2013.03.06 00:35:09.723,1.05466,1.05487
2013.03.06 00:35:10.663,1.05466,1.05488
2013.03.06 00:35:11.280,1.05466,1.05489
2013.03.06 00:35:12.355,1.05466,1.05489
2013.03.06 00:35:12.475,1.05471,1.05494
2013.03.06 00:35:12.534,1.05474,1.05497
2013.03.06 00:35:12.593,1.05474,1.05497
2013.03.06 00:35:17.063,1.05471,1.05495
2013.03.06 00:35:17.323,1.05476,1.05499
2013.03.06 00:35:17.623,1.05476,1.05499
2013.03.06 00:35:17.684,1.0548,1.05504
2013.03.06 00:35:17.745,1.0548,1.05504
2013.03.06 00:35:18.093,1.0548,1.05504
2013.03.06 00:35:18.414,1.05479,1.05504
2013.03.06 00:35:18.533,1.05479,1.05504
2013.03.06 00:35:19.198,1.05479,1.05503
2013.03.06 00:35:20.137,1.05479,1.05503
2013.03.06 00:35:20.883,1.05482,1.05506
2013.03.06 00:35:22.064,1.05484,1.05507
2013.03.06 00:35:22.248,1.05489,1.0551
2013.03.06 00:35:22.494,1.05489,1.0551
2013.03.06 00:35:22.675,1.05484,1.05509
2013.03.06 00:35:22.926,1.05481,1.05505
2013.03.06 00:35:24.205,1.05482,1.05503
2013.03.06 00:35:24.717,1.05479,1.05503
2013.03.06 00:35:26.659,1.05479,1.05503
2013.03.06 00:35:27.303,1.0548,1.05504
2013.03.06 00:35:29.564,1.0548,1.05504
2013.03.06 00:35:29.744,1.05477,1.055
2013.03.06 00:35:30.516,1.05478,1.05502
2013.03.06 00:35:31.393,1.05477,1.05498
2013.03.06 00:35:31.544,1.05478,1.05499
2013.03.06 00:35:31.783,1.05483,1.05507
2013.03.06 00:35:31.904,1.05492,1.0551
2013.03.06 00:35:31.965,1.05492,1.05512
2013.03.06 00:35:32.036,1.05485,1.05509
2013.03.06 00:35:32.226,1.05491,1.05513
2013.03.06 00:35:32.293,1.0549,1.05511
2013.03.06 00:35:32.413,1.0549,1.05511
2013.03.06 00:35:33.224,1.05493,1.05513
2013.03.06 00:35:33.523,1.05494,1.05515
2013.03.06 00:35:34.193,1.05494,1.05513
2013.03.06 00:35:37.523,1.0549,1.05511
2013.03.06 00:35:37.885,1.05487,1.0551
2013.03.06 00:35:37.953,1.05485,1.05508
2013.03.06 00:35:38.434,1.05485,1.05506
2013.03.06 00:35:38.982,1.05481,1.05505
2013.03.06 00:35:40.153,1.05483,1.05506
2013.03.06 00:35:40.334,1.05487,1.05511
2013.03.06 00:35:41.743,1.05487,1.05511
2013.03.06 00:35:41.863,1.05487,1.05511
2013.03.06 00:35:51.463,1.05492,1.05513
2013.03.06 00:35:52.240,1.05492,1.05513
2013.03.06 00:35:52.894,1.05492,1.05516
2013.03.06 00:35:57.603,1.05496,1.05517
2013.03.06 00:35:57.724,1.05499,1.05517
2013.03.06 00:35:57.843,1.05501,1.05524
2013.03.06 00:35:58.827,1.05497,1.05522
2013.03.06 00:35:59.154,1.05489,1.05508
2013.03.06 00:35:59.213,1.05486,1.05508
2013.03.06 00:36:01.353,1.05486,1.05506
2013.03.06 00:36:01.475,1.05481,1.05503
2013.03.06 00:36:01.544,1.05478,1.05502
2013.03.06 00:36:01.673,1.05478,1.05503
2013.03.06 00:36:02.103,1.05478,1.05502
2013.03.06 00:36:02.226,1.05474,1.05498
2013.03.06 00:36:02.294,1.05473,1.05498
2013.03.06 00:36:03.116,1.05474,1.05498
2013.03.06 00:36:03.243,1.05474,1.05498
2013.03.06 00:36:03.777,1.05477,1.055
2013.03.06 00:36:04.083,1.05479,1.05501
2013.03.06 00:36:04.265,1.0548,1.05504
2013.03.06 00:36:04.843,1.05483,1.05505
2013.03.06 00:36:04.903,1.05481,1.05503
2013.03.06 00:36:04.963,1.05479,1.05503
2013.03.06 00:36:05.594,1.05479,1.05503
2013.03.06 00:36:05.714,1.05479,1.05503
2013.03.06 00:36:21.624,1.05479,1.05499
2013.03.06 00:36:24.923,1.05477,1.05498
2013.03.06 00:36:26.754,1.05474,1.05495
2013.03.06 00:36:26.814,1.05472,1.05494
2013.03.06 00:36:26.933,1.05472,1.05494
2013.03.06 00:36:27.486,1.05472,1.0549
2013.03.06 00:36:29.554,1.05472,1.05492
2013.03.06 00:36:30.013,1.05472,1.05492
2013.03.06 00:36:30.863,1.05474,1.05493
2013.03.06 00:36:31.043,1.05474,1.05493
2013.03.06 00:36:32.773,1.0548,1.05502
2013.03.06 00:36:33.386,1.05482,1.05505
2013.03.06 00:36:35.699,1.05483,1.05506
2013.03.06 00:36:43.144,1.05482,1.05506
2013.03.06 00:36:43.333,1.05482,1.05506
2013.03.06 00:36:43.453,1.05487,1.05509
2013.03.06 00:36:49.374,1.05489,1.05511
2013.03.06 00:36:49.493,1.05491,1.05511
2013.03.06 00:36:50.560,1.05491,1.05511
2013.03.06 00:36:51.288,1.05491,1.05511
2013.03.06 00:36:56.592,1.05489,1.05511
2013.03.06 00:36:56.773,1.05489,1.05511
2013.03.06 00:36:58.684,1.05492,1.05511
2013.03.06 00:36:58.985,1.05489,1.05511
2013.03.06 00:36:59.564,1.05492,1.05511
2013.03.06 00:36:59.686,1.05492,1.05516
2013.03.06 00:36:59.754,1.05492,1.05516
2013.03.06 00:37:11.675,1.05489,1.05512
2013.03.06 00:37:11.736,1.05488,1.05512
2013.03.06 00:37:11.984,1.05485,1.05508
2013.03.06 00:37:20.124,1.05481,1.05501
2013.03.06 00:37:20.244,1.05477,1.055
2013.03.06 00:37:21.824,1.05476,1.05498
2013.03.06 00:37:22.877,1.05476,1.05496
2013.03.06 00:37:24.664,1.05473,1.05496
2013.03.06 00:37:25.024,1.05473,1.05494
2013.03.06 00:37:25.429,1.05473,1.05496
2013.03.06 00:37:29.593,1.05473,1.05496
2013.03.06 00:37:29.653,1.05473,1.05494
2013.03.06 00:37:29.715,1.05471,1.05494
2013.03.06 00:37:29.893,1.05473,1.05496
2013.03.06 00:37:30.014,1.05473,1.05496
2013.03.06 00:37:30.074,1.05473,1.05497
2013.03.06 00:37:30.194,1.05476,1.05498
2013.03.06 00:37:30.314,1.05484,1.05501
2013.03.06 00:37:30.435,1.05484,1.05504
2013.03.06 00:37:30.554,1.05487,1.05508
2013.03.06 00:37:30.614,1.05489,1.05509
2013.03.06 00:37:30.685,1.05485,1.05509
2013.03.06 00:37:30.803,1.05489,1.05511
2013.03.06 00:37:30.924,1.05489,1.05511
2013.03.06 00:37:35.025,1.05492,1.05514
2013.03.06 00:37:35.325,1.05496,1.05515
2013.03.06 00:37:35.873,1.05492,1.05514
2013.03.06 00:37:35.933,1.0549,1.05514
2013.03.06 00:37:36.355,1.0549,1.05513
2013.03.06 00:37:36.674,1.05492,1.05514
2013.03.06 00:37:38.413,1.05492,1.05515
2013.03.06 00:37:38.534,1.05493,1.05518
2013.03.06 00:37:41.362,1.05493,1.05517
2013.03.06 00:37:41.730,1.05492,1.05514
2013.03.06 00:37:44.178,1.0549,1.05513
2013.03.06 00:37:50.294,1.05489,1.05508
2013.03.06 00:37:50.475,1.05483,1.05505
2013.03.06 00:37:50.714,1.05487,1.05508
2013.03.06 00:37:50.773,1.05488,1.05508
2013.03.06 00:37:50.893,1.05491,1.05513
2013.03.06 00:37:51.538,1.05491,1.05513
2013.03.06 00:37:52.791,1.05491,1.05513
2013.03.06 00:37:52.914,1.05493,1.05517
2013.03.06 00:37:53.154,1.05493,1.05517
2013.03.06 00:38:01.123,1.0549,1.05513
2013.03.06 00:38:01.723,1.05492,1.05515
2013.03.06 00:38:01.783,1.05492,1.05515
2013.03.06 00:38:03.134,1.05494,1.05517
2013.03.06 00:38:03.673,1.05491,1.05515
2013.03.06 00:38:03.733,1.05491,1.05515
2013.03.06 00:38:03.975,1.05491,1.05515
2013.03.06 00:38:04.103,1.05491,1.05515
2013.03.06 00:38:04.651,1.05491,1.05511
2013.03.06 00:38:05.072,1.05491,1.05511
2013.03.06 00:38:05.196,1.05491,1.05515
2013.03.06 00:38:05.323,1.05492,1.05516
2013.03.06 00:38:05.793,1.05492,1.05516
2013.03.06 00:38:06.781,1.05492,1.05516
2013.03.06 00:38:10.753,1.05496,1.05519
2013.03.06 00:38:10.812,1.05496,1.05519
2013.03.06 00:38:10.995,1.05496,1.05519
2013.03.06 00:38:12.783,1.05499,1.05521
2013.03.06 00:38:13.303,1.05496,1.05521
2013.03.06 00:38:14.435,1.05495,1.05518
2013.03.06 00:38:16.194,1.05495,1.05518
2013.03.06 00:38:16.313,1.05496,1.05519
2013.03.06 00:38:16.854,1.05496,1.05519
2013.03.06 00:38:17.203,1.05501,1.05522
2013.03.06 00:38:17.324,1.05501,1.05522
2013.03.06 00:38:17.504,1.05504,1.05522
2013.03.06 00:38:18.732,1.05504,1.05527
2013.03.06 00:38:19.317,1.05505,1.05528
2013.03.06 00:38:20.234,1.05508,1.05529
2013.03.06 00:38:25.364,1.05509,1.05528
2013.03.06 00:38:25.673,1.05512,1.05528
2013.03.06 00:38:25.804,1.05516,1.05534
2013.03.06 00:38:25.923,1.05515,1.05534
2013.03.06 00:38:26.443,1.05518,1.05534
2013.03.06 00:38:26.503,1.05518,1.05534
2013.03.06 00:38:27.537,1.05517,1.05534
2013.03.06 00:38:27.608,1.05517,1.05537
2013.03.06 00:38:28.143,1.05515,1.05538
2013.03.06 00:38:28.339,1.05515,1.05537
2013.03.06 00:38:28.463,1.05514,1.05537
2013.03.06 00:38:30.814,1.05513,1.05537
2013.03.06 00:38:31.221,1.05511,1.05533
2013.03.06 00:38:34.023,1.05514,1.05537
2013.03.06 00:38:34.084,1.05514,1.05537
2013.03.06 00:38:34.213,1.05515,1.05537
2013.03.06 00:38:35.084,1.05514,1.05537
2013.03.06 00:38:35.203,1.05511,1.05534
2013.03.06 00:38:35.653,1.05511,1.05534
2013.03.06 00:38:36.093,1.05511,1.05534
2013.03.06 00:38:36.213,1.0551,1.05531
2013.03.06 00:38:36.514,1.05507,1.05524
2013.03.06 00:38:36.634,1.05503,1.05524
2013.03.06 00:38:37.424,1.05502,1.05525
2013.03.06 00:38:37.545,1.0551,1.05528
2013.03.06 00:38:37.664,1.0551,1.05532
2013.03.06 00:38:37.724,1.0551,1.05532
2013.03.06 00:38:38.634,1.0551,1.05532
2013.03.06 00:38:39.414,1.05509,1.05529
2013.03.06 00:38:41.115,1.05507,1.05529
2013.03.06 00:38:41.924,1.05507,1.05529
2013.03.06 00:38:42.044,1.05508,1.05531
2013.03.06 00:38:42.561,1.05508,1.05531
2013.03.06 00:38:42.902,1.05514,1.05533
2013.03.06 00:38:43.789,1.05516,1.05533
2013.03.06 00:38:44.214,1.05516,1.05538
2013.03.06 00:38:44.335,1.05515,1.05537
2013.03.06 00:38:44.694,1.05511,1.05536
2013.03.06 00:38:45.465,1.05511,1.05534
2013.03.06 00:38:49.408,1.05511,1.05533
2013.03.06 00:38:49.605,1.05518,1.05533
2013.03.06 00:38:49.724,1.05513,1.05533
2013.03.06 00:38:50.914,1.05511,1.05533
2013.03.06 00:38:50.974,1.05511,1.05532
2013.03.06 00:38:51.153,1.05511,1.05529
2013.03.06 00:38:51.214,1.05512,1.05529
2013.03.06 00:38:54.595,1.05515,1.05535
2013.03.06 00:38:55.294,1.05515,1.05537
2013.03.06 00:38:55.554,1.05513,1.05532
2013.03.06 00:38:56.324,1.05512,1.05532
2013.03.06 00:38:56.507,1.05509,1.05529
2013.03.06 00:39:00.264,1.05513,1.05533
2013.03.06 00:39:00.623,1.05514,1.05536
2013.03.06 00:39:00.684,1.05516,1.05536
2013.03.06 00:39:01.196,1.0552,1.05537
2013.03.06 00:39:02.616,1.05519,1.05537
2013.03.06 00:39:02.685,1.05522,1.05537
2013.03.06 00:39:02.934,1.05522,1.05545
2013.03.06 00:39:02.993,1.05522,1.0554
2013.03.06 00:39:04.065,1.05522,1.0554
2013.03.06 00:39:04.186,1.05523,1.05542
2013.03.06 00:39:04.313,1.05522,1.05542
2013.03.06 00:39:04.465,1.05519,1.0554
2013.03.06 00:39:04.861,1.05519,1.0554
2013.03.06 00:39:04.924,1.05519,1.05541
2013.03.06 00:39:05.103,1.05519,1.05541
2013.03.06 00:39:05.163,1.05519,1.05541
2013.03.06 00:39:13.363,1.05516,1.05538
2013.03.06 00:39:13.484,1.05512,1.05535
2013.03.06 00:39:13.937,1.05508,1.0553
2013.03.06 00:39:17.084,1.05502,1.05524
2013.03.06 00:39:17.324,1.05502,1.05523
2013.03.06 00:39:17.635,1.05501,1.05521
2013.03.06 00:39:20.441,1.05502,1.0552
2013.03.06 00:39:20.515,1.05501,1.05523
2013.03.06 00:39:20.588,1.05502,1.05526
2013.03.06 00:39:20.853,1.05504,1.05526
2013.03.06 00:39:29.354,1.05504,1.05522
2013.03.06 00:39:35.183,1.05504,1.05526
2013.03.06 00:39:40.913,1.055,1.05524
2013.03.06 00:39:40.974,1.055,1.05521
2013.03.06 00:39:41.153,1.055,1.05521
2013.03.06 00:39:41.214,1.055,1.0552
2013.03.06 00:39:45.289,1.05495,1.05517
2013.03.06 00:39:45.484,1.05493,1.05514
2013.03.06 00:39:46.062,1.05491,1.05514
2013.03.06 00:39:46.254,1.0549,1.05511
2013.03.06 00:39:46.834,1.0549,1.05511
2013.03.06 00:39:46.916,1.0549,1.05511
2013.03.06 00:39:47.103,1.05491,1.05514
2013.03.06 00:39:47.164,1.05491,1.05514
2013.03.06 00:39:47.524,1.0549,1.05513
2013.03.06 00:39:48.059,1.05491,1.05514
2013.03.06 00:39:48.725,1.0549,1.05514
2013.03.06 00:39:49.415,1.0549,1.05511
2013.03.06 00:39:49.480,1.0549,1.05514
2013.03.06 00:39:49.954,1.05495,1.05517
2013.03.06 00:39:50.833,1.05494,1.05517
2013.03.06 00:39:50.994,1.05494,1.05515
2013.03.06 00:39:51.423,1.05495,1.05515
2013.03.06 00:39:51.504,1.05495,1.05515
2013.03.06 00:39:59.156,1.05494,1.05515
2013.03.06 00:39:59.284,1.05489,1.05511
2013.03.06 00:39:59.345,1.05489,1.05511
2013.03.06 00:39:59.463,1.0549,1.05515
2013.03.06 00:40:01.300,1.05492,1.05515
2013.03.06 00:40:01.485,1.05492,1.05513
2013.03.06 00:40:01.843,1.05491,1.05513
2013.03.06 00:40:02.894,1.05499,1.05519
2013.03.06 00:40:03.424,1.055,1.05523
2013.03.06 00:40:03.484,1.055,1.05523
2013.03.06 00:40:10.583,1.05499,1.05524
2013.03.06 00:40:10.706,1.05498,1.05521
2013.03.06 00:40:11.014,1.05498,1.05518
2013.03.06 00:40:13.093,1.05493,1.05516
2013.03.06 00:40:13.274,1.05498,1.05521
2013.03.06 00:40:13.334,1.05499,1.05522
2013.03.06 00:40:13.703,1.05497,1.05518
2013.03.06 00:40:14.134,1.05497,1.05519
2013.03.06 00:40:14.475,1.05495,1.05518
2013.03.06 00:40:15.432,1.05494,1.05517
2013.03.06 00:40:15.844,1.05492,1.05516
2013.03.06 00:40:16.023,1.05492,1.05516
2013.03.06 00:40:16.461,1.05494,1.05517
2013.03.06 00:40:17.433,1.05494,1.05515
2013.03.06 00:40:17.614,1.05492,1.05511
2013.03.06 00:40:17.733,1.05489,1.05511
2013.03.06 00:40:19.173,1.05489,1.05511
2013.03.06 00:40:19.294,1.05487,1.0551
2013.03.06 00:40:19.415,1.05489,1.05512
2013.03.06 00:40:19.856,1.05492,1.05513
2013.03.06 00:40:20.915,1.05494,1.05511
2013.03.06 00:40:22.107,1.05494,1.05514
2013.03.06 00:40:23.904,1.05498,1.05518
2013.03.06 00:40:24.265,1.05499,1.05521
2013.03.06 00:40:24.455,1.05499,1.05521
2013.03.06 00:40:25.374,1.05501,1.05526
2013.03.06 00:40:25.436,1.05501,1.05526
2013.03.06 00:40:25.624,1.05501,1.05526
2013.03.06 00:40:25.683,1.05501,1.05526
2013.03.06 00:40:26.555,1.05501,1.05521
2013.03.06 00:40:26.614,1.05501,1.05521
2013.03.06 00:40:26.674,1.05501,1.05524
2013.03.06 00:40:27.963,1.05501,1.05524
2013.03.06 00:40:28.685,1.05501,1.05524
2013.03.06 00:40:31.094,1.05502,1.05527
2013.03.06 00:40:31.154,1.055,1.05524
2013.03.06 00:40:31.214,1.055,1.05524
2013.03.06 00:40:32.765,1.05499,1.05521
2013.03.06 00:40:32.944,1.05499,1.05522
2013.03.06 00:40:34.046,1.05501,1.05523
2013.03.06 00:40:34.294,1.05502,1.05525
2013.03.06 00:40:38.964,1.05497,1.0552
2013.03.06 00:40:39.323,1.05496,1.05518
2013.03.06 00:40:39.383,1.05496,1.05513
2013.03.06 00:40:39.504,1.05491,1.05513
2013.03.06 00:40:39.814,1.05488,1.05512
2013.03.06 00:40:40.675,1.05492,1.05515
2013.03.06 00:40:41.577,1.05491,1.05515
2013.03.06 00:40:44.534,1.05492,1.05515
2013.03.06 00:40:47.307,1.05493,1.05515
2013.03.06 00:40:52.674,1.05491,1.05515
2013.03.06 00:40:53.366,1.05491,1.05514
2013.03.06 00:40:54.585,1.05491,1.05513
2013.03.06 00:40:54.656,1.05495,1.05515
2013.03.06 00:40:54.725,1.05495,1.05515
2013.03.06 00:40:57.549,1.05493,1.05514
2013.03.06 00:41:00.766,1.05492,1.05514
2013.03.06 00:41:01.184,1.05488,1.05513
2013.03.06 00:41:01.244,1.05488,1.05513
2013.03.06 00:41:01.546,1.05486,1.05509
2013.03.06 00:41:02.048,1.05487,1.05509
2013.03.06 00:41:03.045,1.05489,1.05509
2013.03.06 00:41:03.206,1.0549,1.05513
2013.03.06 00:41:06.653,1.05489,1.05513
2013.03.06 00:41:06.714,1.05489,1.05512
2013.03.06 00:41:08.539,1.05489,1.05512
2013.03.06 00:41:08.794,1.05489,1.05512
2013.03.06 00:41:08.915,1.05487,1.05508
2013.03.06 00:41:10.464,1.05485,1.05507
2013.03.06 00:41:10.806,1.05482,1.05504
2013.03.06 00:41:11.654,1.05483,1.05507
2013.03.06 00:41:12.084,1.05484,1.05508
2013.03.06 00:41:12.624,1.05492,1.05509
2013.03.06 00:41:12.744,1.05494,1.05516
2013.03.06 00:41:12.864,1.05494,1.05515
2013.03.06 00:41:12.945,1.05489,1.05508
2013.03.06 00:41:13.016,1.05485,1.05507
2013.03.06 00:41:13.084,1.05483,1.05507
2013.03.06 00:41:14.251,1.05483,1.05506
2013.03.06 00:41:16.914,1.05483,1.05507
2013.03.06 00:41:17.213,1.05484,1.05506
2013.03.06 00:41:20.068,1.05487,1.05507
2013.03.06 00:41:20.444,1.05487,1.05505
2013.03.06 00:41:20.564,1.05487,1.0551
2013.03.06 00:41:20.865,1.0549,1.05513
2013.03.06 00:41:21.385,1.05493,1.05515
2013.03.06 00:41:21.444,1.05494,1.05517
2013.03.06 00:41:21.634,1.05494,1.05516
2013.03.06 00:41:21.875,1.0549,1.05513
2013.03.06 00:41:23.374,1.0549,1.05513
2013.03.06 00:41:23.554,1.05488,1.05509
2013.03.06 00:41:23.743,1.05484,1.05509
2013.03.06 00:41:23.804,1.05484,1.05509
2013.03.06 00:41:23.983,1.05484,1.05509
2013.03.06 00:41:24.293,1.05487,1.05509
2013.03.06 00:41:25.195,1.05492,1.05509
2013.03.06 00:41:27.348,1.0549,1.05508
2013.03.06 00:41:27.414,1.05488,1.05508
2013.03.06 00:41:27.745,1.05488,1.05511
2013.03.06 00:41:29.165,1.0549,1.05515
2013.03.06 00:41:30.314,1.05491,1.05516
2013.03.06 00:41:30.434,1.05491,1.05516
2013.03.06 00:41:30.553,1.05493,1.05517
2013.03.06 00:41:31.128,1.05494,1.05517
2013.03.06 00:41:31.435,1.05496,1.05521
2013.03.06 00:41:33.414,1.055,1.05521
2013.03.06 00:41:33.475,1.05495,1.05519
2013.03.06 00:41:33.533,1.05495,1.05519
2013.03.06 00:41:33.654,1.05496,1.05519
2013.03.06 00:41:33.774,1.05497,1.05521
2013.03.06 00:41:34.075,1.05495,1.05516
2013.03.06 00:41:34.494,1.05495,1.05517
2013.03.06 00:41:34.613,1.05494,1.05518
2013.03.06 00:41:35.054,1.05493,1.05517
2013.03.06 00:41:35.234,1.05493,1.05518
2013.03.06 00:41:36.047,1.05495,1.05519
2013.03.06 00:41:36.414,1.05493,1.05518
2013.03.06 00:41:36.474,1.05493,1.05518
2013.03.06 00:41:36.653,1.05493,1.05517
2013.03.06 00:41:37.033,1.0549,1.05514
2013.03.06 00:41:39.882,1.0549,1.05513
2013.03.06 00:41:44.833,1.05494,1.05513
2013.03.06 00:41:45.351,1.05489,1.05511
2013.03.06 00:41:45.488,1.05489,1.05511
2013.03.06 00:41:45.825,1.05491,1.05511
2013.03.06 00:41:45.984,1.05489,1.05511
2013.03.06 00:41:47.387,1.05489,1.0551
2013.03.06 00:41:47.934,1.05489,1.05506
2013.03.06 00:41:47.999,1.05483,1.05505
2013.03.06 00:41:49.916,1.05485,1.05506
2013.03.06 00:41:50.002,1.05492,1.05514
2013.03.06 00:41:50.069,1.05492,1.05514
2013.03.06 00:41:54.004,1.0549,1.05513
2013.03.06 00:41:54.125,1.0549,1.05513
2013.03.06 00:41:54.313,1.05488,1.05509
2013.03.06 00:41:57.405,1.05488,1.0551
2013.03.06 00:41:57.674,1.05487,1.0551
2013.03.06 00:41:58.054,1.05485,1.05509
2013.03.06 00:41:58.364,1.05483,1.05505
2013.03.06 00:41:59.569,1.05484,1.05505
2013.03.06 00:41:59.912,1.05485,1.05506
2013.03.06 00:41:59.984,1.05485,1.05508
2013.03.06 00:42:02.045,1.05484,1.05506
2013.03.06 00:42:02.346,1.05481,1.05498
2013.03.06 00:42:02.480,1.0548,1.05498
2013.03.06 00:42:03.054,1.0548,1.05499
2013.03.06 00:42:04.232,1.05477,1.05499
2013.03.06 00:42:04.354,1.05477,1.05498
2013.03.06 00:42:04.535,1.05474,1.05496
2013.03.06 00:42:07.181,1.05471,1.05493
2013.03.06 00:42:07.434,1.05469,1.05493
2013.03.06 00:42:07.855,1.0547,1.05493
2013.03.06 00:42:08.294,1.05469,1.05493
2013.03.06 00:42:08.475,1.05472,1.05494
2013.03.06 00:42:09.014,1.05467,1.05493
2013.03.06 00:42:09.074,1.05467,1.05492
2013.03.06 00:42:09.434,1.05469,1.05492
2013.03.06 00:42:09.749,1.05471,1.05495
2013.03.06 00:42:11.044,1.05471,1.05494
2013.03.06 00:42:12.713,1.05471,1.05494
2013.03.06 00:42:13.055,1.05471,1.05493
2013.03.06 00:42:13.644,1.05471,1.05494
2013.03.06 00:42:13.705,1.05471,1.05494
2013.03.06 00:42:14.310,1.05471,1.05495
2013.03.06 00:42:16.814,1.05471,1.05497
2013.03.06 00:42:19.154,1.05471,1.05494
2013.03.06 00:42:19.904,1.05471,1.05493
2013.03.06 00:42:20.445,1.05471,1.05494
2013.03.06 00:42:20.514,1.05471,1.05496
2013.03.06 00:42:26.964,1.05471,1.05493
2013.03.06 00:42:27.807,1.05471,1.05493
2013.03.06 00:42:27.934,1.05474,1.05497
2013.03.06 00:42:28.234,1.05474,1.05497
2013.03.06 00:42:28.414,1.05471,1.05492
2013.03.06 00:42:35.765,1.05466,1.05489
2013.03.06 00:42:35.884,1.05466,1.05489
2013.03.06 00:42:36.064,1.05465,1.05485
2013.03.06 00:42:37.275,1.05467,1.0549
2013.03.06 00:42:37.774,1.05467,1.0549
2013.03.06 00:42:38.245,1.05467,1.05488
2013.03.06 00:42:39.853,1.05472,1.05489
2013.03.06 00:42:39.974,1.05472,1.05496
2013.03.06 00:42:40.393,1.05475,1.05496
2013.03.06 00:42:40.924,1.05475,1.05496
2013.03.06 00:42:41.467,1.05472,1.05496
2013.03.06 00:42:42.812,1.05472,1.05496
2013.03.06 00:42:45.971,1.05472,1.05493
2013.03.06 00:42:51.308,1.05472,1.05493
2013.03.06 00:42:51.375,1.05471,1.05492
2013.03.06 00:42:51.494,1.05466,1.05488
2013.03.06 00:42:51.554,1.05464,1.05486
2013.03.06 00:42:51.614,1.05465,1.05487
2013.03.06 00:42:51.674,1.05467,1.05491
2013.03.06 00:42:51.734,1.05467,1.05491
2013.03.06 00:42:51.853,1.05466,1.05491
2013.03.06 00:42:54.093,1.05467,1.05491
2013.03.06 00:42:54.441,1.05472,1.05492
2013.03.06 00:42:59.444,1.05468,1.05491
2013.03.06 00:43:00.826,1.05468,1.05491
2013.03.06 00:43:01.064,1.05472,1.05492
2013.03.06 00:43:01.639,1.05471,1.05492
2013.03.06 00:43:05.157,1.05471,1.05491
2013.03.06 00:43:05.224,1.05468,1.05491
2013.03.06 00:43:08.117,1.05468,1.05492
2013.03.06 00:43:08.366,1.05476,1.05498
2013.03.06 00:43:08.664,1.05482,1.05501
2013.03.06 00:43:08.904,1.05486,1.05509
2013.03.06 00:43:08.964,1.05487,1.05509
2013.03.06 00:43:09.224,1.05488,1.05509
2013.03.06 00:43:11.719,1.05489,1.05509
2013.03.06 00:43:15.146,1.05487,1.05509
2013.03.06 00:43:17.650,1.05489,1.05509
2013.03.06 00:43:18.855,1.0549,1.05509
2013.03.06 00:43:19.494,1.05488,1.05509
2013.03.06 00:43:20.437,1.05489,1.05511
2013.03.06 00:43:20.504,1.05492,1.05513
2013.03.06 00:43:20.625,1.05492,1.05515
2013.03.06 00:43:22.172,1.05494,1.05515
2013.03.06 00:43:24.785,1.05492,1.05515
2013.03.06 00:43:29.625,1.05492,1.05513
2013.03.06 00:43:30.164,1.05489,1.05513
2013.03.06 00:43:31.619,1.0549,1.05513
2013.03.06 00:43:34.474,1.05493,1.05513
2013.03.06 00:43:34.535,1.0549,1.05513
2013.03.06 00:43:34.673,1.05492,1.05513
2013.03.06 00:43:34.984,1.05492,1.05513
2013.03.06 00:43:35.164,1.0549,1.05513
2013.03.06 00:43:44.186,1.05493,1.05513
2013.03.06 00:43:45.918,1.05491,1.05513
2013.03.06 00:43:46.385,1.05492,1.05515
2013.03.06 00:43:46.505,1.05492,1.05516
2013.03.06 00:43:46.567,1.05495,1.05519
2013.03.06 00:43:46.696,1.05494,1.05518
2013.03.06 00:43:47.054,1.05499,1.05521
2013.03.06 00:43:47.433,1.05497,1.05519
2013.03.06 00:43:49.755,1.05496,1.05518
2013.03.06 00:43:50.683,1.05494,1.05518
2013.03.06 00:43:51.055,1.05494,1.05518
2013.03.06 00:43:51.435,1.05491,1.05513
2013.03.06 00:43:51.494,1.05491,1.05513
2013.03.06 00:43:51.676,1.05491,1.05513
2013.03.06 00:43:52.203,1.05492,1.05513
2013.03.06 00:43:52.624,1.05494,1.05518
2013.03.06 00:43:57.262,1.05494,1.05518
2013.03.06 00:44:03.076,1.05495,1.05518
2013.03.06 00:44:04.614,1.05496,1.05518
2013.03.06 00:44:04.794,1.05497,1.05518
2013.03.06 00:44:05.034,1.05497,1.05518
2013.03.06 00:44:05.215,1.05491,1.05513
2013.03.06 00:44:05.334,1.05492,1.05515
2013.03.06 00:44:05.678,1.05492,1.05512
2013.03.06 00:44:12.124,1.05491,1.05512
2013.03.06 00:44:14.924,1.05491,1.05513
2013.03.06 00:44:19.998,1.05491,1.0551
2013.03.06 00:44:21.151,1.05492,1.05512
2013.03.06 00:44:22.683,1.05492,1.05511
2013.03.06 00:44:24.434,1.05492,1.05513
2013.03.06 00:44:30.224,1.05492,1.05511
2013.03.06 00:44:30.405,1.05488,1.0551
2013.03.06 00:44:30.524,1.05487,1.05507
2013.03.06 00:44:30.767,1.05482,1.05503
2013.03.06 00:44:31.944,1.05482,1.05504
2013.03.06 00:44:32.003,1.05484,1.05504
2013.03.06 00:44:39.993,1.05482,1.05504
2013.03.06 00:44:40.960,1.05481,1.05504
2013.03.06 00:44:44.953,1.05482,1.05504
2013.03.06 00:44:54.123,1.05482,1.05504
2013.03.06 00:44:54.364,1.05482,1.05501
2013.03.06 00:44:54.764,1.05482,1.05506
2013.03.06 00:44:56.282,1.05482,1.05504
2013.03.06 00:45:00.365,1.05482,1.05502
2013.03.06 00:45:00.483,1.05482,1.05504
2013.03.06 00:45:02.694,1.05482,1.05504
2013.03.06 00:45:04.544,1.05481,1.05503
2013.03.06 00:45:10.225,1.05481,1.05497
2013.03.06 00:45:11.288,1.05481,1.05499
2013.03.06 00:45:11.597,1.05481,1.05501
2013.03.06 00:45:12.925,1.05481,1.055
2013.03.06 00:45:13.464,1.05482,1.05503
2013.03.06 00:45:13.828,1.05482,1.05503
2013.03.06 00:45:14.075,1.05487,1.05506
2013.03.06 00:45:18.325,1.05482,1.05505
2013.03.06 00:45:18.384,1.05482,1.05505
2013.03.06 00:45:18.444,1.05482,1.05503
2013.03.06 00:45:18.745,1.0548,1.05502
2013.03.06 00:45:28.966,1.0548,1.05497
2013.03.06 00:45:29.260,1.0548,1.05499
2013.03.06 00:45:33.397,1.0548,1.055
2013.03.06 00:45:38.224,1.05476,1.055
2013.03.06 00:45:38.829,1.05479,1.05501
2013.03.06 00:45:42.425,1.05478,1.055
2013.03.06 00:45:46.726,1.05478,1.05501
2013.03.06 00:45:46.985,1.05476,1.05497
2013.03.06 00:45:47.565,1.05476,1.05498
2013.03.06 00:45:48.444,1.05476,1.05499
2013.03.06 00:45:50.799,1.05476,1.05499
2013.03.06 00:45:52.915,1.05477,1.055
2013.03.06 00:45:53.594,1.0548,1.05502
2013.03.06 00:45:54.253,1.0548,1.05502
2013.03.06 00:45:58.785,1.05483,1.05506
2013.03.06 00:45:58.844,1.05484,1.05507
2013.03.06 00:45:59.226,1.05486,1.05503
2013.03.06 00:46:01.964,1.05484,1.05498
2013.03.06 00:46:02.084,1.05485,1.05502
2013.03.06 00:46:02.145,1.05479,1.05501
2013.03.06 00:46:02.385,1.05479,1.05501
2013.03.06 00:46:02.504,1.05479,1.05501
2013.03.06 00:46:02.625,1.05479,1.05503
2013.03.06 00:46:05.494,1.05479,1.05503
2013.03.06 00:46:09.226,1.05478,1.05501
2013.03.06 00:46:09.860,1.05481,1.05503
2013.03.06 00:46:11.385,1.05482,1.05501
2013.03.06 00:46:11.636,1.05482,1.05503
2013.03.06 00:46:11.754,1.05482,1.05503
2013.03.06 00:46:12.925,1.05479,1.05501
2013.03.06 00:46:13.149,1.0548,1.05501
2013.03.06 00:46:14.028,1.0548,1.05499
2013.03.06 00:46:14.395,1.05477,1.05497
2013.03.06 00:46:16.979,1.05477,1.05496
2013.03.06 00:46:17.304,1.05474,1.05495
2013.03.06 00:46:17.474,1.05473,1.05495
2013.03.06 00:46:19.864,1.05471,1.05493
2013.03.06 00:46:20.045,1.05466,1.0549
2013.03.06 00:46:21.375,1.05465,1.0549
2013.03.06 00:46:21.634,1.05471,1.05492
2013.03.06 00:46:21.755,1.05472,1.05493
2013.03.06 00:46:22.614,1.05471,1.05491
2013.03.06 00:46:22.735,1.05468,1.0549
2013.03.06 00:46:26.916,1.05467,1.05491
2013.03.06 00:46:27.044,1.05465,1.05488
2013.03.06 00:46:27.104,1.05465,1.05489
2013.03.06 00:46:27.514,1.05465,1.05489
2013.03.06 00:46:31.634,1.05466,1.0549
2013.03.06 00:46:33.864,1.05471,1.05491
2013.03.06 00:46:34.194,1.05471,1.05493
2013.03.06 00:46:35.828,1.05472,1.05496
2013.03.06 00:46:35.956,1.05474,1.05497
2013.03.06 00:46:36.135,1.05475,1.05498
2013.03.06 00:46:36.194,1.05478,1.05499
2013.03.06 00:46:36.255,1.05478,1.05501
2013.03.06 00:46:36.457,1.05481,1.05501
2013.03.06 00:46:36.914,1.05482,1.05503
2013.03.06 00:46:37.154,1.05482,1.05503
2013.03.06 00:46:40.905,1.05482,1.05503
2013.03.06 00:46:48.066,1.0548,1.05501
2013.03.06 00:46:48.245,1.05479,1.05501
2013.03.06 00:46:49.383,1.05479,1.05502
2013.03.06 00:46:49.444,1.05479,1.05502
2013.03.06 00:46:50.126,1.0548,1.05502
2013.03.06 00:46:50.985,1.0548,1.05502
2013.03.06 00:46:56.396,1.05478,1.05502
2013.03.06 00:47:07.093,1.05477,1.05499
2013.03.06 00:47:07.155,1.05477,1.05499
2013.03.06 00:47:08.634,1.05477,1.055
2013.03.06 00:47:08.754,1.05479,1.055
2013.03.06 00:47:09.055,1.05485,1.055
2013.03.06 00:47:09.237,1.05479,1.05499
2013.03.06 00:47:09.305,1.05478,1.05499
2013.03.06 00:47:10.074,1.05477,1.05499
2013.03.06 00:47:11.495,1.05478,1.05502
2013.03.06 00:47:15.684,1.05477,1.05499
2013.03.06 00:47:17.715,1.05478,1.05499
2013.03.06 00:47:25.265,1.05476,1.05499
2013.03.06 00:47:27.737,1.05479,1.05499
2013.03.06 00:47:29.135,1.05479,1.05498
2013.03.06 00:47:29.195,1.05476,1.05496
2013.03.06 00:47:38.127,1.05476,1.05498
2013.03.06 00:47:47.132,1.05476,1.05498
2013.03.06 00:47:47.314,1.05474,1.05497
2013.03.06 00:47:51.113,1.05474,1.05495
2013.03.06 00:47:56.645,1.05474,1.05498
2013.03.06 00:47:57.035,1.05478,1.05498
2013.03.06 00:47:57.165,1.05479,1.05499
2013.03.06 00:47:58.434,1.05477,1.05499
2013.03.06 00:48:00.040,1.05481,1.05499
2013.03.06 00:48:07.174,1.05479,1.05499
2013.03.06 00:48:07.424,1.05479,1.05502
2013.03.06 00:48:07.756,1.0548,1.05504
2013.03.06 00:48:11.889,1.05482,1.05505
2013.03.06 00:48:12.025,1.05484,1.05506
2013.03.06 00:48:12.148,1.05487,1.0551
2013.03.06 00:48:12.276,1.05488,1.05511
2013.03.06 00:48:12.635,1.05488,1.05511
2013.03.06 00:48:12.814,1.05486,1.0551
2013.03.06 00:48:13.114,1.05487,1.0551
2013.03.06 00:48:13.505,1.0549,1.0551
2013.03.06 00:48:13.564,1.05491,1.05513
2013.03.06 00:48:13.745,1.05492,1.05514
2013.03.06 00:48:14.224,1.05495,1.05514
2013.03.06 00:48:14.833,1.05496,1.05514
2013.03.06 00:48:15.143,1.05496,1.05516
2013.03.06 00:48:23.424,1.05495,1.05514
2013.03.06 00:48:23.604,1.05494,1.05514
2013.03.06 00:48:26.484,1.05495,1.05514
2013.03.06 00:48:27.664,1.05494,1.05514
2013.03.06 00:48:29.033,1.05494,1.05517
2013.03.06 00:48:29.275,1.05488,1.0551
2013.03.06 00:48:29.546,1.05486,1.0551
2013.03.06 00:48:30.355,1.05485,1.05506
2013.03.06 00:48:30.479,1.05482,1.05505
2013.03.06 00:48:30.834,1.05483,1.05506
2013.03.06 00:48:31.531,1.05484,1.05506
2013.03.06 00:48:40.964,1.05482,1.05505
2013.03.06 00:48:47.273,1.05488,1.05506
2013.03.06 00:48:49.504,1.05486,1.05506
2013.03.06 00:49:00.835,1.05485,1.05506
2013.03.06 00:49:00.898,1.05486,1.05508
2013.03.06 00:49:01.024,1.05486,1.05509
2013.03.06 00:49:01.595,1.0549,1.0551
2013.03.06 00:49:01.716,1.05492,1.05513
2013.03.06 00:49:07.574,1.05494,1.05515
2013.03.06 00:49:07.935,1.05495,1.05516
2013.03.06 00:49:08.057,1.05495,1.05516
2013.03.06 00:49:10.467,1.05495,1.05516
2013.03.06 00:49:11.064,1.05495,1.05516
2013.03.06 00:49:12.635,1.05494,1.05515
2013.03.06 00:49:12.755,1.0549,1.05514
2013.03.06 00:49:14.395,1.0549,1.05509
2013.03.06 00:49:14.595,1.05487,1.05509
2013.03.06 00:49:17.364,1.05487,1.05509
2013.03.06 00:49:17.665,1.05492,1.05509
2013.03.06 00:49:17.915,1.05496,1.05515
2013.03.06 00:49:18.324,1.05497,1.05518
2013.03.06 00:49:19.695,1.05491,1.05514
2013.03.06 00:49:19.815,1.05491,1.05512
2013.03.06 00:49:20.125,1.0549,1.05511
2013.03.06 00:49:35.041,1.0549,1.05511
2013.03.06 00:49:35.343,1.0549,1.05511
2013.03.06 00:49:35.524,1.0549,1.05511
2013.03.06 00:49:37.736,1.05488,1.05511
2013.03.06 00:49:45.684,1.05488,1.05512
2013.03.06 00:49:46.040,1.05488,1.05512
2013.03.06 00:49:46.594,1.0549,1.05514
2013.03.06 00:49:47.762,1.05492,1.05514
2013.03.06 00:49:52.204,1.05495,1.05514
2013.03.06 00:49:52.506,1.05495,1.05516
2013.03.06 00:49:52.704,1.05492,1.05512
2013.03.06 00:49:53.674,1.0549,1.0551
2013.03.06 00:49:53.735,1.05488,1.05507
2013.03.06 00:49:53.915,1.05485,1.05507
2013.03.06 00:49:54.344,1.05485,1.05505
2013.03.06 00:49:54.687,1.05484,1.05505
2013.03.06 00:49:54.840,1.05484,1.05504
2013.03.06 00:49:56.065,1.05487,1.05506
2013.03.06 00:49:56.244,1.05487,1.05508
2013.03.06 00:49:56.424,1.05484,1.05506
2013.03.06 00:49:56.605,1.05484,1.05506
2013.03.06 00:49:56.844,1.05487,1.05507
2013.03.06 00:49:57.205,1.05484,1.05506
2013.03.06 00:49:57.888,1.05485,1.05507
2013.03.06 00:49:59.790,1.05485,1.05507
2013.03.06 00:49:59.914,1.05483,1.05506
2013.03.06 00:50:00.466,1.05484,1.05506
2013.03.06 00:50:03.822,1.05484,1.05499
2013.03.06 00:50:03.885,1.05481,1.05498
2013.03.06 00:50:04.137,1.05475,1.05497
2013.03.06 00:50:04.385,1.05475,1.05498
2013.03.06 00:50:04.745,1.05477,1.05498
2013.03.06 00:50:05.104,1.05475,1.05497
2013.03.06 00:50:05.345,1.05477,1.05498
2013.03.06 00:50:05.744,1.05475,1.05497
2013.03.06 00:50:05.865,1.05477,1.05498
2013.03.06 00:50:06.124,1.05475,1.05497
2013.03.06 00:50:06.306,1.05477,1.05498
2013.03.06 00:50:06.674,1.05475,1.05497
2013.03.06 00:50:06.854,1.05477,1.05498
2013.03.06 00:50:07.104,1.05475,1.05497
2013.03.06 00:50:07.622,1.05475,1.05497
2013.03.06 00:50:09.827,1.05475,1.05498
2013.03.06 00:50:10.074,1.05477,1.05497
2013.03.06 00:50:11.743,1.05475,1.05495
2013.03.06 00:50:12.116,1.05475,1.05495
2013.03.06 00:50:12.719,1.05475,1.05494
2013.03.06 00:50:19.604,1.05475,1.05494
2013.03.06 00:50:19.736,1.05475,1.05498
2013.03.06 00:50:20.537,1.05475,1.05498
2013.03.06 00:50:20.865,1.05469,1.05491
2013.03.06 00:50:20.985,1.05464,1.05485
2013.03.06 00:50:21.105,1.05464,1.05485
2013.03.06 00:50:21.425,1.05464,1.05485
2013.03.06 00:50:22.780,1.05466,1.05485
2013.03.06 00:50:22.844,1.05466,1.05486
2013.03.06 00:50:22.964,1.05466,1.05488
2013.03.06 00:50:23.084,1.05467,1.05487
2013.03.06 00:50:23.690,1.05463,1.05486
2013.03.06 00:50:29.245,1.05462,1.05483
2013.03.06 00:50:29.304,1.05462,1.05483
2013.03.06 00:50:31.104,1.05461,1.05482
2013.03.06 00:50:31.224,1.05461,1.05482
2013.03.06 00:50:31.725,1.05458,1.0548
2013.03.06 00:50:33.845,1.0546,1.05481
2013.03.06 00:50:33.965,1.0546,1.05482
2013.03.06 00:50:34.044,1.0546,1.05482
2013.03.06 00:50:36.129,1.05461,1.05482
2013.03.06 00:50:36.194,1.0546,1.05482
2013.03.06 00:50:36.594,1.0546,1.05479
2013.03.06 00:50:36.715,1.05455,1.05478
2013.03.06 00:50:36.835,1.05457,1.05475
2013.03.06 00:50:36.896,1.05457,1.05478
2013.03.06 00:50:37.365,1.05455,1.05477
2013.03.06 00:50:37.485,1.05453,1.05475
2013.03.06 00:50:39.006,1.05454,1.05475
2013.03.06 00:50:39.306,1.05456,1.05478
2013.03.06 00:50:39.607,1.05456,1.05477
2013.03.06 00:50:39.675,1.05453,1.05476
2013.03.06 00:50:40.045,1.05453,1.05475
2013.03.06 00:50:41.624,1.05456,1.05476
2013.03.06 00:50:41.684,1.05456,1.05478
2013.03.06 00:50:41.865,1.05455,1.05478
2013.03.06 00:50:41.985,1.05453,1.05475
2013.03.06 00:50:44.925,1.05454,1.05476
2013.03.06 00:50:45.056,1.05455,1.05478
2013.03.06 00:50:47.209,1.05455,1.05478
2013.03.06 00:50:50.145,1.05453,1.05477
2013.03.06 00:50:50.265,1.05453,1.05477
2013.03.06 00:50:50.835,1.05453,1.05477
2013.03.06 00:50:51.485,1.05453,1.05477
2013.03.06 00:50:53.405,1.05453,1.05478
2013.03.06 00:50:53.465,1.05454,1.05478
2013.03.06 00:50:53.845,1.05455,1.05477
2013.03.06 00:50:53.906,1.05455,1.05477
2013.03.06 00:50:54.025,1.05453,1.05477
2013.03.06 00:50:54.604,1.05454,1.05478
2013.03.06 00:50:54.665,1.05455,1.05478
2013.03.06 00:50:54.975,1.05454,1.05478
2013.03.06 00:50:55.095,1.05455,1.05478
2013.03.06 00:50:55.215,1.05455,1.05478
2013.03.06 00:50:55.575,1.05454,1.05478
2013.03.06 00:50:56.213,1.05453,1.05477
2013.03.06 00:51:01.179,1.05454,1.05478
2013.03.06 00:51:04.116,1.05454,1.05477
2013.03.06 00:51:06.278,1.05454,1.05478
2013.03.06 00:51:07.787,1.05452,1.05476
2013.03.06 00:51:16.606,1.05452,1.05475
2013.03.06 00:51:17.094,1.05452,1.05474
2013.03.06 00:51:25.064,1.0545,1.05473
2013.03.06 00:51:25.124,1.0545,1.05474
2013.03.06 00:51:25.186,1.0545,1.05474
2013.03.06 00:51:25.545,1.05449,1.05473
2013.03.06 00:51:27.094,1.05449,1.05471
2013.03.06 00:51:27.158,1.05447,1.05468
2013.03.06 00:51:27.696,1.05443,1.05463
2013.03.06 00:51:27.826,1.05443,1.05463
2013.03.06 00:51:27.885,1.05441,1.05462
2013.03.06 00:51:28.426,1.05437,1.05455
2013.03.06 00:51:29.075,1.05437,1.05456
2013.03.06 00:51:29.316,1.05438,1.05459
2013.03.06 00:51:32.634,1.05438,1.0546
2013.03.06 00:51:36.905,1.05441,1.05463
2013.03.06 00:51:44.339,1.05443,1.05463
2013.03.06 00:51:44.643,1.05445,1.05464
2013.03.06 00:51:45.135,1.05439,1.05461
2013.03.06 00:51:45.195,1.05439,1.05461
2013.03.06 00:51:45.784,1.05438,1.05461
2013.03.06 00:51:46.441,1.05439,1.05459
2013.03.06 00:51:47.745,1.05439,1.05462
2013.03.06 00:51:47.866,1.05441,1.05463
2013.03.06 00:51:48.285,1.05437,1.0546
2013.03.06 00:51:48.707,1.05436,1.05457
2013.03.06 00:51:54.685,1.05433,1.05455
2013.03.06 00:51:55.781,1.05433,1.05456
2013.03.06 00:51:56.405,1.05433,1.05456
2013.03.06 00:52:00.203,1.05433,1.05457
2013.03.06 00:52:00.425,1.05436,1.05458
2013.03.06 00:52:00.736,1.05439,1.05463
2013.03.06 00:52:01.045,1.05439,1.05462
2013.03.06 00:52:04.568,1.05439,1.05461
2013.03.06 00:52:04.755,1.05442,1.05463
2013.03.06 00:52:05.346,1.05442,1.05463
2013.03.06 00:52:05.876,1.05441,1.05463
2013.03.06 00:52:06.965,1.05438,1.05461
2013.03.06 00:52:07.145,1.05442,1.05462
2013.03.06 00:52:07.335,1.05445,1.05465
2013.03.06 00:52:07.997,1.05445,1.05466
2013.03.06 00:52:08.364,1.05444,1.05466
2013.03.06 00:52:09.155,1.05443,1.05465
2013.03.06 00:52:11.195,1.05441,1.05464
2013.03.06 00:52:11.737,1.05441,1.05461
2013.03.06 00:52:11.807,1.05438,1.05461
2013.03.06 00:52:11.876,1.0544,1.05464
2013.03.06 00:52:12.540,1.05442,1.05462
2013.03.06 00:52:13.707,1.05442,1.05464
2013.03.06 00:52:17.896,1.05442,1.05464
2013.03.06 00:52:18.834,1.05443,1.05464
2013.03.06 00:52:19.135,1.05447,1.05466
2013.03.06 00:52:25.114,1.05442,1.05466
2013.03.06 00:52:25.201,1.05441,1.05464
2013.03.06 00:52:25.391,1.05441,1.05464
2013.03.06 00:52:25.754,1.05442,1.05464
2013.03.06 00:52:30.633,1.05442,1.05463
2013.03.06 00:52:35.621,1.05443,1.05464
2013.03.06 00:52:35.685,1.05444,1.05467
2013.03.06 00:52:36.762,1.05444,1.05467
2013.03.06 00:52:40.906,1.05444,1.05467
2013.03.06 00:52:43.555,1.05444,1.05467
2013.03.06 00:52:43.735,1.05449,1.05468
2013.03.06 00:52:44.594,1.05448,1.05468
2013.03.06 00:52:44.834,1.05446,1.05467
2013.03.06 00:52:44.894,1.05446,1.05467
2013.03.06 00:52:46.337,1.05446,1.05465
2013.03.06 00:52:46.405,1.05441,1.05462
2013.03.06 00:52:46.684,1.05441,1.05462
2013.03.06 00:52:50.986,1.05438,1.05455
2013.03.06 00:52:51.045,1.05437,1.05455
2013.03.06 00:52:56.497,1.05436,1.05455
2013.03.06 00:53:00.105,1.05435,1.05455
2013.03.06 00:53:06.726,1.05437,1.05455
2013.03.06 00:53:07.831,1.05438,1.05455
2013.03.06 00:53:12.140,1.05437,1.05455
2013.03.06 00:53:20.346,1.05439,1.05461
2013.03.06 00:53:20.466,1.05441,1.05462
2013.03.06 00:53:20.525,1.05441,1.05462
2013.03.06 00:53:20.646,1.05442,1.05463
2013.03.06 00:53:21.317,1.05443,1.05463
2013.03.06 00:53:21.445,1.05446,1.05463
2013.03.06 00:53:22.828,1.05444,1.05463
2013.03.06 00:53:23.298,1.05444,1.05463
2013.03.06 00:53:23.665,1.05449,1.05472
2013.03.06 00:53:25.379,1.05449,1.05472
2013.03.06 00:53:25.445,1.05446,1.0547
2013.03.06 00:53:33.602,1.05447,1.05469
2013.03.06 00:53:34.608,1.05448,1.05471
2013.03.06 00:53:34.676,1.05449,1.05472
2013.03.06 00:53:43.865,1.05449,1.05468
2013.03.06 00:53:43.924,1.05447,1.05467
2013.03.06 00:53:43.986,1.05441,1.05463
2013.03.06 00:53:44.105,1.05442,1.05464
2013.03.06 00:53:44.636,1.05446,1.05466
2013.03.06 00:53:44.755,1.05442,1.05465
2013.03.06 00:53:45.401,1.05442,1.05466
2013.03.06 00:53:51.576,1.05444,1.05467
2013.03.06 00:53:51.695,1.05447,1.05468
2013.03.06 00:53:54.655,1.05449,1.05471
2013.03.06 00:53:55.017,1.05449,1.05471
2013.03.06 00:53:55.448,1.05447,1.05469
2013.03.06 00:54:01.708,1.05446,1.05468
2013.03.06 00:54:05.607,1.05445,1.05467
2013.03.06 00:54:05.675,1.05448,1.05471
2013.03.06 00:54:17.817,1.05448,1.05471
2013.03.06 00:54:17.876,1.05448,1.05471
2013.03.06 00:54:24.936,1.05448,1.05472
2013.03.06 00:54:27.445,1.05445,1.05468
2013.03.06 00:54:29.134,1.05445,1.05469
2013.03.06 00:54:29.256,1.05445,1.05469
2013.03.06 00:54:30.675,1.05445,1.05469
2013.03.06 00:54:30.795,1.05445,1.05468
2013.03.06 00:54:30.975,1.05446,1.05469
2013.03.06 00:54:39.894,1.05446,1.05469
2013.03.06 00:54:44.825,1.05449,1.05471
2013.03.06 00:54:52.986,1.05449,1.05468
2013.03.06 00:54:53.046,1.05447,1.05468
2013.03.06 00:54:53.227,1.05447,1.05471
2013.03.06 00:54:53.950,1.05451,1.05474
2013.03.06 00:54:54.635,1.05453,1.05474
2013.03.06 00:54:54.696,1.05453,1.05474
2013.03.06 00:54:54.756,1.05448,1.05473
2013.03.06 00:54:55.785,1.05447,1.0547
2013.03.06 00:54:55.845,1.05447,1.05471
2013.03.06 00:54:55.965,1.05447,1.05471
2013.03.06 00:54:56.806,1.05447,1.05466
2013.03.06 00:54:57.165,1.05452,1.05474
2013.03.06 00:54:57.284,1.05452,1.05474
2013.03.06 00:54:57.746,1.05451,1.05473
2013.03.06 00:54:57.965,1.05448,1.05469
2013.03.06 00:54:58.146,1.05448,1.05469
2013.03.06 00:54:58.276,1.05446,1.05467
2013.03.06 00:54:58.957,1.05446,1.05467
2013.03.06 00:54:59.885,1.05448,1.05469
2013.03.06 00:54:59.948,1.05448,1.0547
2013.03.06 00:55:00.143,1.05452,1.05474
2013.03.06 00:55:00.266,1.05454,1.05474
2013.03.06 00:55:00.325,1.05456,1.05474
2013.03.06 00:55:00.779,1.05458,1.0548
2013.03.06 00:55:00.848,1.05458,1.05478
2013.03.06 00:55:01.155,1.05456,1.05477
2013.03.06 00:55:01.904,1.05456,1.05478
2013.03.06 00:55:01.981,1.05456,1.05478
2013.03.06 00:55:02.357,1.05457,1.05481
2013.03.06 00:55:03.853,1.05457,1.05481
2013.03.06 00:55:03.915,1.05453,1.05474
2013.03.06 00:55:04.245,1.05451,1.05474
2013.03.06 00:55:10.715,1.05449,1.05468
2013.03.06 00:55:10.834,1.05445,1.05468
2013.03.06 00:55:11.625,1.05445,1.05468
2013.03.06 00:55:15.011,1.05445,1.05467
2013.03.06 00:55:18.846,1.05445,1.05466
2013.03.06 00:55:18.906,1.05444,1.05464
2013.03.06 00:55:19.036,1.05443,1.05465
2013.03.06 00:55:19.095,1.05441,1.05464
2013.03.06 00:55:19.406,1.05437,1.0546
2013.03.06 00:55:19.465,1.05437,1.0546
2013.03.06 00:55:22.935,1.05437,1.05459
2013.03.06 00:55:23.502,1.05438,1.0546
2013.03.06 00:55:25.406,1.0544,1.05463
2013.03.06 00:55:25.766,1.05443,1.05465
2013.03.06 00:55:28.456,1.05446,1.0547
2013.03.06 00:55:28.525,1.05446,1.0547
2013.03.06 00:55:29.556,1.05449,1.05472
2013.03.06 00:55:29.795,1.05449,1.05473
2013.03.06 00:55:29.856,1.05453,1.05476
2013.03.06 00:55:36.045,1.05453,1.05475
2013.03.06 00:55:36.166,1.0545,1.05473
2013.03.06 00:55:36.465,1.05458,1.0548
2013.03.06 00:55:36.585,1.05458,1.05481
2013.03.06 00:55:36.945,1.05463,1.05484
2013.03.06 00:55:37.861,1.05463,1.05486
2013.03.06 00:55:43.685,1.05462,1.05484
2013.03.06 00:55:43.804,1.05462,1.05484
2013.03.06 00:55:47.876,1.05463,1.05484
2013.03.06 00:55:48.464,1.05464,1.05484
2013.03.06 00:55:51.085,1.05463,1.05484
2013.03.06 00:55:51.205,1.05458,1.05479
2013.03.06 00:55:51.326,1.05458,1.05479
2013.03.06 00:55:51.447,1.05459,1.05482
2013.03.06 00:55:51.567,1.0546,1.05482
2013.03.06 00:55:52.075,1.05464,1.05487
2013.03.06 00:55:52.595,1.05465,1.05487
2013.03.06 00:55:52.785,1.05465,1.05487
2013.03.06 00:55:53.655,1.05466,1.05488
2013.03.06 00:55:53.775,1.05467,1.05489
2013.03.06 00:56:02.134,1.05468,1.05489
2013.03.06 00:56:02.255,1.05471,1.05491
2013.03.06 00:56:02.445,1.05471,1.05494
2013.03.06 00:56:03.966,1.05471,1.05493
2013.03.06 00:56:25.055,1.0547,1.05493
2013.03.06 00:56:25.357,1.05473,1.05495
2013.03.06 00:56:26.175,1.05476,1.05495
2013.03.06 00:56:37.594,1.05475,1.05496
2013.03.06 00:56:37.655,1.05475,1.05496
2013.03.06 00:56:38.015,1.05477,1.05497
2013.03.06 00:56:42.105,1.05477,1.05497
2013.03.06 00:56:42.286,1.05477,1.05498
2013.03.06 00:56:42.405,1.05478,1.055
2013.03.06 00:56:43.424,1.05477,1.055
2013.03.06 00:56:43.605,1.05476,1.05498
2013.03.06 00:56:43.907,1.05472,1.05493
2013.03.06 00:56:44.155,1.05466,1.05488
2013.03.06 00:56:44.535,1.05466,1.05486
2013.03.06 00:56:44.775,1.05466,1.05489
2013.03.06 00:56:44.836,1.05466,1.05489
2013.03.06 00:56:45.305,1.05466,1.0549
2013.03.06 00:56:45.516,1.05467,1.0549
2013.03.06 00:56:46.295,1.05466,1.05489
2013.03.06 00:56:46.666,1.05465,1.05487
2013.03.06 00:56:51.595,1.05466,1.05487
2013.03.06 00:56:51.776,1.05468,1.05492
2013.03.06 00:57:04.325,1.05467,1.05488
2013.03.06 00:57:06.184,1.05467,1.0549
2013.03.06 00:57:21.433,1.05472,1.05493
2013.03.06 00:57:21.497,1.05472,1.05494
2013.03.06 00:57:21.735,1.05472,1.05493
2013.03.06 00:57:31.755,1.05472,1.05494
2013.03.06 00:57:37.805,1.05474,1.05497
2013.03.06 00:57:37.866,1.05475,1.05497
2013.03.06 00:57:37.937,1.05476,1.05499
2013.03.06 00:57:38.445,1.05481,1.05502
2013.03.06 00:57:38.565,1.05481,1.05502
2013.03.06 00:57:39.225,1.05478,1.05502
2013.03.06 00:57:41.335,1.05476,1.055
2013.03.06 00:57:41.395,1.05475,1.05494
2013.03.06 00:57:41.519,1.05471,1.05494
2013.03.06 00:57:43.139,1.05471,1.05494
2013.03.06 00:57:56.127,1.05469,1.05492
2013.03.06 00:57:56.516,1.05469,1.05492
2013.03.06 00:57:58.892,1.05464,1.05483
2013.03.06 00:57:59.018,1.05459,1.05482
2013.03.06 00:57:59.146,1.05459,1.05482
2013.03.06 00:58:03.333,1.0546,1.05481
2013.03.06 00:58:03.567,1.0546,1.05484
2013.03.06 00:58:06.083,1.0546,1.05483
2013.03.06 00:58:06.246,1.0546,1.05483
2013.03.06 00:58:13.416,1.0546,1.05482
2013.03.06 00:58:13.535,1.05461,1.05483
2013.03.06 00:58:16.556,1.05461,1.05485
2013.03.06 00:58:16.695,1.05461,1.05485
2013.03.06 00:58:16.815,1.05462,1.05486
2013.03.06 00:58:17.115,1.05463,1.05486
2013.03.06 00:58:17.617,1.05466,1.05488
2013.03.06 00:58:18.905,1.05468,1.0549
2013.03.06 00:58:20.337,1.05466,1.05487
2013.03.06 00:58:20.541,1.05466,1.05487
2013.03.06 00:58:27.617,1.05467,1.05489
2013.03.06 00:58:27.687,1.05469,1.05491
2013.03.06 00:58:28.105,1.05471,1.05495
2013.03.06 00:58:28.286,1.05476,1.05497
2013.03.06 00:58:29.696,1.05473,1.05495
2013.03.06 00:58:29.896,1.05473,1.05495
2013.03.06 00:58:29.957,1.05468,1.05491
2013.03.06 00:58:30.404,1.05467,1.05491
2013.03.06 00:58:34.627,1.05467,1.05487
2013.03.06 00:58:34.698,1.0546,1.05483
2013.03.06 00:58:35.225,1.05458,1.0548
2013.03.06 00:58:35.683,1.05454,1.05478
2013.03.06 00:58:35.946,1.05454,1.05478
2013.03.06 00:58:37.655,1.05454,1.05478
2013.03.06 00:58:38.186,1.05456,1.05479
2013.03.06 00:58:47.775,1.05457,1.0548
2013.03.06 00:58:52.254,1.05461,1.05482
2013.03.06 00:58:54.926,1.05462,1.05483
2013.03.06 00:58:55.106,1.05462,1.05483
2013.03.06 00:58:55.225,1.05459,1.05482
2013.03.06 00:58:55.886,1.05459,1.05482
2013.03.06 00:58:59.282,1.05459,1.05483
2013.03.06 00:58:59.475,1.05459,1.05483
2013.03.06 00:58:59.876,1.05457,1.05478
2013.03.06 00:59:01.597,1.05459,1.0548
2013.03.06 00:59:02.151,1.05459,1.05481
2013.03.06 00:59:04.907,1.05459,1.05483
2013.03.06 00:59:08.065,1.05459,1.05481
2013.03.06 00:59:08.596,1.05459,1.05481
2013.03.06 00:59:08.716,1.05459,1.05479
2013.03.06 00:59:08.776,1.05454,1.05478
2013.03.06 00:59:08.966,1.05454,1.05478
2013.03.06 00:59:09.615,1.05453,1.05474
2013.03.06 00:59:09.735,1.0545,1.05472
2013.03.06 00:59:11.970,1.05451,1.05471
2013.03.06 00:59:14.183,1.05451,1.05474
2013.03.06 00:59:14.347,1.05452,1.05474
2013.03.06 00:59:14.466,1.05455,1.05475
2013.03.06 00:59:19.100,1.05455,1.05473
2013.03.06 00:59:26.245,1.05455,1.05475
2013.03.06 00:59:28.625,1.05456,1.05475
2013.03.06 00:59:29.001,1.0547,1.05491
2013.03.06 00:59:29.245,1.05473,1.05494
2013.03.06 00:59:29.781,1.05476,1.05497
2013.03.06 00:59:29.905,1.05476,1.05497
2013.03.06 00:59:36.287,1.05477,1.05498
2013.03.06 00:59:36.815,1.05475,1.05496
2013.03.06 00:59:44.835,1.05476,1.05497
2013.03.06 00:59:44.955,1.05481,1.05498
2013.03.06 00:59:45.075,1.05479,1.05498
2013.03.06 00:59:45.197,1.05479,1.05498
2013.03.06 00:59:45.257,1.05479,1.05502
2013.03.06 00:59:45.497,1.05477,1.05499
2013.03.06 00:59:50.145,1.05476,1.055
2013.03.06 00:59:50.205,1.05479,1.05503
2013.03.06 00:59:51.606,1.05482,1.05504
2013.03.06 00:59:52.024,1.05486,1.05507
2013.03.06 00:59:52.330,1.05487,1.05509
2013.03.06 00:59:55.696,1.05487,1.05505
2013.03.06 01:00:11.268,1.05487,1.05503
2013.03.06 01:00:11.455,1.05487,1.05503
2013.03.06 01:00:11.515,1.05487,1.05502
2013.03.06 01:00:12.336,1.05487,1.05498
2013.03.06 01:00:12.695,1.05487,1.05494
2013.03.06 01:00:12.858,1.05487,1.05494
2013.03.06 01:00:13.105,1.05487,1.05493
2013.03.06 01:00:16.670,1.05487,1.05497
2013.03.06 01:00:16.735,1.05487,1.05499
2013.03.06 01:00:18.551,1.05475,1.05499
2013.03.06 01:00:18.925,1.05476,1.055
2013.03.06 01:00:19.234,1.05479,1.05503
2013.03.06 01:00:19.806,1.05479,1.05506
2013.03.06 01:00:20.685,1.05476,1.05504
2013.03.06 01:00:20.975,1.05477,1.05503
2013.03.06 01:00:22.864,1.05476,1.05504
2013.03.06 01:00:29.834,1.05476,1.05503
2013.03.06 01:00:35.605,1.05479,1.05506
2013.03.06 01:00:35.844,1.05483,1.05509
2013.03.06 01:00:37.916,1.05483,1.05511
2013.03.06 01:00:38.034,1.05488,1.05515
2013.03.06 01:00:39.396,1.05495,1.05518
2013.03.06 01:00:39.470,1.05505,1.05521
2013.03.06 01:00:39.654,1.05501,1.05526
2013.03.06 01:00:40.434,1.05495,1.05519
2013.03.06 01:00:40.634,1.05495,1.05524
2013.03.06 01:00:40.994,1.05503,1.05525
2013.03.06 01:00:41.676,1.05504,1.05525
2013.03.06 01:00:42.069,1.05503,1.0552
2013.03.06 01:00:42.384,1.05504,1.0552
2013.03.06 01:00:42.877,1.05509,1.05518
2013.03.06 01:00:43.476,1.05503,1.0552
2013.03.06 01:00:43.581,1.05504,1.05518
2013.03.06 01:00:43.765,1.05504,1.05518
2013.03.06 01:00:44.134,1.05504,1.0552
2013.03.06 01:00:44.195,1.05503,1.0552
2013.03.06 01:00:44.625,1.05504,1.05519
2013.03.06 01:00:44.684,1.05504,1.05518
2013.03.06 01:00:44.912,1.05504,1.05518
2013.03.06 01:00:45.430,1.05504,1.05518
2013.03.06 01:00:45.829,1.05499,1.05525
2013.03.06 01:00:45.906,1.05499,1.05521
2013.03.06 01:00:46.505,1.05496,1.05519
2013.03.06 01:00:46.714,1.05493,1.05519
2013.03.06 01:00:47.245,1.05492,1.05519
2013.03.06 01:00:47.424,1.0549,1.05515
2013.03.06 01:00:47.485,1.05489,1.05515
2013.03.06 01:01:04.825,1.05489,1.05515
2013.03.06 01:01:05.874,1.05489,1.05515
2013.03.06 01:01:12.264,1.05485,1.05502
2013.03.06 01:01:12.566,1.05485,1.05506
2013.03.06 01:01:16.343,1.05485,1.05502
2013.03.06 01:01:16.524,1.05485,1.05507
2013.03.06 01:01:22.798,1.05487,1.05508
2013.03.06 01:01:23.165,1.05485,1.05507
2013.03.06 01:01:23.528,1.05487,1.05508
2013.03.06 01:01:42.558,1.05485,1.05507
2013.03.06 01:01:42.914,1.05485,1.05507
2013.03.06 01:01:42.975,1.05485,1.05504
2013.03.06 01:01:43.327,1.05485,1.05502
2013.03.06 01:01:43.563,1.05485,1.05504
2013.03.06 01:01:43.877,1.05485,1.05502
2013.03.06 01:01:44.184,1.05485,1.05497
2013.03.06 01:01:44.374,1.05485,1.05498
2013.03.06 01:01:47.527,1.05471,1.05498
2013.03.06 01:01:49.739,1.0548,1.05498
2013.03.06 01:01:49.863,1.05476,1.05498
2013.03.06 01:01:49.983,1.05476,1.05498
2013.03.06 01:01:50.579,1.05476,1.05498
2013.03.06 01:01:51.644,1.05477,1.05498
2013.03.06 01:01:52.269,1.05471,1.05498
2013.03.06 01:01:52.900,1.05477,1.05498
2013.03.06 01:01:53.146,1.05473,1.05498
2013.03.06 01:01:54.363,1.05471,1.05498
2013.03.06 01:01:54.844,1.05477,1.05503
2013.03.06 01:02:02.414,1.0547,1.05497
2013.03.06 01:02:02.623,1.05469,1.05496
2013.03.06 01:02:05.784,1.05467,1.05493
2013.03.06 01:02:05.844,1.05466,1.05493
2013.03.06 01:02:05.911,1.05466,1.05493
2013.03.06 01:02:06.154,1.05466,1.05493
2013.03.06 01:02:07.141,1.05463,1.05491
2013.03.06 01:02:09.617,1.05462,1.05488
2013.03.06 01:02:10.226,1.0546,1.05488
2013.03.06 01:02:10.344,1.05463,1.0549
2013.03.06 01:02:15.557,1.05466,1.05493
2013.03.06 01:02:19.304,1.05466,1.05493
2013.03.06 01:02:19.424,1.05471,1.05497
2013.03.06 01:02:19.484,1.05471,1.05498
2013.03.06 01:02:19.674,1.05471,1.05498
2013.03.06 01:02:20.325,1.05471,1.05498
2013.03.06 01:02:27.163,1.05473,1.05498
2013.03.06 01:02:32.236,1.05478,1.05503
2013.03.06 01:02:32.294,1.05478,1.05506
2013.03.06 01:02:40.614,1.05484,1.05506
2013.03.06 01:02:40.734,1.05486,1.05512
2013.03.06 01:02:41.234,1.05486,1.05512
2013.03.06 01:02:43.375,1.05484,1.0551
2013.03.06 01:02:43.556,1.05481,1.05505
2013.03.06 01:02:43.982,1.05478,1.05504
2013.03.06 01:02:46.722,1.05481,1.05504
2013.03.06 01:02:46.784,1.05481,1.05507
2013.03.06 01:02:47.114,1.05483,1.05509
2013.03.06 01:02:47.174,1.05488,1.05512
2013.03.06 01:02:47.235,1.05488,1.05513
2013.03.06 01:03:01.834,1.05492,1.05517
2013.03.06 01:03:01.895,1.05494,1.0552
2013.03.06 01:03:07.134,1.05494,1.05518
2013.03.06 01:03:07.434,1.05494,1.05518
2013.03.06 01:03:07.774,1.05489,1.05515
2013.03.06 01:03:11.614,1.05487,1.05513
2013.03.06 01:03:11.854,1.05489,1.05515
2013.03.06 01:03:13.104,1.05487,1.05514
2013.03.06 01:03:16.174,1.05486,1.05513
2013.03.06 01:03:16.234,1.05484,1.0551
2013.03.06 01:03:17.904,1.05484,1.0551
2013.03.06 01:03:18.024,1.05489,1.05516
2013.03.06 01:03:21.394,1.05488,1.05514
2013.03.06 01:03:25.328,1.05489,1.05516
2013.03.06 01:03:37.385,1.05487,1.05514
2013.03.06 01:03:38.148,1.05487,1.05516
2013.03.06 01:03:53.144,1.05492,1.05518
2013.03.06 01:03:53.327,1.05496,1.05522
2013.03.06 01:04:02.472,1.05495,1.05519
2013.03.06 01:04:12.414,1.05499,1.05519
2013.03.06 01:04:12.714,1.05502,1.0552
2013.03.06 01:04:12.834,1.05497,1.05521
2013.03.06 01:04:18.584,1.05496,1.05524
2013.03.06 01:04:27.574,1.05496,1.05519
2013.03.06 01:04:32.425,1.05495,1.05519
2013.03.06 01:04:32.545,1.05489,1.05516
2013.03.06 01:04:48.435,1.05492,1.05519
2013.03.06 01:04:50.414,1.05489,1.05516
2013.03.06 01:04:51.185,1.05492,1.05518
2013.03.06 01:04:52.595,1.05493,1.05519
2013.03.06 01:04:53.554,1.05493,1.05519
2013.03.06 01:04:54.074,1.05493,1.05519
2013.03.06 01:04:54.735,1.05493,1.05519
2013.03.06 01:04:55.094,1.05497,1.05523
2013.03.06 01:05:01.546,1.05497,1.05519
2013.03.06 01:05:02.195,1.05495,1.05519
2013.03.06 01:05:02.950,1.05495,1.05517
2013.03.06 01:05:03.305,1.05495,1.05515
2013.03.06 01:05:04.945,1.05496,1.05518
2013.03.06 01:05:05.575,1.05495,1.05517
2013.03.06 01:05:06.200,1.05493,1.05516
2013.03.06 01:05:06.605,1.05492,1.05514
2013.03.06 01:05:08.774,1.05493,1.05516
2013.03.06 01:05:09.066,1.05495,1.05517
2013.03.06 01:05:09.185,1.05495,1.05519
2013.03.06 01:05:11.393,1.05496,1.05518
2013.03.06 01:05:12.417,1.05498,1.05519
2013.03.06 01:05:12.756,1.05503,1.05526
2013.03.06 01:05:13.904,1.05502,1.05524
2013.03.06 01:05:13.970,1.05499,1.05523
2013.03.06 01:05:15.755,1.05496,1.0552
2013.03.06 01:05:18.125,1.05495,1.05519
2013.03.06 01:05:21.122,1.05494,1.05516
2013.03.06 01:05:21.255,1.05494,1.05518
2013.03.06 01:05:24.157,1.05494,1.05519
2013.03.06 01:05:24.885,1.05493,1.05514
2013.03.06 01:05:25.125,1.05491,1.05513
2013.03.06 01:05:36.515,1.05492,1.05514
2013.03.06 01:05:37.284,1.05492,1.05514
2013.03.06 01:05:37.606,1.05492,1.05513
2013.03.06 01:05:37.785,1.05492,1.05514
2013.03.06 01:05:39.626,1.05491,1.05512
2013.03.06 01:05:44.785,1.05491,1.05514
2013.03.06 01:05:49.885,1.05491,1.05513
2013.03.06 01:05:52.705,1.05487,1.05509
2013.03.06 01:05:53.365,1.05494,1.05515
2013.03.06 01:05:53.545,1.05494,1.05515
2013.03.06 01:05:57.345,1.05491,1.05514
2013.03.06 01:05:57.405,1.05491,1.05514
2013.03.06 01:05:57.706,1.05491,1.0551
2013.03.06 01:05:57.766,1.05488,1.0551
2013.03.06 01:05:59.026,1.05486,1.05508
2013.03.06 01:06:08.185,1.05487,1.05508
2013.03.06 01:06:09.835,1.05486,1.05508
2013.03.06 01:06:18.066,1.05483,1.05504
2013.03.06 01:06:18.670,1.05482,1.05503
2013.03.06 01:06:19.366,1.05481,1.05503
2013.03.06 01:06:19.426,1.05479,1.05502
2013.03.06 01:06:20.019,1.05478,1.05499
2013.03.06 01:06:21.435,1.05478,1.05502
2013.03.06 01:06:24.624,1.0548,1.05502
2013.03.06 01:06:24.925,1.05477,1.05501
2013.03.06 01:06:25.795,1.05477,1.05498
2013.03.06 01:06:27.874,1.05473,1.05498
2013.03.06 01:06:27.941,1.05471,1.05495
2013.03.06 01:06:33.246,1.05471,1.05493
2013.03.06 01:06:33.428,1.05471,1.05493
2013.03.06 01:06:33.665,1.05473,1.05497
2013.03.06 01:06:34.085,1.05474,1.05498
2013.03.06 01:06:34.145,1.05472,1.05496
2013.03.06 01:06:34.209,1.05472,1.05496
2013.03.06 01:06:34.456,1.05472,1.05497
2013.03.06 01:06:35.406,1.05472,1.05497
2013.03.06 01:06:35.767,1.05477,1.05498
2013.03.06 01:06:36.334,1.05475,1.05498
2013.03.06 01:06:36.575,1.05477,1.05498
2013.03.06 01:06:37.485,1.05478,1.05503
2013.03.06 01:06:38.915,1.05482,1.05503
2013.03.06 01:06:39.188,1.05482,1.05507
2013.03.06 01:06:39.845,1.05483,1.05507
2013.03.06 01:06:40.146,1.05488,1.05512
2013.03.06 01:06:40.768,1.05496,1.05517
2013.03.06 01:06:41.096,1.05499,1.05522
2013.03.06 01:06:41.436,1.055,1.05522
2013.03.06 01:06:41.496,1.055,1.05522
2013.03.06 01:06:42.065,1.05502,1.05523
2013.03.06 01:06:42.937,1.05499,1.05522
2013.03.06 01:06:43.067,1.055,1.05522
2013.03.06 01:06:43.365,1.05507,1.05527
2013.03.06 01:06:43.487,1.05506,1.05527
2013.03.06 01:06:43.786,1.05506,1.05528
2013.03.06 01:06:44.377,1.05506,1.05529
2013.03.06 01:06:46.085,1.05506,1.05529
2013.03.06 01:06:46.325,1.05505,1.05529
2013.03.06 01:06:47.226,1.05507,1.05529
2013.03.06 01:06:49.314,1.05508,1.05531
2013.03.06 01:06:49.436,1.05508,1.05533
2013.03.06 01:06:49.556,1.05507,1.05532
2013.03.06 01:06:49.879,1.05507,1.05529
2013.03.06 01:06:52.615,1.05507,1.0553
2013.03.06 01:06:52.795,1.05508,1.05533
2013.03.06 01:06:53.396,1.05508,1.05532
2013.03.06 01:06:54.021,1.05508,1.05529
2013.03.06 01:06:54.405,1.05507,1.05529
2013.03.06 01:06:54.466,1.05506,1.05528
2013.03.06 01:07:00.207,1.05506,1.05529
