Time,Bid,Ask
2013.03.07 00:00:02.366,1.05642,1.05669
2013.03.07 00:00:04.806,1.05641,1.05669
2013.03.07 00:00:30.964,1.05644,1.05673
2013.03.07 00:00:35.757,1.05646,1.05673
2013.03.07 00:01:02.719,1.05651,1.05672
2013.03.07 00:01:03.267,1.05646,1.05672
2013.03.07 00:01:05.231,1.05646,1.05671
2013.03.07 00:01:05.819,1.05646,1.0567
2013.03.07 00:01:26.704,1.05646,1.05672
2013.03.07 00:01:27.968,1.05646,1.05672
2013.03.07 00:01:43.268,1.05649,1.05674
2013.03.07 00:01:43.888,1.05649,1.05674
2013.03.07 00:01:47.988,1.05646,1.05674
2013.03.07 00:01:49.288,1.05646,1.05674
2013.03.07 00:01:49.857,1.05646,1.05674
2013.03.07 00:01:55.167,1.05646,1.05674
2013.03.07 00:02:05.417,1.05643,1.05669
2013.03.07 00:02:05.927,1.05641,1.05666
2013.03.07 00:02:17.867,1.05642,1.05669
2013.03.07 00:02:17.926,1.05642,1.0567
2013.03.07 00:02:25.287,1.05641,1.05669
2013.03.07 00:02:31.978,1.05651,1.05669
2013.03.07 00:02:32.037,1.05651,1.0567
2013.03.07 00:02:32.607,1.05651,1.05671
2013.03.07 00:02:38.677,1.05647,1.05671
2013.03.07 00:02:38.797,1.05647,1.05667
2013.03.07 00:02:39.037,1.05641,1.05661
2013.03.07 00:02:39.228,1.05636,1.05661
2013.03.07 00:02:39.867,1.05633,1.0566
2013.03.07 00:02:39.928,1.05633,1.0566
2013.03.07 00:02:44.551,1.05632,1.05656
2013.03.07 00:02:46.527,1.05632,1.05659
2013.03.07 00:02:46.591,1.05633,1.05661
2013.03.07 00:02:50.384,1.05633,1.05661
2013.03.07 00:02:50.448,1.05633,1.05661
2013.03.07 00:02:57.889,1.05633,1.05661
2013.03.07 00:02:58.438,1.05633,1.05661
2013.03.07 00:03:02.347,1.05634,1.05662
2013.03.07 00:03:02.527,1.05634,1.05662
2013.03.07 00:03:21.747,1.05632,1.05658
2013.03.07 00:03:25.489,1.05632,1.05658
2013.03.07 00:03:28.635,1.05635,1.05659
2013.03.07 00:03:29.052,1.05635,1.05662
2013.03.07 00:03:29.837,1.05635,1.05662
2013.03.07 00:03:30.017,1.05636,1.05662
2013.03.07 00:03:31.597,1.05636,1.05662
2013.03.07 00:03:34.927,1.05636,1.05661
2013.03.07 00:03:35.432,1.05636,1.05662
2013.03.07 00:03:35.498,1.0564,1.05664
2013.03.07 00:03:35.557,1.0564,1.05664
2013.03.07 00:03:36.062,1.0564,1.05664
2013.03.07 00:03:37.075,1.0564,1.05664
2013.03.07 00:03:38.897,1.0564,1.05664
2013.03.07 00:03:39.197,1.05641,1.05665
2013.03.07 00:03:52.837,1.0564,1.05666
2013.03.07 00:03:53.388,1.05641,1.05666
2013.03.07 00:03:55.687,1.05643,1.05669
2013.03.07 00:03:56.678,1.05641,1.05668
2013.03.07 00:04:14.209,1.05638,1.05665
2013.03.07 00:04:17.727,1.05638,1.05666
2013.03.07 00:04:21.007,1.05642,1.05666
2013.03.07 00:04:21.068,1.05643,1.05666
2013.03.07 00:04:21.637,1.05638,1.05664
2013.03.07 00:04:21.757,1.05638,1.05664
2013.03.07 00:04:21.887,1.05638,1.05664
2013.03.07 00:04:22.011,1.05637,1.05664
2013.03.07 00:04:22.217,1.05633,1.05658
2013.03.07 00:04:40.339,1.05634,1.05658
2013.03.07 00:04:42.168,1.05638,1.05665
2013.03.07 00:04:42.688,1.05638,1.05665
2013.03.07 00:04:49.627,1.05636,1.05664
2013.03.07 00:04:49.688,1.05634,1.05662
2013.03.07 00:04:49.897,1.05633,1.05661
2013.03.07 00:04:50.257,1.05638,1.05663
2013.03.07 00:04:50.377,1.05638,1.05663
2013.03.07 00:04:50.990,1.05638,1.05665
2013.03.07 00:05:10.177,1.05637,1.05665
2013.03.07 00:05:19.418,1.0564,1.05668
2013.03.07 00:05:20.314,1.05642,1.05668
2013.03.07 00:05:25.610,1.05644,1.05671
2013.03.07 00:05:26.103,1.05647,1.05672
2013.03.07 00:05:27.077,1.05643,1.0567
2013.03.07 00:05:47.355,1.05642,1.05668
2013.03.07 00:06:07.607,1.05641,1.05668
2013.03.07 00:06:09.540,1.0564,1.05668
2013.03.07 00:06:09.719,1.05636,1.05663
2013.03.07 00:06:09.909,1.05637,1.05664
2013.03.07 00:06:09.980,1.05637,1.05664
2013.03.07 00:06:10.158,1.05635,1.05663
2013.03.07 00:06:11.028,1.05632,1.05659
2013.03.07 00:06:16.580,1.05632,1.0566
2013.03.07 00:06:16.997,1.05632,1.05659
2013.03.07 00:06:30.627,1.05632,1.05659
2013.03.07 00:06:31.231,1.05634,1.05661
2013.03.07 00:06:50.689,1.05633,1.05658
2013.03.07 00:06:51.442,1.05632,1.05658
2013.03.07 00:06:56.749,1.05632,1.05658
2013.03.07 00:06:57.108,1.05629,1.05656
2013.03.07 00:07:16.359,1.05632,1.05659
2013.03.07 00:07:17.163,1.05632,1.0566
2013.03.07 00:07:29.117,1.05628,1.05659
2013.03.07 00:07:29.467,1.05626,1.05655
2013.03.07 00:07:29.768,1.05626,1.05651
2013.03.07 00:07:29.828,1.05626,1.05651
2013.03.07 00:07:31.108,1.05626,1.05652
2013.03.07 00:07:31.648,1.05626,1.05654
2013.03.07 00:07:36.369,1.0563,1.05654
2013.03.07 00:07:37.199,1.05631,1.05657
2013.03.07 00:07:37.589,1.05631,1.05657
2013.03.07 00:07:40.169,1.05636,1.05663
2013.03.07 00:07:40.289,1.05636,1.05663
2013.03.07 00:07:40.588,1.05637,1.05663
2013.03.07 00:07:40.948,1.0564,1.05665
2013.03.07 00:07:43.338,1.05637,1.05663
2013.03.07 00:07:43.743,1.05636,1.05663
2013.03.07 00:07:45.038,1.05634,1.05659
2013.03.07 00:07:46.389,1.05634,1.05659
2013.03.07 00:07:49.138,1.05632,1.05657
2013.03.07 00:07:51.330,1.05631,1.05655
2013.03.07 00:07:51.458,1.05628,1.05655
2013.03.07 00:07:51.578,1.05631,1.05657
2013.03.07 00:07:51.698,1.05632,1.05657
2013.03.07 00:07:59.047,1.05633,1.05659
2013.03.07 00:08:04.089,1.05633,1.05658
2013.03.07 00:08:04.268,1.05629,1.05656
2013.03.07 00:08:09.039,1.0563,1.05656
2013.03.07 00:08:09.101,1.05631,1.05656
2013.03.07 00:08:09.608,1.05631,1.05656
2013.03.07 00:08:12.188,1.05632,1.05657
2013.03.07 00:08:12.644,1.05636,1.05661
2013.03.07 00:08:16.408,1.05636,1.05661
2013.03.07 00:08:17.169,1.05641,1.05665
2013.03.07 00:08:17.418,1.05641,1.05665
2013.03.07 00:08:18.828,1.05644,1.05669
2013.03.07 00:08:19.434,1.05644,1.05669
2013.03.07 00:08:20.068,1.05641,1.05668
2013.03.07 00:08:23.327,1.05641,1.05666
2013.03.07 00:08:24.089,1.05641,1.05666
2013.03.07 00:08:24.448,1.05639,1.05666
2013.03.07 00:08:24.928,1.05635,1.05662
2013.03.07 00:08:24.988,1.05633,1.0566
2013.03.07 00:08:28.048,1.05632,1.05658
2013.03.07 00:08:28.588,1.05631,1.05655
2013.03.07 00:08:31.439,1.05631,1.05655
2013.03.07 00:08:36.236,1.05632,1.05658
2013.03.07 00:08:36.748,1.05636,1.05661
2013.03.07 00:08:36.988,1.05636,1.05662
2013.03.07 00:08:37.322,1.05638,1.05664
2013.03.07 00:08:37.389,1.05641,1.05666
2013.03.07 00:08:37.718,1.05641,1.05666
2013.03.07 00:08:38.520,1.05643,1.05668
2013.03.07 00:08:40.399,1.05643,1.05668
2013.03.07 00:08:41.129,1.05641,1.05666
2013.03.07 00:08:41.818,1.05641,1.05665
2013.03.07 00:08:41.941,1.05636,1.05664
2013.03.07 00:08:42.070,1.05635,1.05664
2013.03.07 00:08:42.490,1.05635,1.05658
2013.03.07 00:08:42.678,1.05632,1.05658
2013.03.07 00:08:43.159,1.05632,1.05656
2013.03.07 00:08:44.418,1.05632,1.05656
2013.03.07 00:08:44.972,1.05636,1.05656
2013.03.07 00:08:45.504,1.05632,1.05657
2013.03.07 00:08:50.558,1.05631,1.05658
2013.03.07 00:08:50.678,1.05632,1.05656
2013.03.07 00:08:50.978,1.0563,1.05654
2013.03.07 00:08:51.494,1.0563,1.05654
2013.03.07 00:09:02.717,1.05629,1.05654
2013.03.07 00:09:03.058,1.05626,1.05654
2013.03.07 00:09:03.398,1.05623,1.05652
2013.03.07 00:09:15.779,1.05621,1.05646
2013.03.07 00:09:15.838,1.05619,1.05646
2013.03.07 00:09:28.342,1.05621,1.05646
2013.03.07 00:09:28.919,1.05624,1.05646
2013.03.07 00:09:29.158,1.05625,1.05652
2013.03.07 00:09:29.278,1.05625,1.05652
2013.03.07 00:09:35.258,1.05628,1.05656
2013.03.07 00:09:49.799,1.05626,1.05652
2013.03.07 00:09:50.880,1.05624,1.05649
2013.03.07 00:09:50.998,1.05622,1.05649
2013.03.07 00:09:51.178,1.05626,1.05651
2013.03.07 00:09:51.419,1.05622,1.05649
2013.03.07 00:09:51.778,1.05626,1.05651
2013.03.07 00:09:52.154,1.05632,1.0565
2013.03.07 00:09:53.010,1.05635,1.05652
2013.03.07 00:09:53.128,1.05635,1.05656
2013.03.07 00:09:53.249,1.05635,1.05658
2013.03.07 00:09:53.639,1.05642,1.05658
2013.03.07 00:09:53.818,1.05642,1.05661
2013.03.07 00:09:54.488,1.05642,1.05661
2013.03.07 00:09:55.170,1.05642,1.05662
2013.03.07 00:09:55.358,1.05642,1.05661
2013.03.07 00:09:55.873,1.05642,1.05659
2013.03.07 00:09:56.188,1.05636,1.05659
2013.03.07 00:10:03.768,1.05632,1.05658
2013.03.07 00:10:05.895,1.0563,1.05657
2013.03.07 00:10:06.018,1.0563,1.05653
2013.03.07 00:10:13.129,1.05632,1.05657
2013.03.07 00:10:13.845,1.05632,1.05657
2013.03.07 00:10:16.408,1.05632,1.05657
2013.03.07 00:10:16.769,1.05632,1.05659
2013.03.07 00:10:19.698,1.05636,1.05663
2013.03.07 00:10:20.488,1.05636,1.05663
2013.03.07 00:10:20.748,1.05636,1.05662
2013.03.07 00:10:21.070,1.05632,1.05659
2013.03.07 00:10:26.659,1.05631,1.05659
2013.03.07 00:10:26.779,1.05631,1.05659
2013.03.07 00:10:27.179,1.0563,1.05657
2013.03.07 00:10:27.718,1.05631,1.05658
2013.03.07 00:10:27.780,1.05631,1.05658
2013.03.07 00:10:27.980,1.05631,1.05658
2013.03.07 00:10:28.278,1.05631,1.05657
2013.03.07 00:10:28.338,1.05631,1.05659
2013.03.07 00:10:28.788,1.05631,1.05657
2013.03.07 00:10:29.334,1.05631,1.05657
2013.03.07 00:10:29.897,1.05631,1.05657
2013.03.07 00:10:32.398,1.05631,1.05657
2013.03.07 00:10:43.788,1.05631,1.05658
2013.03.07 00:10:48.699,1.05629,1.05657
2013.03.07 00:11:08.858,1.05632,1.05658
2013.03.07 00:11:16.908,1.05634,1.0566
2013.03.07 00:11:17.495,1.05641,1.0566
2013.03.07 00:11:18.138,1.05641,1.05662
2013.03.07 00:11:28.258,1.05637,1.05662
2013.03.07 00:11:36.335,1.05637,1.05663
2013.03.07 00:11:36.648,1.05637,1.05663
2013.03.07 00:11:37.277,1.05637,1.05661
2013.03.07 00:11:39.668,1.05636,1.0566
2013.03.07 00:11:39.849,1.05633,1.0566
2013.03.07 00:11:39.908,1.05636,1.0566
2013.03.07 00:12:01.358,1.05636,1.05663
2013.03.07 00:12:02.841,1.05636,1.05663
2013.03.07 00:12:06.449,1.05637,1.05663
2013.03.07 00:12:06.509,1.05637,1.05663
2013.03.07 00:12:07.125,1.05636,1.05662
2013.03.07 00:12:26.678,1.05635,1.05662
2013.03.07 00:12:33.378,1.05635,1.05659
2013.03.07 00:12:33.739,1.05629,1.05652
2013.03.07 00:12:51.678,1.05624,1.05652
2013.03.07 00:12:52.168,1.05622,1.0565
2013.03.07 00:12:52.229,1.05622,1.0565
2013.03.07 00:12:52.288,1.05621,1.05647
2013.03.07 00:13:02.274,1.05622,1.05647
2013.03.07 00:13:04.148,1.05625,1.05647
2013.03.07 00:13:04.778,1.05625,1.0565
2013.03.07 00:13:06.678,1.05623,1.05649
2013.03.07 00:13:06.798,1.05623,1.05649
2013.03.07 00:13:10.043,1.05625,1.05651
2013.03.07 00:13:13.138,1.05625,1.05651
2013.03.07 00:13:13.500,1.05626,1.05651
2013.03.07 00:13:13.558,1.05625,1.05651
2013.03.07 00:13:16.283,1.05625,1.05649
2013.03.07 00:13:17.033,1.05625,1.05651
2013.03.07 00:13:17.368,1.05624,1.05649
2013.03.07 00:13:17.488,1.05624,1.05649
2013.03.07 00:13:24.443,1.05624,1.05648
2013.03.07 00:13:24.508,1.05623,1.05647
2013.03.07 00:13:28.209,1.05623,1.05647
2013.03.07 00:13:30.680,1.05626,1.05649
2013.03.07 00:13:30.738,1.05626,1.05651
2013.03.07 00:13:38.876,1.05631,1.05651
2013.03.07 00:13:39.258,1.05627,1.05651
2013.03.07 00:13:39.469,1.05632,1.05651
2013.03.07 00:13:40.690,1.05636,1.05657
2013.03.07 00:13:43.498,1.05632,1.05657
2013.03.07 00:13:59.939,1.05637,1.05657
2013.03.07 00:14:00.058,1.05637,1.0566
2013.03.07 00:14:14.679,1.05641,1.05663
2013.03.07 00:14:14.739,1.05641,1.05666
2013.03.07 00:14:14.799,1.05641,1.05667
2013.03.07 00:14:14.918,1.05647,1.05669
2013.03.07 00:14:14.979,1.05647,1.0567
2013.03.07 00:14:16.369,1.05647,1.05672
2013.03.07 00:14:35.702,1.05647,1.05674
2013.03.07 00:15:01.478,1.05649,1.05673
2013.03.07 00:15:01.779,1.05643,1.05666
2013.03.07 00:15:07.278,1.05647,1.05669
2013.03.07 00:15:07.340,1.05651,1.05673
2013.03.07 00:15:07.739,1.05651,1.05673
2013.03.07 00:15:27.362,1.05651,1.05673
2013.03.07 00:15:47.642,1.05651,1.05675
2013.03.07 00:15:58.828,1.05652,1.05678
2013.03.07 00:16:02.169,1.05652,1.05676
2013.03.07 00:16:02.490,1.05652,1.05676
2013.03.07 00:16:03.077,1.05652,1.05676
2013.03.07 00:16:04.490,1.05652,1.05676
2013.03.07 00:16:19.180,1.05651,1.05677
2013.03.07 00:16:34.500,1.05649,1.05674
2013.03.07 00:16:54.668,1.0565,1.05676
2013.03.07 00:16:57.749,1.05658,1.05676
2013.03.07 00:16:58.108,1.05651,1.05676
2013.03.07 00:17:00.919,1.05648,1.05675
2013.03.07 00:17:01.450,1.0564,1.05659
2013.03.07 00:17:04.500,1.05637,1.05661
2013.03.07 00:17:05.869,1.05637,1.05662
2013.03.07 00:17:06.580,1.05641,1.05665
2013.03.07 00:17:08.549,1.05643,1.05669
2013.03.07 00:17:08.809,1.05643,1.05668
2013.03.07 00:17:09.009,1.05643,1.05668
2013.03.07 00:17:15.419,1.05642,1.05667
2013.03.07 00:17:15.479,1.05642,1.05665
2013.03.07 00:17:20.609,1.05638,1.05662
2013.03.07 00:17:20.730,1.05635,1.05658
2013.03.07 00:17:20.910,1.05638,1.0566
2013.03.07 00:17:21.150,1.05633,1.05658
2013.03.07 00:17:22.498,1.05637,1.0566
2013.03.07 00:17:24.059,1.05637,1.05654
2013.03.07 00:17:24.238,1.05632,1.05654
2013.03.07 00:17:27.990,1.05627,1.05653
2013.03.07 00:17:28.469,1.05626,1.05653
2013.03.07 00:17:29.580,1.05626,1.05654
2013.03.07 00:17:29.638,1.05626,1.05653
2013.03.07 00:17:29.968,1.05632,1.05653
2013.03.07 00:17:32.859,1.05632,1.05657
2013.03.07 00:17:33.999,1.05641,1.05657
2013.03.07 00:17:34.439,1.05642,1.05664
2013.03.07 00:17:38.509,1.05651,1.05668
2013.03.07 00:17:38.750,1.05645,1.05668
2013.03.07 00:17:38.989,1.05642,1.05668
2013.03.07 00:17:39.349,1.05642,1.05664
2013.03.07 00:17:40.870,1.05646,1.05664
2013.03.07 00:17:46.680,1.05646,1.05668
2013.03.07 00:17:46.744,1.05646,1.05669
2013.03.07 00:17:51.180,1.05642,1.05665
2013.03.07 00:17:51.338,1.05643,1.05665
2013.03.07 00:17:55.749,1.05647,1.05666
2013.03.07 00:17:55.869,1.05647,1.05669
2013.03.07 00:17:56.379,1.05642,1.05668
2013.03.07 00:18:04.968,1.05642,1.05664
2013.03.07 00:18:05.758,1.05637,1.05663
2013.03.07 00:18:05.939,1.05637,1.05661
2013.03.07 00:18:06.298,1.05633,1.05658
2013.03.07 00:18:12.818,1.05632,1.05656
2013.03.07 00:18:13.000,1.0563,1.05651
2013.03.07 00:18:13.178,1.0563,1.05653
2013.03.07 00:18:13.238,1.05626,1.05651
2013.03.07 00:18:13.370,1.05626,1.05653
2013.03.07 00:18:13.429,1.05624,1.05651
2013.03.07 00:18:15.578,1.05626,1.05651
2013.03.07 00:18:15.699,1.05631,1.05651
2013.03.07 00:18:16.239,1.05631,1.05653
2013.03.07 00:18:16.599,1.05632,1.05656
2013.03.07 00:18:17.379,1.05631,1.05655
2013.03.07 00:18:17.499,1.0563,1.05655
2013.03.07 00:18:17.679,1.05631,1.05654
2013.03.07 00:18:17.918,1.05627,1.05652
2013.03.07 00:18:24.909,1.0563,1.05654
2013.03.07 00:18:34.539,1.05631,1.05657
2013.03.07 00:18:34.659,1.05631,1.05657
2013.03.07 00:18:34.719,1.05631,1.05657
2013.03.07 00:18:44.350,1.05636,1.05659
2013.03.07 00:18:45.640,1.05636,1.05659
2013.03.07 00:18:55.728,1.05646,1.05671
2013.03.07 00:18:55.980,1.05651,1.05668
2013.03.07 00:19:02.159,1.05647,1.05671
2013.03.07 00:19:02.279,1.05647,1.05673
2013.03.07 00:19:05.105,1.05651,1.05673
2013.03.07 00:19:07.169,1.05652,1.05674
2013.03.07 00:19:07.719,1.05647,1.05673
2013.03.07 00:19:17.739,1.05645,1.05668
2013.03.07 00:19:17.919,1.0565,1.05668
2013.03.07 00:19:17.980,1.05651,1.05668
2013.03.07 00:19:18.219,1.05651,1.05673
2013.03.07 00:19:18.969,1.05648,1.05673
2013.03.07 00:19:19.289,1.05647,1.05669
2013.03.07 00:19:19.940,1.05652,1.05673
2013.03.07 00:19:20.006,1.05652,1.05675
2013.03.07 00:19:27.340,1.05652,1.05678
2013.03.07 00:19:29.300,1.05652,1.05678
2013.03.07 00:19:29.832,1.05652,1.05674
2013.03.07 00:19:37.700,1.05648,1.05673
2013.03.07 00:19:38.121,1.05648,1.05672
2013.03.07 00:19:38.239,1.05647,1.05672
2013.03.07 00:19:38.299,1.05647,1.05672
2013.03.07 00:19:38.490,1.05641,1.05668
2013.03.07 00:19:38.781,1.05637,1.05663
2013.03.07 00:19:39.490,1.05639,1.05664
2013.03.07 00:19:39.551,1.05642,1.05669
2013.03.07 00:19:39.670,1.05651,1.05674
2013.03.07 00:19:39.729,1.05651,1.05674
2013.03.07 00:19:40.476,1.05651,1.05675
2013.03.07 00:19:40.669,1.05651,1.05677
2013.03.07 00:19:44.729,1.05661,1.0568
2013.03.07 00:19:44.790,1.05661,1.05682
2013.03.07 00:19:45.212,1.05666,1.05688
2013.03.07 00:19:45.939,1.05672,1.0569
2013.03.07 00:19:45.999,1.05672,1.05692
2013.03.07 00:19:46.118,1.05672,1.05694
2013.03.07 00:19:46.620,1.05672,1.05696
2013.03.07 00:19:49.573,1.05672,1.05691
2013.03.07 00:19:49.819,1.05666,1.05691
2013.03.07 00:19:50.066,1.05664,1.05689
2013.03.07 00:19:50.249,1.05661,1.05687
2013.03.07 00:19:52.649,1.05672,1.05688
2013.03.07 00:19:52.708,1.05672,1.05689
2013.03.07 00:19:52.769,1.05672,1.05693
2013.03.07 00:19:52.829,1.05667,1.05692
2013.03.07 00:19:52.890,1.05667,1.05692
2013.03.07 00:19:53.190,1.05667,1.05694
2013.03.07 00:19:53.249,1.05667,1.05693
2013.03.07 00:19:55.889,1.05669,1.05692
2013.03.07 00:19:56.010,1.05667,1.0569
2013.03.07 00:19:56.558,1.05667,1.05688
2013.03.07 00:20:16.663,1.05664,1.05688
2013.03.07 00:20:36.689,1.05665,1.05688
2013.03.07 00:20:43.695,1.05663,1.05686
2013.03.07 00:20:45.549,1.05662,1.05684
2013.03.07 00:20:48.210,1.05657,1.05683
2013.03.07 00:20:54.139,1.05662,1.05684
2013.03.07 00:20:54.500,1.05657,1.05683
2013.03.07 00:20:55.711,1.05657,1.05678
2013.03.07 00:20:56.259,1.05652,1.05677
2013.03.07 00:20:56.799,1.05651,1.05672
2013.03.07 00:20:57.709,1.05651,1.05676
2013.03.07 00:20:57.811,1.05651,1.05678
2013.03.07 00:20:58.270,1.05652,1.0568
2013.03.07 00:20:59.639,1.05657,1.0568
2013.03.07 00:20:59.999,1.05654,1.05682
2013.03.07 00:21:04.480,1.05657,1.05682
2013.03.07 00:21:04.600,1.05659,1.05685
2013.03.07 00:21:04.720,1.05659,1.05685
2013.03.07 00:21:04.901,1.05661,1.05687
2013.03.07 00:21:05.885,1.05657,1.05683
2013.03.07 00:21:06.195,1.05656,1.05682
2013.03.07 00:21:15.586,1.05655,1.0568
2013.03.07 00:21:15.829,1.05652,1.05676
2013.03.07 00:21:16.259,1.05655,1.05676
2013.03.07 00:21:19.561,1.05655,1.05678
2013.03.07 00:21:25.720,1.05652,1.05679
2013.03.07 00:21:39.749,1.05652,1.05679
2013.03.07 00:21:46.729,1.05652,1.05677
2013.03.07 00:21:46.789,1.05651,1.05674
2013.03.07 00:21:47.170,1.05647,1.05674
2013.03.07 00:21:47.649,1.05646,1.05673
2013.03.07 00:21:47.829,1.05649,1.05673
2013.03.07 00:21:48.829,1.05649,1.05673
2013.03.07 00:21:48.949,1.05649,1.05673
2013.03.07 00:21:49.479,1.05649,1.05676
2013.03.07 00:21:58.061,1.05645,1.05673
2013.03.07 00:21:58.132,1.05645,1.05673
2013.03.07 00:21:59.817,1.05646,1.05674
2013.03.07 00:21:59.896,1.05646,1.05674
2013.03.07 00:22:03.549,1.05651,1.05674
2013.03.07 00:22:07.210,1.05656,1.05678
2013.03.07 00:22:07.270,1.05656,1.0568
2013.03.07 00:22:07.450,1.05651,1.05679
2013.03.07 00:22:18.493,1.05651,1.05678
2013.03.07 00:22:20.839,1.05651,1.05675
2013.03.07 00:22:21.090,1.05651,1.05678
2013.03.07 00:22:21.270,1.05651,1.05678
2013.03.07 00:22:21.592,1.05652,1.05678
2013.03.07 00:22:21.770,1.05656,1.05674
2013.03.07 00:22:22.010,1.05653,1.05678
2013.03.07 00:22:22.250,1.05658,1.05683
2013.03.07 00:22:22.430,1.05656,1.05683
2013.03.07 00:22:23.057,1.05656,1.05683
2013.03.07 00:22:23.241,1.05657,1.05683
2013.03.07 00:22:23.691,1.05657,1.05683
2013.03.07 00:22:24.325,1.05657,1.05681
2013.03.07 00:22:24.393,1.05652,1.05678
2013.03.07 00:22:24.803,1.05652,1.05678
2013.03.07 00:22:27.590,1.05652,1.05678
2013.03.07 00:22:27.989,1.05656,1.05681
2013.03.07 00:22:28.349,1.05661,1.05684
2013.03.07 00:22:28.670,1.05667,1.05689
2013.03.07 00:22:28.792,1.05668,1.05693
2013.03.07 00:22:28.980,1.05672,1.05695
2013.03.07 00:22:29.040,1.05672,1.05695
2013.03.07 00:22:29.101,1.05672,1.05695
2013.03.07 00:22:29.641,1.05672,1.05694
2013.03.07 00:22:29.699,1.05676,1.05694
2013.03.07 00:22:30.800,1.0567,1.05695
2013.03.07 00:22:31.861,1.05668,1.05694
2013.03.07 00:22:31.922,1.05668,1.05694
2013.03.07 00:22:32.279,1.05668,1.05692
2013.03.07 00:22:32.399,1.05664,1.05689
2013.03.07 00:22:32.960,1.05661,1.05689
2013.03.07 00:22:33.200,1.05661,1.05686
2013.03.07 00:22:33.750,1.0566,1.05683
2013.03.07 00:22:37.449,1.05657,1.05683
2013.03.07 00:22:39.239,1.05661,1.05685
2013.03.07 00:22:39.759,1.05665,1.05689
2013.03.07 00:22:40.460,1.05665,1.05686
2013.03.07 00:22:40.639,1.05657,1.05684
2013.03.07 00:22:40.950,1.05657,1.05684
2013.03.07 00:22:41.269,1.05662,1.05684
2013.03.07 00:22:41.890,1.05666,1.05689
2013.03.07 00:22:42.339,1.05662,1.05688
2013.03.07 00:22:45.049,1.05656,1.05684
2013.03.07 00:22:45.169,1.05656,1.05684
2013.03.07 00:22:45.480,1.05653,1.05679
2013.03.07 00:22:46.071,1.05653,1.05679
2013.03.07 00:22:49.444,1.05651,1.05677
2013.03.07 00:23:07.391,1.0565,1.05675
2013.03.07 00:23:07.520,1.0565,1.05675
2013.03.07 00:23:16.574,1.05652,1.05678
2013.03.07 00:23:16.799,1.05652,1.05679
2013.03.07 00:23:29.709,1.05652,1.05679
2013.03.07 00:23:30.797,1.05656,1.05681
2013.03.07 00:23:31.149,1.05662,1.05684
2013.03.07 00:23:31.599,1.05665,1.05684
2013.03.07 00:23:31.720,1.05665,1.05691
2013.03.07 00:23:31.970,1.05672,1.0569
2013.03.07 00:23:32.441,1.05672,1.05697
2013.03.07 00:23:37.909,1.05676,1.05697
2013.03.07 00:23:38.271,1.05676,1.05701
2013.03.07 00:23:38.810,1.05673,1.05701
2013.03.07 00:23:38.929,1.05676,1.05701
2013.03.07 00:23:41.094,1.05673,1.057
2013.03.07 00:23:41.160,1.05673,1.057
2013.03.07 00:23:41.683,1.05673,1.05701
2013.03.07 00:23:41.749,1.05672,1.05699
2013.03.07 00:23:41.930,1.05672,1.05699
2013.03.07 00:23:42.050,1.05672,1.05698
2013.03.07 00:23:42.800,1.05667,1.05693
2013.03.07 00:23:52.490,1.05672,1.05698
2013.03.07 00:23:54.270,1.05672,1.05695
2013.03.07 00:23:54.469,1.05667,1.05693
2013.03.07 00:23:54.591,1.05668,1.0569
2013.03.07 00:23:54.653,1.05665,1.05689
2013.03.07 00:23:55.090,1.05664,1.05688
2013.03.07 00:23:55.270,1.05662,1.05684
2013.03.07 00:23:55.449,1.05662,1.05688
2013.03.07 00:24:16.110,1.05661,1.05687
2013.03.07 00:24:16.233,1.0566,1.05687
2013.03.07 00:24:34.059,1.05656,1.05684
2013.03.07 00:24:41.410,1.05661,1.05687
2013.03.07 00:24:41.530,1.05661,1.05688
2013.03.07 00:24:57.802,1.05661,1.05687
2013.03.07 00:24:58.069,1.05661,1.05687
2013.03.07 00:24:59.140,1.0566,1.05684
2013.03.07 00:25:19.699,1.05659,1.05685
2013.03.07 00:25:26.319,1.05662,1.05689
2013.03.07 00:25:26.499,1.05662,1.05689
2013.03.07 00:25:30.379,1.05663,1.05689
2013.03.07 00:25:30.570,1.05662,1.05689
2013.03.07 00:25:33.082,1.05662,1.05689
2013.03.07 00:25:33.199,1.05662,1.05689
2013.03.07 00:25:33.879,1.05666,1.05695
2013.03.07 00:25:34.059,1.05668,1.05695
2013.03.07 00:25:35.869,1.05668,1.05697
2013.03.07 00:25:36.180,1.05672,1.05698
2013.03.07 00:25:37.030,1.05677,1.057
2013.03.07 00:25:40.460,1.05674,1.05699
2013.03.07 00:25:45.710,1.05679,1.05706
2013.03.07 00:26:01.361,1.05676,1.05699
2013.03.07 00:26:01.541,1.05673,1.05699
2013.03.07 00:26:38.583,1.05675,1.05699
2013.03.07 00:26:38.880,1.05669,1.05693
2013.03.07 00:26:38.941,1.05667,1.05693
2013.03.07 00:26:40.980,1.05664,1.05689
2013.03.07 00:26:42.422,1.05664,1.05692
2013.03.07 00:26:42.601,1.05666,1.05692
2013.03.07 00:26:42.840,1.05661,1.05689
2013.03.07 00:27:01.710,1.05661,1.05689
2013.03.07 00:27:04.630,1.05661,1.05689
2013.03.07 00:27:09.340,1.05663,1.05689
2013.03.07 00:27:12.418,1.05663,1.05689
2013.03.07 00:27:12.480,1.05667,1.05693
2013.03.07 00:27:32.669,1.05664,1.05691
2013.03.07 00:27:35.081,1.05664,1.05691
2013.03.07 00:27:35.320,1.05659,1.05686
2013.03.07 00:27:35.680,1.05655,1.05679
2013.03.07 00:27:36.229,1.05654,1.05679
2013.03.07 00:27:38.399,1.05653,1.05679
2013.03.07 00:27:41.589,1.05653,1.0568
2013.03.07 00:27:42.220,1.05649,1.05675
2013.03.07 00:27:51.350,1.05647,1.05673
2013.03.07 00:27:52.050,1.05647,1.05672
2013.03.07 00:27:59.460,1.05647,1.05673
2013.03.07 00:28:01.071,1.05644,1.05672
2013.03.07 00:28:01.251,1.05644,1.05672
2013.03.07 00:28:01.431,1.05643,1.05667
2013.03.07 00:28:01.609,1.05643,1.05668
2013.03.07 00:28:02.153,1.05642,1.05668
2013.03.07 00:28:09.744,1.05638,1.05665
2013.03.07 00:28:27.150,1.05642,1.05668
2013.03.07 00:28:36.670,1.05642,1.0567
2013.03.07 00:28:37.120,1.05643,1.05672
2013.03.07 00:28:37.180,1.05644,1.05672
2013.03.07 00:28:37.369,1.05647,1.05672
2013.03.07 00:28:37.731,1.05651,1.05678
2013.03.07 00:28:40.389,1.05652,1.05678
2013.03.07 00:28:40.451,1.05652,1.05678
2013.03.07 00:28:40.810,1.05647,1.05675
2013.03.07 00:28:42.070,1.05648,1.05675
2013.03.07 00:28:42.190,1.05651,1.05679
2013.03.07 00:28:47.631,1.0565,1.05678
2013.03.07 00:28:53.619,1.0565,1.05678
2013.03.07 00:28:54.039,1.05646,1.05674
2013.03.07 00:28:55.150,1.05646,1.05674
2013.03.07 00:29:05.351,1.05647,1.05677
2013.03.07 00:29:05.410,1.05649,1.05678
2013.03.07 00:29:10.099,1.05646,1.05673
2013.03.07 00:29:10.903,1.05646,1.05673
2013.03.07 00:29:12.429,1.05646,1.05673
2013.03.07 00:29:16.429,1.05642,1.05669
2013.03.07 00:29:17.601,1.05642,1.05669
2013.03.07 00:29:28.020,1.05642,1.05669
2013.03.07 00:29:30.990,1.05642,1.05669
2013.03.07 00:29:31.160,1.05647,1.05675
2013.03.07 00:29:33.650,1.05645,1.05673
2013.03.07 00:29:33.722,1.05641,1.05665
2013.03.07 00:29:33.780,1.05641,1.05665
2013.03.07 00:29:33.900,1.05638,1.05663
2013.03.07 00:29:34.021,1.05634,1.05662
2013.03.07 00:29:35.510,1.05633,1.05662
2013.03.07 00:29:35.654,1.05633,1.0566
2013.03.07 00:29:35.840,1.05634,1.05661
2013.03.07 00:29:40.209,1.05637,1.05665
2013.03.07 00:29:40.726,1.05637,1.05666
2013.03.07 00:29:43.860,1.05637,1.05665
2013.03.07 00:29:43.979,1.05633,1.05657
2013.03.07 00:29:44.078,1.05633,1.05658
2013.03.07 00:29:44.139,1.05631,1.05658
2013.03.07 00:29:44.319,1.05633,1.05659
2013.03.07 00:29:44.509,1.05637,1.05665
2013.03.07 00:29:44.629,1.05637,1.05665
2013.03.07 00:29:44.989,1.05632,1.05659
2013.03.07 00:29:45.443,1.0563,1.05659
2013.03.07 00:29:45.629,1.0563,1.05663
2013.03.07 00:29:45.690,1.0563,1.05663
2013.03.07 00:29:45.838,1.0563,1.05663
2013.03.07 00:29:50.299,1.05626,1.05668
2013.03.07 00:29:50.359,1.05632,1.05668
2013.03.07 00:29:51.578,1.05635,1.05668
2013.03.07 00:29:51.999,1.05644,1.05669
2013.03.07 00:29:52.118,1.05636,1.05668
2013.03.07 00:29:52.238,1.05636,1.05668
2013.03.07 00:29:56.368,1.05636,1.05669
2013.03.07 00:29:58.380,1.05636,1.05669
2013.03.07 00:29:59.806,1.05636,1.05669
2013.03.07 00:30:00.358,1.05649,1.05671
2013.03.07 00:30:00.661,1.05649,1.05672
2013.03.07 00:30:00.839,1.05655,1.05699
2013.03.07 00:30:01.019,1.05651,1.0569
2013.03.07 00:30:01.200,1.05655,1.05699
2013.03.07 00:30:01.259,1.05657,1.05704
2013.03.07 00:30:01.319,1.05657,1.05704
2013.03.07 00:30:01.380,1.05657,1.05703
2013.03.07 00:30:01.699,1.05651,1.05669
2013.03.07 00:30:02.379,1.05651,1.05668
2013.03.07 00:30:02.745,1.05639,1.05669
2013.03.07 00:30:02.812,1.05631,1.05669
2013.03.07 00:30:02.869,1.05631,1.05666
2013.03.07 00:30:03.171,1.05619,1.05659
2013.03.07 00:30:03.472,1.05595,1.05632
2013.03.07 00:30:03.591,1.05623,1.05649
2013.03.07 00:30:03.652,1.05597,1.05643
2013.03.07 00:30:03.712,1.05592,1.05643
2013.03.07 00:30:03.891,1.05592,1.05637
2013.03.07 00:30:04.249,1.05586,1.05628
2013.03.07 00:30:04.609,1.05584,1.05628
2013.03.07 00:30:04.669,1.05585,1.05629
2013.03.07 00:30:05.089,1.05584,1.05627
2013.03.07 00:30:05.420,1.0558,1.0561
2013.03.07 00:30:05.540,1.05569,1.05599
2013.03.07 00:30:05.720,1.05561,1.05614
2013.03.07 00:30:05.960,1.05561,1.05616
2013.03.07 00:30:06.431,1.05561,1.05616
2013.03.07 00:30:06.933,1.05566,1.05609
2013.03.07 00:30:07.240,1.05572,1.05612
2013.03.07 00:30:07.305,1.05576,1.05617
2013.03.07 00:30:07.850,1.05574,1.05617
2013.03.07 00:30:08.030,1.05566,1.05617
2013.03.07 00:30:08.430,1.05578,1.05628
2013.03.07 00:30:08.490,1.05593,1.05628
2013.03.07 00:30:08.610,1.05579,1.05627
2013.03.07 00:30:08.919,1.05593,1.05638
2013.03.07 00:30:09.040,1.05599,1.05643
2013.03.07 00:30:09.399,1.05586,1.05645
2013.03.07 00:30:09.521,1.05586,1.0564
2013.03.07 00:30:09.939,1.05581,1.0564
2013.03.07 00:30:11.011,1.05581,1.05636
2013.03.07 00:30:11.390,1.05591,1.05636
2013.03.07 00:30:11.749,1.05612,1.05643
2013.03.07 00:30:12.109,1.05586,1.05642
2013.03.07 00:30:12.170,1.05621,1.05642
2013.03.07 00:30:12.350,1.05596,1.05638
2013.03.07 00:30:12.590,1.05585,1.05638
2013.03.07 00:30:12.949,1.05582,1.05638
2013.03.07 00:30:13.129,1.05592,1.05638
2013.03.07 00:30:14.097,1.0558,1.05643
2013.03.07 00:30:14.399,1.0558,1.0563
2013.03.07 00:30:14.459,1.0558,1.0563
2013.03.07 00:30:14.520,1.05573,1.05631
2013.03.07 00:30:15.649,1.05582,1.05632
2013.03.07 00:30:15.830,1.05582,1.05622
2013.03.07 00:30:15.890,1.05571,1.05619
2013.03.07 00:30:16.429,1.05576,1.05624
2013.03.07 00:30:16.631,1.05576,1.05624
2013.03.07 00:30:16.990,1.05586,1.05631
2013.03.07 00:30:17.111,1.05587,1.05633
2013.03.07 00:30:17.230,1.05587,1.05633
2013.03.07 00:30:17.589,1.05601,1.05629
2013.03.07 00:30:20.259,1.05601,1.05633
2013.03.07 00:30:20.320,1.05601,1.05636
2013.03.07 00:30:21.779,1.05603,1.05636
2013.03.07 00:30:22.149,1.05601,1.05636
2013.03.07 00:30:22.502,1.05601,1.05632
2013.03.07 00:30:24.199,1.05598,1.05628
2013.03.07 00:30:24.810,1.05595,1.0562
2013.03.07 00:30:25.050,1.05585,1.05615
2013.03.07 00:30:25.109,1.05585,1.05618
2013.03.07 00:30:25.289,1.05585,1.05619
2013.03.07 00:30:25.619,1.05589,1.05622
2013.03.07 00:30:26.161,1.05589,1.05622
2013.03.07 00:30:28.841,1.05589,1.05622
2013.03.07 00:30:29.079,1.05586,1.05618
2013.03.07 00:30:29.629,1.05586,1.05618
2013.03.07 00:30:30.831,1.05582,1.05613
2013.03.07 00:30:31.190,1.05581,1.05614
2013.03.07 00:30:31.339,1.05581,1.05614
2013.03.07 00:30:32.119,1.05581,1.05616
2013.03.07 00:30:32.499,1.05584,1.05616
2013.03.07 00:30:34.030,1.05584,1.05616
2013.03.07 00:30:34.450,1.05583,1.05614
2013.03.07 00:30:34.751,1.05578,1.0561
2013.03.07 00:30:34.990,1.05578,1.05609
2013.03.07 00:30:35.230,1.05577,1.05609
2013.03.07 00:30:36.789,1.05574,1.05608
2013.03.07 00:30:37.147,1.05572,1.05604
2013.03.07 00:30:39.231,1.05576,1.05609
2013.03.07 00:30:39.771,1.05576,1.05609
2013.03.07 00:30:40.821,1.05573,1.05601
2013.03.07 00:30:41.361,1.05573,1.056
2013.03.07 00:30:41.690,1.05564,1.05596
2013.03.07 00:30:42.270,1.05563,1.05596
2013.03.07 00:30:42.720,1.05573,1.05604
2013.03.07 00:30:43.150,1.05573,1.05602
2013.03.07 00:30:43.330,1.05573,1.05604
2013.03.07 00:30:44.182,1.05575,1.05608
2013.03.07 00:30:44.240,1.05575,1.0561
2013.03.07 00:30:44.732,1.05577,1.0561
2013.03.07 00:30:45.121,1.05575,1.05608
2013.03.07 00:30:45.481,1.05578,1.05611
2013.03.07 00:30:45.600,1.05578,1.05608
2013.03.07 00:30:45.840,1.05576,1.05608
2013.03.07 00:30:46.021,1.05582,1.05611
2013.03.07 00:30:46.440,1.05582,1.05613
2013.03.07 00:30:46.963,1.05583,1.05614
2013.03.07 00:30:47.271,1.05586,1.05618
2013.03.07 00:30:47.671,1.05587,1.05619
2013.03.07 00:30:48.150,1.0559,1.05617
2013.03.07 00:30:48.451,1.05581,1.05607
2013.03.07 00:30:49.633,1.05583,1.05614
2013.03.07 00:30:49.708,1.05583,1.05614
2013.03.07 00:30:50.299,1.05583,1.05615
2013.03.07 00:30:50.631,1.05587,1.05618
2013.03.07 00:30:50.811,1.05587,1.0562
2013.03.07 00:30:51.235,1.05588,1.05619
2013.03.07 00:30:51.482,1.05585,1.05615
2013.03.07 00:30:51.921,1.05583,1.05615
2013.03.07 00:30:56.310,1.05588,1.0561
2013.03.07 00:30:56.660,1.05585,1.0561
2013.03.07 00:30:57.221,1.05581,1.05604
2013.03.07 00:30:57.289,1.05581,1.05604
2013.03.07 00:30:57.730,1.05577,1.05604
2013.03.07 00:31:01.183,1.05579,1.05606
2013.03.07 00:31:01.240,1.05579,1.05609
2013.03.07 00:31:06.262,1.0558,1.05607
2013.03.07 00:31:06.738,1.05581,1.05603
2013.03.07 00:31:10.521,1.05581,1.056
2013.03.07 00:31:10.884,1.05574,1.05598
2013.03.07 00:31:11.232,1.05571,1.05598
2013.03.07 00:31:11.509,1.05571,1.05596
2013.03.07 00:31:11.691,1.05567,1.05593
2013.03.07 00:31:13.180,1.05572,1.05599
2013.03.07 00:31:13.308,1.05572,1.05596
2013.03.07 00:31:13.638,1.05572,1.05599
2013.03.07 00:31:14.880,1.05572,1.05596
2013.03.07 00:31:15.190,1.05572,1.05596
2013.03.07 00:31:15.491,1.05564,1.05585
2013.03.07 00:31:15.791,1.05558,1.05585
2013.03.07 00:31:16.596,1.05558,1.05585
2013.03.07 00:31:19.600,1.05556,1.05583
2013.03.07 00:31:20.792,1.05555,1.05581
2013.03.07 00:31:21.461,1.05556,1.05581
2013.03.07 00:31:21.710,1.05559,1.05585
2013.03.07 00:31:21.771,1.05559,1.05587
2013.03.07 00:31:22.231,1.05563,1.05587
2013.03.07 00:31:22.731,1.05566,1.05587
2013.03.07 00:31:22.790,1.05566,1.05592
2013.03.07 00:31:22.920,1.05566,1.05585
2013.03.07 00:31:23.283,1.05558,1.05584
2013.03.07 00:31:24.067,1.05558,1.05585
2013.03.07 00:31:25.431,1.05557,1.05576
2013.03.07 00:31:25.610,1.05552,1.05578
2013.03.07 00:31:25.731,1.05558,1.05578
2013.03.07 00:31:25.851,1.05557,1.05578
2013.03.07 00:31:26.317,1.05556,1.05578
2013.03.07 00:31:26.640,1.05556,1.05578
2013.03.07 00:31:28.307,1.05555,1.05578
2013.03.07 00:31:28.370,1.05556,1.05581
2013.03.07 00:31:28.430,1.05556,1.05583
2013.03.07 00:31:29.441,1.05556,1.05581
2013.03.07 00:31:29.620,1.05556,1.05584
2013.03.07 00:31:29.788,1.05556,1.05581
2013.03.07 00:31:30.211,1.05551,1.05579
2013.03.07 00:31:30.270,1.05551,1.05579
2013.03.07 00:31:30.809,1.05551,1.05579
2013.03.07 00:31:30.930,1.05551,1.05577
2013.03.07 00:31:31.481,1.05551,1.05576
2013.03.07 00:31:31.611,1.05546,1.05573
2013.03.07 00:31:32.480,1.05551,1.05573
2013.03.07 00:31:33.276,1.05553,1.05577
2013.03.07 00:31:33.342,1.05553,1.05578
2013.03.07 00:31:34.006,1.05553,1.05579
2013.03.07 00:31:34.960,1.05556,1.05579
2013.03.07 00:31:35.260,1.05556,1.05581
2013.03.07 00:31:35.624,1.05556,1.05581
2013.03.07 00:31:36.994,1.05557,1.05584
2013.03.07 00:31:38.633,1.05557,1.05584
2013.03.07 00:31:39.200,1.05559,1.05585
2013.03.07 00:31:40.670,1.05559,1.05584
2013.03.07 00:31:40.910,1.05559,1.05585
2013.03.07 00:31:41.740,1.05559,1.05585
2013.03.07 00:31:42.370,1.05559,1.05583
2013.03.07 00:31:42.973,1.05559,1.05583
2013.03.07 00:31:43.737,1.05555,1.05581
2013.03.07 00:31:44.405,1.05555,1.05581
2013.03.07 00:31:45.991,1.05555,1.05581
2013.03.07 00:31:48.692,1.05558,1.05586
2013.03.07 00:31:49.220,1.05561,1.05589
2013.03.07 00:31:49.280,1.05563,1.05589
2013.03.07 00:31:49.951,1.05563,1.05589
2013.03.07 00:31:50.272,1.0556,1.05588
2013.03.07 00:31:50.344,1.05561,1.05588
2013.03.07 00:31:50.591,1.05565,1.05591
2013.03.07 00:31:51.090,1.05565,1.05591
2013.03.07 00:31:51.591,1.05567,1.05593
2013.03.07 00:31:52.181,1.05567,1.05593
2013.03.07 00:31:52.538,1.05567,1.05593
2013.03.07 00:31:52.890,1.05571,1.05594
2013.03.07 00:31:53.231,1.05571,1.05598
2013.03.07 00:31:53.410,1.05576,1.05599
2013.03.07 00:31:53.470,1.05576,1.05602
2013.03.07 00:31:53.961,1.05579,1.05608
2013.03.07 00:31:54.656,1.05584,1.0561
2013.03.07 00:31:55.787,1.05584,1.0561
2013.03.07 00:31:55.970,1.05584,1.0561
2013.03.07 00:31:59.814,1.05589,1.05614
2013.03.07 00:31:59.881,1.05591,1.05617
2013.03.07 00:31:59.941,1.05591,1.05617
2013.03.07 00:32:00.001,1.05592,1.05619
2013.03.07 00:32:00.069,1.05593,1.05621
2013.03.07 00:32:00.130,1.05594,1.05619
2013.03.07 00:32:00.430,1.05589,1.05614
2013.03.07 00:32:00.671,1.05589,1.05614
2013.03.07 00:32:00.851,1.05585,1.05608
2013.03.07 00:32:00.910,1.05585,1.05608
2013.03.07 00:32:00.979,1.05585,1.05608
2013.03.07 00:32:01.282,1.05582,1.05604
2013.03.07 00:32:01.641,1.05579,1.05596
2013.03.07 00:32:01.823,1.05573,1.05596
2013.03.07 00:32:01.881,1.05573,1.05598
2013.03.07 00:32:01.941,1.05573,1.05598
2013.03.07 00:32:02.241,1.05573,1.05598
2013.03.07 00:32:03.881,1.05573,1.05596
2013.03.07 00:32:08.238,1.05571,1.05592
2013.03.07 00:32:12.241,1.05571,1.05597
2013.03.07 00:32:13.341,1.05571,1.05598
2013.03.07 00:32:13.521,1.05571,1.05598
2013.03.07 00:32:15.850,1.05568,1.05592
2013.03.07 00:32:16.031,1.05567,1.05589
2013.03.07 00:32:16.091,1.05567,1.05589
2013.03.07 00:32:16.230,1.05565,1.0559
2013.03.07 00:32:16.596,1.05565,1.0559
2013.03.07 00:32:16.782,1.05567,1.05591
2013.03.07 00:32:18.802,1.05567,1.05591
2013.03.07 00:32:19.053,1.05563,1.05589
2013.03.07 00:32:19.171,1.05562,1.05586
2013.03.07 00:32:19.231,1.0556,1.05586
2013.03.07 00:32:20.371,1.0556,1.05588
2013.03.07 00:32:20.430,1.0556,1.05588
2013.03.07 00:32:20.911,1.05563,1.05589
2013.03.07 00:32:21.442,1.05565,1.05592
2013.03.07 00:32:21.501,1.0556,1.05584
2013.03.07 00:32:21.810,1.0556,1.05583
2013.03.07 00:32:24.340,1.05558,1.05584
2013.03.07 00:32:24.460,1.05558,1.05583
2013.03.07 00:32:25.311,1.05558,1.05583
2013.03.07 00:32:25.431,1.05557,1.05583
2013.03.07 00:32:25.930,1.05557,1.05578
2013.03.07 00:32:26.437,1.05557,1.05578
2013.03.07 00:32:27.110,1.05553,1.05578
2013.03.07 00:32:27.411,1.05553,1.05577
2013.03.07 00:32:27.531,1.05549,1.05572
2013.03.07 00:32:27.711,1.05548,1.05572
2013.03.07 00:32:30.280,1.05548,1.05572
2013.03.07 00:32:30.346,1.05548,1.05573
2013.03.07 00:32:30.591,1.05552,1.05577
2013.03.07 00:32:30.951,1.05554,1.05578
2013.03.07 00:32:31.271,1.05557,1.05578
2013.03.07 00:32:31.330,1.05557,1.05579
2013.03.07 00:32:31.880,1.05557,1.05583
2013.03.07 00:32:32.001,1.05557,1.05583
2013.03.07 00:32:34.121,1.05559,1.05584
2013.03.07 00:32:34.300,1.05555,1.05576
2013.03.07 00:32:34.600,1.05555,1.05582
2013.03.07 00:32:34.660,1.05555,1.0558
2013.03.07 00:32:34.880,1.05555,1.0558
2013.03.07 00:32:34.941,1.05555,1.0558
2013.03.07 00:32:35.067,1.05556,1.05582
2013.03.07 00:32:35.310,1.05557,1.05582
2013.03.07 00:32:36.181,1.05557,1.05575
2013.03.07 00:32:36.301,1.05555,1.05575
2013.03.07 00:32:36.421,1.05555,1.05575
2013.03.07 00:32:36.600,1.05551,1.05573
2013.03.07 00:32:36.721,1.05553,1.05573
2013.03.07 00:32:37.091,1.05553,1.05578
2013.03.07 00:32:37.391,1.05553,1.05579
2013.03.07 00:32:37.522,1.05553,1.0558
2013.03.07 00:32:38.500,1.05555,1.0558
2013.03.07 00:32:40.380,1.05555,1.05578
2013.03.07 00:32:40.501,1.05552,1.05578
2013.03.07 00:32:41.661,1.05552,1.05576
2013.03.07 00:32:42.109,1.05552,1.05577
2013.03.07 00:32:42.231,1.05552,1.05578
2013.03.07 00:32:42.626,1.05552,1.05578
2013.03.07 00:32:43.199,1.05552,1.05578
2013.03.07 00:32:43.701,1.05552,1.05578
2013.03.07 00:32:44.021,1.05547,1.05574
2013.03.07 00:32:44.730,1.05547,1.05572
2013.03.07 00:32:44.790,1.05547,1.05572
2013.03.07 00:32:54.101,1.05547,1.05572
2013.03.07 00:32:54.291,1.05547,1.05572
2013.03.07 00:32:54.470,1.05547,1.05573
2013.03.07 00:33:09.811,1.05551,1.05574
2013.03.07 00:33:12.800,1.05552,1.05579
2013.03.07 00:33:13.000,1.05552,1.05579
2013.03.07 00:33:13.677,1.05552,1.05579
2013.03.07 00:33:16.490,1.05557,1.05583
2013.03.07 00:33:16.731,1.05555,1.0558
2013.03.07 00:33:19.650,1.05558,1.05585
2013.03.07 00:33:19.710,1.05558,1.05585
2013.03.07 00:33:20.086,1.05561,1.05586
2013.03.07 00:33:20.152,1.05561,1.05586
2013.03.07 00:33:20.330,1.05562,1.05589
2013.03.07 00:33:20.390,1.05562,1.05588
2013.03.07 00:33:20.451,1.05562,1.05588
2013.03.07 00:33:20.570,1.05558,1.05584
2013.03.07 00:33:20.760,1.05556,1.05583
2013.03.07 00:33:20.940,1.05556,1.05579
2013.03.07 00:33:21.800,1.05558,1.05584
2013.03.07 00:33:22.023,1.05558,1.05584
2013.03.07 00:33:29.835,1.05556,1.05584
2013.03.07 00:33:30.031,1.05557,1.05584
2013.03.07 00:33:30.689,1.05553,1.0558
2013.03.07 00:33:36.544,1.05553,1.0558
2013.03.07 00:33:36.610,1.05554,1.0558
2013.03.07 00:33:49.660,1.05554,1.0558
2013.03.07 00:33:49.781,1.05553,1.0558
2013.03.07 00:33:58.120,1.05553,1.0558
2013.03.07 00:33:58.321,1.05553,1.05576
2013.03.07 00:33:58.384,1.05552,1.05574
2013.03.07 00:33:58.691,1.0555,1.05574
2013.03.07 00:33:58.751,1.0555,1.05574
2013.03.07 00:33:58.930,1.0555,1.05574
2013.03.07 00:34:12.630,1.05554,1.0558
2013.03.07 00:34:12.690,1.05554,1.0558
2013.03.07 00:34:13.559,1.05554,1.0558
2013.03.07 00:34:22.760,1.05557,1.0558
2013.03.07 00:34:23.105,1.05558,1.05584
2013.03.07 00:34:23.230,1.05558,1.05584
2013.03.07 00:34:23.290,1.05558,1.05585
2013.03.07 00:34:28.592,1.05564,1.05591
2013.03.07 00:34:31.574,1.05567,1.05592
2013.03.07 00:34:31.821,1.05567,1.05592
2013.03.07 00:34:33.571,1.05564,1.05589
2013.03.07 00:34:34.970,1.05569,1.0559
2013.03.07 00:34:35.031,1.05572,1.05598
2013.03.07 00:34:35.151,1.0557,1.05597
2013.03.07 00:34:35.212,1.0557,1.05597
2013.03.07 00:34:35.451,1.05567,1.05589
2013.03.07 00:34:35.571,1.05569,1.05596
2013.03.07 00:34:36.304,1.05569,1.05596
2013.03.07 00:34:36.431,1.05569,1.05596
2013.03.07 00:34:38.834,1.05569,1.05596
2013.03.07 00:34:38.960,1.0557,1.05596
2013.03.07 00:34:39.080,1.0557,1.05596
2013.03.07 00:34:39.140,1.05569,1.05596
2013.03.07 00:34:51.841,1.0557,1.05597
2013.03.07 00:34:52.378,1.05569,1.05597
2013.03.07 00:34:52.445,1.05569,1.05597
2013.03.07 00:34:54.812,1.0557,1.05598
2013.03.07 00:34:54.930,1.05571,1.05598
2013.03.07 00:34:55.051,1.05574,1.056
2013.03.07 00:34:55.171,1.05574,1.056
2013.03.07 00:34:55.231,1.05574,1.056
2013.03.07 00:34:56.104,1.05578,1.05602
2013.03.07 00:34:56.232,1.05578,1.05602
2013.03.07 00:34:56.541,1.05588,1.05606
2013.03.07 00:35:00.775,1.05583,1.05606
2013.03.07 00:35:01.060,1.05582,1.05609
2013.03.07 00:35:01.120,1.05588,1.05609
2013.03.07 00:35:01.426,1.05592,1.05615
2013.03.07 00:35:01.501,1.05588,1.05615
2013.03.07 00:35:01.623,1.05588,1.05615
2013.03.07 00:35:01.921,1.05593,1.05615
2013.03.07 00:35:03.804,1.05593,1.05615
2013.03.07 00:35:06.910,1.05589,1.05616
2013.03.07 00:35:07.880,1.05589,1.05616
2013.03.07 00:35:07.941,1.05589,1.05616
2013.03.07 00:35:08.482,1.05593,1.05616
2013.03.07 00:35:09.320,1.05593,1.05616
2013.03.07 00:35:09.560,1.05587,1.05615
2013.03.07 00:35:16.090,1.05586,1.05615
2013.03.07 00:35:17.880,1.05588,1.05615
2013.03.07 00:35:17.941,1.05588,1.05615
2013.03.07 00:35:20.593,1.05587,1.05615
2013.03.07 00:35:20.651,1.05587,1.05615
2013.03.07 00:35:24.553,1.05592,1.05615
2013.03.07 00:35:24.791,1.05585,1.05611
2013.03.07 00:35:24.911,1.05585,1.05606
2013.03.07 00:35:25.151,1.05587,1.05615
2013.03.07 00:35:26.041,1.0559,1.05616
2013.03.07 00:35:28.350,1.0559,1.05617
2013.03.07 00:35:28.470,1.0559,1.05617
2013.03.07 00:35:29.090,1.0559,1.05616
2013.03.07 00:35:29.241,1.05596,1.0562
2013.03.07 00:35:30.441,1.05597,1.05623
2013.03.07 00:35:30.561,1.05591,1.05617
2013.03.07 00:35:30.621,1.05591,1.05617
2013.03.07 00:35:30.981,1.05592,1.05616
2013.03.07 00:35:31.815,1.05592,1.05616
2013.03.07 00:35:32.060,1.05592,1.05619
2013.03.07 00:35:32.632,1.05592,1.05619
2013.03.07 00:35:32.756,1.05592,1.05617
2013.03.07 00:35:34.141,1.05591,1.05616
2013.03.07 00:35:35.140,1.05596,1.05623
2013.03.07 00:35:35.930,1.05596,1.05623
2013.03.07 00:35:36.350,1.05596,1.05623
2013.03.07 00:35:36.470,1.05596,1.05623
2013.03.07 00:35:54.130,1.05597,1.05624
2013.03.07 00:35:54.191,1.05597,1.05624
2013.03.07 00:35:54.312,1.05597,1.05621
2013.03.07 00:35:54.432,1.05594,1.05618
2013.03.07 00:35:54.970,1.05591,1.05616
2013.03.07 00:36:00.611,1.05587,1.05611
2013.03.07 00:36:00.791,1.05586,1.05606
2013.03.07 00:36:01.281,1.05582,1.05606
2013.03.07 00:36:10.630,1.05582,1.05605
2013.03.07 00:36:10.814,1.05578,1.056
2013.03.07 00:36:10.943,1.05575,1.05596
2013.03.07 00:36:11.152,1.05574,1.05596
2013.03.07 00:36:11.612,1.05574,1.056
2013.03.07 00:36:11.853,1.05572,1.056
2013.03.07 00:36:12.385,1.05574,1.056
2013.03.07 00:36:12.451,1.05575,1.05601
2013.03.07 00:36:12.691,1.05575,1.056
2013.03.07 00:36:13.207,1.05573,1.056
2013.03.07 00:36:13.351,1.05575,1.05601
2013.03.07 00:36:14.341,1.05576,1.05602
2013.03.07 00:36:14.408,1.05576,1.05602
2013.03.07 00:36:17.612,1.05579,1.05605
2013.03.07 00:36:17.791,1.0558,1.05605
2013.03.07 00:36:18.421,1.05579,1.05605
2013.03.07 00:36:18.541,1.05575,1.05599
2013.03.07 00:36:18.661,1.05577,1.05601
2013.03.07 00:36:18.781,1.05578,1.05601
2013.03.07 00:36:19.031,1.05575,1.05599
2013.03.07 00:36:19.091,1.05575,1.05599
2013.03.07 00:36:19.211,1.05575,1.05599
2013.03.07 00:36:20.610,1.05575,1.05601
2013.03.07 00:36:20.790,1.05577,1.05603
2013.03.07 00:36:20.852,1.05578,1.05605
2013.03.07 00:36:20.912,1.05578,1.05605
2013.03.07 00:36:21.631,1.05578,1.05605
2013.03.07 00:36:21.750,1.05578,1.056
2013.03.07 00:36:22.081,1.05574,1.056
2013.03.07 00:36:22.200,1.05574,1.056
2013.03.07 00:36:25.141,1.05574,1.056
2013.03.07 00:36:25.322,1.05573,1.05591
2013.03.07 00:36:25.381,1.05573,1.05598
2013.03.07 00:36:25.682,1.05572,1.05597
2013.03.07 00:36:25.742,1.05572,1.05597
2013.03.07 00:36:30.901,1.05572,1.05591
2013.03.07 00:36:31.082,1.05569,1.05589
2013.03.07 00:36:31.201,1.05568,1.05589
2013.03.07 00:36:31.752,1.05564,1.05589
2013.03.07 00:36:36.811,1.05564,1.05589
2013.03.07 00:36:37.782,1.05564,1.05589
2013.03.07 00:36:38.019,1.05564,1.05589
2013.03.07 00:36:41.304,1.05566,1.05595
2013.03.07 00:36:41.434,1.05568,1.05595
2013.03.07 00:36:43.420,1.05575,1.05601
2013.03.07 00:36:43.721,1.05575,1.05599
2013.03.07 00:36:43.960,1.05578,1.05602
2013.03.07 00:36:44.260,1.05579,1.05604
2013.03.07 00:36:44.731,1.0558,1.05604
2013.03.07 00:36:46.141,1.05579,1.05604
2013.03.07 00:36:46.442,1.05577,1.05597
2013.03.07 00:36:46.502,1.05575,1.05597
2013.03.07 00:36:47.042,1.05572,1.05597
2013.03.07 00:36:49.281,1.05572,1.05598
2013.03.07 00:36:49.462,1.05572,1.05598
2013.03.07 00:36:50.012,1.05575,1.05601
2013.03.07 00:36:51.652,1.05576,1.05603
2013.03.07 00:36:51.772,1.05577,1.05603
2013.03.07 00:36:53.996,1.05582,1.05608
2013.03.07 00:36:54.065,1.05582,1.05608
2013.03.07 00:36:59.621,1.05582,1.05607
2013.03.07 00:36:59.681,1.05582,1.05607
2013.03.07 00:37:12.640,1.05582,1.05607
2013.03.07 00:37:12.701,1.05582,1.05607
2013.03.07 00:37:13.375,1.05578,1.05602
2013.03.07 00:37:13.441,1.05578,1.05602
2013.03.07 00:37:19.880,1.05575,1.05598
2013.03.07 00:37:19.941,1.05575,1.05598
2013.03.07 00:37:21.621,1.05573,1.05596
2013.03.07 00:37:21.801,1.05573,1.05593
2013.03.07 00:37:22.861,1.05569,1.05592
2013.03.07 00:37:23.051,1.05569,1.05592
2013.03.07 00:37:23.112,1.05569,1.05592
2013.03.07 00:37:23.470,1.05566,1.05587
2013.03.07 00:37:24.071,1.05566,1.05587
2013.03.07 00:37:26.342,1.05562,1.05588
2013.03.07 00:37:26.461,1.05562,1.05588
2013.03.07 00:37:26.991,1.05566,1.0559
2013.03.07 00:37:27.726,1.05567,1.0559
2013.03.07 00:37:27.799,1.05567,1.05592
2013.03.07 00:37:33.592,1.05567,1.0559
2013.03.07 00:37:33.771,1.05566,1.0559
2013.03.07 00:37:33.831,1.05568,1.0559
2013.03.07 00:37:38.460,1.05564,1.05589
2013.03.07 00:37:38.782,1.05563,1.05585
2013.03.07 00:37:39.641,1.05563,1.05586
2013.03.07 00:37:39.761,1.05563,1.05588
2013.03.07 00:37:45.590,1.05563,1.05586
2013.03.07 00:37:45.891,1.0556,1.05582
2013.03.07 00:37:47.610,1.05564,1.05588
2013.03.07 00:37:47.671,1.05564,1.05588
2013.03.07 00:37:57.811,1.05561,1.05586
2013.03.07 00:37:57.991,1.05559,1.05586
2013.03.07 00:37:59.262,1.0556,1.05584
2013.03.07 00:38:01.663,1.05558,1.05581
2013.03.07 00:38:01.782,1.05557,1.05579
2013.03.07 00:38:03.433,1.05555,1.05579
2013.03.07 00:38:17.407,1.05555,1.05579
2013.03.07 00:38:17.483,1.05555,1.05578
2013.03.07 00:38:17.794,1.05555,1.05579
2013.03.07 00:38:19.341,1.05555,1.05581
2013.03.07 00:38:19.701,1.05557,1.05581
2013.03.07 00:38:20.461,1.05559,1.05586
2013.03.07 00:38:21.141,1.05562,1.05588
2013.03.07 00:38:21.261,1.05564,1.0559
2013.03.07 00:38:21.322,1.05564,1.0559
2013.03.07 00:38:22.101,1.05566,1.05592
2013.03.07 00:38:22.222,1.05567,1.05592
2013.03.07 00:38:24.391,1.05571,1.05594
2013.03.07 00:38:24.451,1.05571,1.05596
2013.03.07 00:38:24.831,1.05572,1.05598
2013.03.07 00:38:24.914,1.05572,1.05598
2013.03.07 00:38:25.392,1.05576,1.05602
2013.03.07 00:38:25.511,1.05576,1.05602
2013.03.07 00:38:26.041,1.05581,1.05603
2013.03.07 00:38:26.481,1.05578,1.05603
2013.03.07 00:38:26.674,1.05578,1.05603
2013.03.07 00:38:26.801,1.05578,1.05602
2013.03.07 00:38:28.871,1.05579,1.05603
2013.03.07 00:38:29.232,1.05582,1.05608
2013.03.07 00:38:29.292,1.05582,1.05607
2013.03.07 00:38:29.352,1.0558,1.05603
2013.03.07 00:38:29.471,1.0558,1.05603
2013.03.07 00:38:29.681,1.0558,1.05602
2013.03.07 00:38:29.921,1.05581,1.05604
2013.03.07 00:38:30.041,1.05581,1.05604
2013.03.07 00:38:30.582,1.05584,1.05603
2013.03.07 00:38:30.881,1.05584,1.05608
2013.03.07 00:38:30.942,1.05583,1.05604
2013.03.07 00:38:31.242,1.05578,1.05604
2013.03.07 00:38:31.482,1.05577,1.05604
2013.03.07 00:38:31.543,1.05579,1.05604
2013.03.07 00:38:32.071,1.05578,1.05604
2013.03.07 00:38:32.621,1.05577,1.05602
2013.03.07 00:38:33.234,1.05577,1.05602
2013.03.07 00:38:33.302,1.05577,1.05602
2013.03.07 00:38:33.930,1.05577,1.05602
2013.03.07 00:38:35.351,1.05577,1.05602
2013.03.07 00:38:35.531,1.05579,1.05604
2013.03.07 00:38:39.331,1.05582,1.05608
2013.03.07 00:38:39.511,1.05582,1.05608
2013.03.07 00:38:39.871,1.05582,1.05606
2013.03.07 00:38:44.171,1.0558,1.05606
2013.03.07 00:38:44.232,1.0558,1.05606
2013.03.07 00:38:45.401,1.0558,1.05606
2013.03.07 00:38:45.462,1.0558,1.05606
2013.03.07 00:38:47.881,1.05584,1.05611
2013.03.07 00:38:48.002,1.05584,1.05607
2013.03.07 00:38:48.062,1.05584,1.05607
2013.03.07 00:38:48.251,1.05584,1.05612
2013.03.07 00:38:48.611,1.0559,1.05615
2013.03.07 00:38:48.931,1.0559,1.05616
2013.03.07 00:38:48.991,1.0559,1.05616
2013.03.07 00:38:49.201,1.0559,1.05616
2013.03.07 00:38:49.421,1.0559,1.05616
2013.03.07 00:38:51.181,1.0559,1.05616
2013.03.07 00:38:53.942,1.05586,1.05611
2013.03.07 00:38:54.002,1.05585,1.05611
2013.03.07 00:38:54.331,1.05585,1.05607
2013.03.07 00:38:54.451,1.05585,1.05607
2013.03.07 00:38:55.593,1.05583,1.05611
2013.03.07 00:38:55.724,1.05583,1.05606
2013.03.07 00:38:56.021,1.0558,1.05606
2013.03.07 00:39:00.621,1.05577,1.05603
2013.03.07 00:39:00.742,1.05577,1.05603
2013.03.07 00:39:01.352,1.05579,1.05605
2013.03.07 00:39:02.371,1.05579,1.05608
2013.03.07 00:39:02.492,1.05576,1.05598
2013.03.07 00:39:02.613,1.05575,1.05598
2013.03.07 00:39:02.862,1.05571,1.05597
2013.03.07 00:39:02.922,1.0557,1.05597
2013.03.07 00:39:03.161,1.05569,1.05597
2013.03.07 00:39:03.402,1.05571,1.05598
2013.03.07 00:39:03.462,1.05573,1.05599
2013.03.07 00:39:03.916,1.05573,1.05599
2013.03.07 00:39:04.702,1.05576,1.05601
2013.03.07 00:39:04.880,1.05577,1.05603
2013.03.07 00:39:07.312,1.05579,1.05605
2013.03.07 00:39:09.800,1.05579,1.05605
2013.03.07 00:39:10.012,1.05579,1.05605
2013.03.07 00:39:13.376,1.05575,1.05601
2013.03.07 00:39:13.444,1.05573,1.05601
2013.03.07 00:39:14.859,1.05568,1.05596
2013.03.07 00:39:14.922,1.05568,1.05596
2013.03.07 00:39:22.903,1.05566,1.05594
2013.03.07 00:39:23.083,1.05569,1.05595
2013.03.07 00:39:23.921,1.05568,1.05596
2013.03.07 00:39:23.981,1.05567,1.05596
2013.03.07 00:39:30.482,1.05566,1.05593
2013.03.07 00:39:32.992,1.05576,1.05595
2013.03.07 00:39:33.052,1.05576,1.05604
2013.03.07 00:39:33.421,1.05574,1.05602
2013.03.07 00:39:33.602,1.05577,1.05602
2013.03.07 00:39:33.665,1.0558,1.05606
2013.03.07 00:39:33.853,1.05581,1.05609
2013.03.07 00:39:33.972,1.05583,1.05609
2013.03.07 00:39:34.281,1.05586,1.05614
2013.03.07 00:39:34.640,1.05586,1.05612
2013.03.07 00:39:34.761,1.05586,1.05612
2013.03.07 00:39:34.881,1.05586,1.05613
2013.03.07 00:39:34.942,1.05587,1.05613
2013.03.07 00:39:35.382,1.05587,1.05613
2013.03.07 00:39:35.442,1.05585,1.05612
2013.03.07 00:39:35.830,1.05582,1.05606
2013.03.07 00:39:35.951,1.05582,1.05606
2013.03.07 00:39:36.391,1.05583,1.05608
2013.03.07 00:39:38.120,1.05582,1.05608
2013.03.07 00:39:38.181,1.05581,1.05606
2013.03.07 00:39:38.713,1.05577,1.05603
2013.03.07 00:39:46.861,1.05577,1.05602
2013.03.07 00:39:47.042,1.05575,1.05602
2013.03.07 00:39:47.881,1.05577,1.05604
2013.03.07 00:39:47.942,1.05581,1.05604
2013.03.07 00:39:48.491,1.05577,1.05603
2013.03.07 00:39:48.611,1.05575,1.05602
2013.03.07 00:39:50.261,1.05575,1.05599
2013.03.07 00:39:50.562,1.0557,1.05596
2013.03.07 00:39:53.539,1.0557,1.05596
2013.03.07 00:39:53.662,1.0557,1.05596
2013.03.07 00:39:56.682,1.05564,1.05592
2013.03.07 00:39:56.743,1.05564,1.05592
2013.03.07 00:39:56.861,1.05564,1.05592
2013.03.07 00:39:56.981,1.05564,1.05592
2013.03.07 00:39:58.372,1.05568,1.05596
2013.03.07 00:39:58.432,1.05569,1.05596
2013.03.07 00:40:12.870,1.0557,1.05598
2013.03.07 00:40:12.931,1.05571,1.05598
2013.03.07 00:40:18.435,1.05579,1.05598
2013.03.07 00:40:18.501,1.05579,1.05605
2013.03.07 00:40:18.680,1.05579,1.05604
2013.03.07 00:40:18.981,1.05579,1.05606
2013.03.07 00:40:20.559,1.05579,1.05604
2013.03.07 00:40:20.621,1.0558,1.05604
2013.03.07 00:40:21.273,1.0558,1.05604
2013.03.07 00:40:30.360,1.05578,1.05604
2013.03.07 00:40:30.420,1.05577,1.05604
2013.03.07 00:40:32.151,1.05574,1.056
2013.03.07 00:40:32.212,1.05573,1.056
2013.03.07 00:40:37.651,1.05573,1.056
2013.03.07 00:40:37.711,1.05574,1.056
2013.03.07 00:40:43.362,1.05575,1.05601
2013.03.07 00:40:43.487,1.0558,1.05605
2013.03.07 00:40:43.612,1.05581,1.05608
2013.03.07 00:40:43.671,1.05581,1.05608
2013.03.07 00:40:44.031,1.05585,1.05611
2013.03.07 00:40:50.611,1.05585,1.05611
2013.03.07 00:40:50.792,1.05585,1.05611
2013.03.07 00:40:50.851,1.05585,1.05611
2013.03.07 00:40:51.002,1.05585,1.05611
2013.03.07 00:41:04.071,1.05583,1.05608
2013.03.07 00:41:05.225,1.05585,1.0561
2013.03.07 00:41:08.568,1.0559,1.05616
2013.03.07 00:41:08.753,1.0559,1.05618
2013.03.07 00:41:08.811,1.05592,1.05618
2013.03.07 00:41:08.932,1.05592,1.05618
2013.03.07 00:41:14.864,1.05592,1.05618
2013.03.07 00:41:14.982,1.05592,1.05618
2013.03.07 00:41:15.058,1.05592,1.05618
2013.03.07 00:41:15.241,1.05593,1.05618
2013.03.07 00:41:16.101,1.05592,1.05618
2013.03.07 00:41:16.222,1.05592,1.05618
2013.03.07 00:41:34.858,1.05588,1.05616
2013.03.07 00:41:34.982,1.05587,1.05616
2013.03.07 00:41:37.791,1.0559,1.05617
2013.03.07 00:41:37.852,1.05593,1.05619
2013.03.07 00:41:37.912,1.05593,1.05619
2013.03.07 00:41:38.092,1.05593,1.05619
2013.03.07 00:41:38.271,1.05595,1.05619
2013.03.07 00:41:38.601,1.05595,1.05619
2013.03.07 00:41:38.841,1.05594,1.05619
2013.03.07 00:41:38.902,1.05594,1.05619
2013.03.07 00:41:45.042,1.05594,1.05619
2013.03.07 00:41:45.284,1.05589,1.05615
2013.03.07 00:41:45.651,1.05587,1.05615
2013.03.07 00:42:10.902,1.05588,1.05615
2013.03.07 00:42:11.081,1.05588,1.05615
2013.03.07 00:42:12.057,1.05588,1.05615
2013.03.07 00:42:12.253,1.05588,1.05615
2013.03.07 00:42:24.596,1.05588,1.05615
2013.03.07 00:42:25.018,1.05594,1.0562
2013.03.07 00:42:25.083,1.05594,1.0562
2013.03.07 00:42:25.141,1.05595,1.0562
2013.03.07 00:42:27.788,1.05596,1.0562
2013.03.07 00:42:28.131,1.05596,1.0562
2013.03.07 00:42:37.891,1.05597,1.05622
2013.03.07 00:42:38.012,1.056,1.05627
2013.03.07 00:42:38.071,1.056,1.05627
2013.03.07 00:42:38.502,1.05601,1.05627
2013.03.07 00:42:39.847,1.05601,1.05629
2013.03.07 00:42:39.911,1.05606,1.05629
2013.03.07 00:42:45.351,1.0561,1.05636
2013.03.07 00:42:45.412,1.05611,1.05636
2013.03.07 00:42:45.786,1.05615,1.05643
2013.03.07 00:42:45.971,1.05615,1.05643
2013.03.07 00:42:46.032,1.05619,1.05644
2013.03.07 00:42:46.371,1.05619,1.05648
2013.03.07 00:42:46.491,1.05622,1.05648
2013.03.07 00:42:47.311,1.05626,1.05649
2013.03.07 00:42:50.352,1.05622,1.05648
2013.03.07 00:42:52.826,1.05621,1.05647
2013.03.07 00:42:52.891,1.05621,1.05647
2013.03.07 00:42:53.071,1.05621,1.05647
2013.03.07 00:42:53.251,1.05621,1.05644
2013.03.07 00:42:53.571,1.05621,1.05648
2013.03.07 00:42:53.632,1.05619,1.05642
2013.03.07 00:42:53.692,1.05617,1.05642
2013.03.07 00:42:53.991,1.05617,1.05638
2013.03.07 00:42:55.171,1.05612,1.05637
2013.03.07 00:42:55.232,1.0561,1.05637
2013.03.07 00:42:55.831,1.0561,1.05633
2013.03.07 00:42:56.011,1.05605,1.05632
2013.03.07 00:42:56.131,1.05605,1.05632
2013.03.07 00:42:56.311,1.05605,1.05629
2013.03.07 00:42:56.877,1.05602,1.05626
2013.03.07 00:42:56.941,1.05601,1.05626
2013.03.07 00:42:58.976,1.05601,1.05628
2013.03.07 00:42:59.866,1.05604,1.05629
2013.03.07 00:43:00.705,1.05606,1.05631
2013.03.07 00:43:01.249,1.05609,1.05632
2013.03.07 00:43:02.066,1.05609,1.05632
2013.03.07 00:43:02.252,1.05605,1.05632
2013.03.07 00:43:08.603,1.056,1.05626
2013.03.07 00:43:08.932,1.056,1.05627
2013.03.07 00:43:09.172,1.05595,1.05623
2013.03.07 00:43:09.231,1.05595,1.05623
2013.03.07 00:43:09.532,1.05595,1.05623
2013.03.07 00:43:10.151,1.05596,1.05623
2013.03.07 00:43:10.212,1.05597,1.05623
2013.03.07 00:43:10.571,1.05601,1.05625
2013.03.07 00:43:10.971,1.05596,1.05623
2013.03.07 00:43:11.032,1.05594,1.05623
2013.03.07 00:43:11.671,1.05594,1.05623
2013.03.07 00:43:11.731,1.05594,1.05623
2013.03.07 00:43:18.566,1.05594,1.05623
2013.03.07 00:43:18.959,1.05594,1.05623
2013.03.07 00:43:19.336,1.05595,1.05623
2013.03.07 00:43:19.531,1.05594,1.05623
2013.03.07 00:43:20.325,1.05596,1.05624
2013.03.07 00:43:20.451,1.05596,1.05624
2013.03.07 00:43:22.462,1.056,1.05627
2013.03.07 00:43:22.641,1.05601,1.05629
2013.03.07 00:43:22.761,1.05605,1.05629
2013.03.07 00:43:22.822,1.05606,1.05633
2013.03.07 00:43:36.385,1.05606,1.05634
2013.03.07 00:43:36.722,1.05608,1.05635
2013.03.07 00:43:42.043,1.05611,1.05637
2013.03.07 00:43:42.114,1.05611,1.05639
2013.03.07 00:43:44.101,1.05614,1.0564
2013.03.07 00:43:44.321,1.05616,1.05643
2013.03.07 00:43:50.841,1.05619,1.05646
2013.03.07 00:43:51.201,1.0562,1.05646
2013.03.07 00:43:53.862,1.05622,1.05648
2013.03.07 00:43:53.922,1.05625,1.0565
2013.03.07 00:43:54.581,1.05621,1.05649
2013.03.07 00:43:54.742,1.05621,1.05648
2013.03.07 00:43:55.102,1.05621,1.05646
2013.03.07 00:44:03.791,1.05618,1.05644
2013.03.07 00:44:03.911,1.0562,1.05646
2013.03.07 00:44:04.252,1.05622,1.05649
2013.03.07 00:44:04.932,1.05621,1.05649
2013.03.07 00:44:04.992,1.05621,1.05649
2013.03.07 00:44:06.281,1.05619,1.05644
2013.03.07 00:44:10.192,1.05616,1.05643
2013.03.07 00:44:10.376,1.05617,1.05643
2013.03.07 00:44:10.501,1.05617,1.05643
2013.03.07 00:44:11.493,1.05617,1.05643
2013.03.07 00:44:11.761,1.05616,1.05641
2013.03.07 00:44:11.822,1.05612,1.05639
2013.03.07 00:44:11.942,1.05612,1.05637
2013.03.07 00:44:16.642,1.05612,1.05639
2013.03.07 00:44:16.702,1.05612,1.05639
2013.03.07 00:44:17.031,1.05615,1.05643
2013.03.07 00:44:19.402,1.05617,1.05644
2013.03.07 00:44:19.755,1.0562,1.05647
2013.03.07 00:44:20.051,1.05622,1.05649
2013.03.07 00:44:21.842,1.05626,1.05652
2013.03.07 00:44:22.091,1.05626,1.05653
2013.03.07 00:44:24.891,1.05626,1.05652
2013.03.07 00:44:24.952,1.05625,1.05649
2013.03.07 00:44:25.251,1.05621,1.05648
2013.03.07 00:44:52.174,1.05617,1.05644
2013.03.07 00:44:52.234,1.05617,1.05643
2013.03.07 00:44:56.901,1.05613,1.05638
2013.03.07 00:44:56.961,1.05611,1.05637
2013.03.07 00:44:57.381,1.05607,1.05634
2013.03.07 00:44:57.741,1.05605,1.05632
2013.03.07 00:44:58.301,1.05606,1.05634
2013.03.07 00:44:58.481,1.05606,1.05634
2013.03.07 00:44:58.725,1.05605,1.05632
2013.03.07 00:45:11.411,1.05606,1.05633
2013.03.07 00:45:11.531,1.05606,1.05633
2013.03.07 00:45:11.832,1.05606,1.05632
2013.03.07 00:45:11.903,1.05605,1.05632
2013.03.07 00:45:19.642,1.05603,1.05629
2013.03.07 00:45:20.192,1.05601,1.05629
2013.03.07 00:45:22.961,1.05601,1.05629
2013.03.07 00:45:23.412,1.05602,1.05624
2013.03.07 00:45:25.132,1.05599,1.05622
2013.03.07 00:45:25.252,1.05599,1.05622
2013.03.07 00:45:25.762,1.05594,1.05619
2013.03.07 00:45:26.836,1.05594,1.0562
2013.03.07 00:45:27.551,1.05593,1.0562
2013.03.07 00:45:27.732,1.05597,1.05622
2013.03.07 00:45:27.793,1.05597,1.05623
2013.03.07 00:45:27.971,1.05597,1.05623
2013.03.07 00:45:28.394,1.05597,1.05623
2013.03.07 00:45:31.052,1.05602,1.05623
2013.03.07 00:45:31.962,1.05602,1.05624
2013.03.07 00:45:32.473,1.05599,1.05624
2013.03.07 00:45:34.272,1.05602,1.05624
2013.03.07 00:45:34.513,1.05601,1.05623
2013.03.07 00:45:34.572,1.05602,1.05629
2013.03.07 00:45:34.692,1.05602,1.05629
2013.03.07 00:45:35.013,1.05602,1.05629
2013.03.07 00:45:35.347,1.05604,1.05629
2013.03.07 00:45:35.952,1.05605,1.05629
2013.03.07 00:45:36.494,1.05606,1.05629
2013.03.07 00:45:38.783,1.05605,1.05628
2013.03.07 00:45:39.300,1.05602,1.05624
2013.03.07 00:45:39.362,1.05596,1.05621
2013.03.07 00:45:39.681,1.05594,1.05621
2013.03.07 00:45:39.741,1.05594,1.05621
2013.03.07 00:45:40.661,1.05594,1.05621
2013.03.07 00:45:44.371,1.05592,1.05618
2013.03.07 00:45:44.874,1.05591,1.05615
2013.03.07 00:45:45.171,1.05589,1.05615
2013.03.07 00:45:45.295,1.05589,1.05615
2013.03.07 00:45:45.601,1.05585,1.05612
2013.03.07 00:45:56.322,1.05585,1.05614
2013.03.07 00:45:56.949,1.05589,1.05614
2013.03.07 00:45:58.591,1.0559,1.05614
2013.03.07 00:46:00.621,1.05591,1.05617
2013.03.07 00:46:00.807,1.05592,1.05618
2013.03.07 00:46:00.991,1.05591,1.05615
2013.03.07 00:46:04.161,1.05591,1.05615
2013.03.07 00:46:04.224,1.05591,1.05615
2013.03.07 00:46:06.361,1.05589,1.05616
2013.03.07 00:46:06.482,1.05593,1.05618
2013.03.07 00:46:08.342,1.05596,1.0562
2013.03.07 00:46:08.462,1.05596,1.0562
2013.03.07 00:46:11.642,1.05597,1.05624
2013.03.07 00:46:11.762,1.05598,1.05624
2013.03.07 00:46:12.285,1.05601,1.05627
2013.03.07 00:46:12.352,1.05601,1.05628
2013.03.07 00:46:12.412,1.056,1.05627
2013.03.07 00:46:12.532,1.05604,1.0563
2013.03.07 00:46:12.832,1.05605,1.05631
2013.03.07 00:46:13.013,1.05605,1.05631
2013.03.07 00:46:13.132,1.05606,1.05632
2013.03.07 00:46:13.192,1.05607,1.05632
2013.03.07 00:46:13.552,1.05614,1.05636
2013.03.07 00:46:13.612,1.05614,1.05636
2013.03.07 00:46:13.732,1.0561,1.05636
2013.03.07 00:46:14.341,1.0561,1.05636
2013.03.07 00:46:14.462,1.0561,1.05636
2013.03.07 00:46:15.131,1.05605,1.05631
2013.03.07 00:46:15.252,1.05605,1.05631
2013.03.07 00:46:21.372,1.05601,1.05628
2013.03.07 00:46:21.432,1.05601,1.05628
2013.03.07 00:46:21.762,1.05604,1.05631
2013.03.07 00:46:35.922,1.05613,1.05635
2013.03.07 00:46:36.042,1.05613,1.05636
2013.03.07 00:46:36.162,1.05613,1.05636
2013.03.07 00:46:36.922,1.05609,1.05637
2013.03.07 00:46:42.803,1.05609,1.05636
2013.03.07 00:46:43.101,1.05613,1.05639
2013.03.07 00:46:45.941,1.05608,1.05635
2013.03.07 00:46:51.871,1.05607,1.05635
2013.03.07 00:46:51.992,1.05603,1.0563
2013.03.07 00:46:52.052,1.05603,1.0563
2013.03.07 00:46:52.232,1.05604,1.0563
2013.03.07 00:46:53.612,1.05604,1.0563
2013.03.07 00:46:53.732,1.05604,1.05629
2013.03.07 00:47:02.857,1.05604,1.0563
2013.03.07 00:47:02.983,1.05599,1.05625
2013.03.07 00:47:03.103,1.05599,1.05625
2013.03.07 00:47:03.162,1.05599,1.05624
2013.03.07 00:47:03.523,1.05599,1.05624
2013.03.07 00:47:08.191,1.05604,1.05629
2013.03.07 00:47:08.251,1.05604,1.05629
2013.03.07 00:47:10.014,1.05606,1.05631
2013.03.07 00:47:10.272,1.05604,1.05629
2013.03.07 00:47:13.082,1.05604,1.05629
2013.03.07 00:47:13.203,1.05604,1.05629
2013.03.07 00:47:27.383,1.05601,1.05628
2013.03.07 00:47:27.442,1.05601,1.05628
2013.03.07 00:47:35.693,1.05601,1.05628
2013.03.07 00:47:35.813,1.05601,1.05628
2013.03.07 00:47:46.821,1.05602,1.05628
2013.03.07 00:47:46.941,1.05602,1.05628
2013.03.07 00:47:56.504,1.05603,1.05629
2013.03.07 00:47:57.651,1.05602,1.05629
2013.03.07 00:47:59.681,1.05602,1.05629
2013.03.07 00:48:03.530,1.05602,1.05629
2013.03.07 00:48:03.908,1.05602,1.05629
2013.03.07 00:48:29.641,1.05601,1.05629
2013.03.07 00:48:29.822,1.056,1.05629
2013.03.07 00:48:30.885,1.05601,1.05629
2013.03.07 00:48:32.532,1.05605,1.05629
2013.03.07 00:48:32.771,1.05606,1.05633
2013.03.07 00:48:33.692,1.05606,1.05633
2013.03.07 00:48:33.802,1.05606,1.05633
2013.03.07 00:48:36.304,1.05606,1.05633
2013.03.07 00:48:43.442,1.05606,1.05633
2013.03.07 00:48:44.230,1.05606,1.05634
2013.03.07 00:48:51.051,1.05605,1.05633
2013.03.07 00:48:51.263,1.05605,1.05633
2013.03.07 00:48:51.562,1.05607,1.05633
2013.03.07 00:48:51.822,1.05607,1.05633
2013.03.07 00:48:52.181,1.05614,1.05636
2013.03.07 00:48:52.483,1.05614,1.05638
2013.03.07 00:48:52.542,1.05614,1.05638
2013.03.07 00:48:52.902,1.05612,1.05639
2013.03.07 00:48:55.852,1.05614,1.0564
2013.03.07 00:48:56.211,1.05617,1.05643
2013.03.07 00:49:01.182,1.05618,1.05643
2013.03.07 00:49:02.382,1.05618,1.05643
2013.03.07 00:49:03.442,1.0562,1.05643
2013.03.07 00:49:16.231,1.05621,1.05646
2013.03.07 00:49:16.521,1.05621,1.05648
2013.03.07 00:49:27.432,1.05624,1.05648
2013.03.07 00:49:38.442,1.05622,1.05647
2013.03.07 00:49:38.804,1.05622,1.05643
2013.03.07 00:49:58.621,1.05621,1.05644
2013.03.07 00:50:16.102,1.05617,1.05644
2013.03.07 00:50:16.282,1.05617,1.05643
2013.03.07 00:50:16.602,1.05617,1.05643
2013.03.07 00:50:16.724,1.05617,1.05643
2013.03.07 00:50:26.622,1.05614,1.0564
2013.03.07 00:50:26.742,1.05615,1.0564
2013.03.07 00:50:29.130,1.05615,1.05638
2013.03.07 00:50:29.253,1.05614,1.05638
2013.03.07 00:50:32.872,1.05614,1.0564
2013.03.07 00:50:32.992,1.05615,1.0564
2013.03.07 00:50:33.450,1.05616,1.05644
2013.03.07 00:50:37.493,1.05621,1.05645
2013.03.07 00:50:37.852,1.05634,1.05657
2013.03.07 00:50:37.912,1.05631,1.05659
2013.03.07 00:50:37.972,1.05631,1.05659
2013.03.07 00:50:38.153,1.05632,1.05659
2013.03.07 00:50:38.592,1.0563,1.05657
2013.03.07 00:50:38.713,1.0563,1.05657
2013.03.07 00:50:38.773,1.0563,1.05654
2013.03.07 00:50:39.157,1.05628,1.05652
2013.03.07 00:50:47.599,1.05625,1.0565
2013.03.07 00:50:47.782,1.05623,1.05643
2013.03.07 00:50:47.963,1.05623,1.05643
2013.03.07 00:50:48.202,1.05623,1.05645
2013.03.07 00:50:49.387,1.0562,1.05645
2013.03.07 00:50:49.513,1.05621,1.05645
2013.03.07 00:50:50.673,1.05622,1.05649
2013.03.07 00:50:50.812,1.05622,1.05649
2013.03.07 00:50:51.053,1.05622,1.05648
2013.03.07 00:50:51.911,1.05622,1.05648
2013.03.07 00:50:52.032,1.05619,1.0564
2013.03.07 00:50:52.213,1.05616,1.0564
2013.03.07 00:50:52.513,1.05616,1.05643
2013.03.07 00:50:52.692,1.05616,1.0564
2013.03.07 00:50:52.932,1.05616,1.05643
2013.03.07 00:50:54.672,1.05616,1.0564
2013.03.07 00:50:54.793,1.05616,1.0564
2013.03.07 00:50:55.902,1.05616,1.05643
2013.03.07 00:50:58.702,1.05619,1.05646
2013.03.07 00:50:59.602,1.0562,1.05646
2013.03.07 00:50:59.662,1.0562,1.05646
2013.03.07 00:51:00.222,1.0562,1.05647
2013.03.07 00:51:01.413,1.0562,1.05644
2013.03.07 00:51:05.152,1.0562,1.05646
2013.03.07 00:51:05.212,1.0562,1.05648
2013.03.07 00:51:08.693,1.05627,1.05648
2013.03.07 00:51:14.842,1.05627,1.05652
2013.03.07 00:51:23.852,1.05627,1.05651
2013.03.07 00:51:30.526,1.05627,1.05651
2013.03.07 00:51:31.113,1.05627,1.05649
2013.03.07 00:51:31.473,1.05622,1.05645
2013.03.07 00:51:31.534,1.05621,1.05645
2013.03.07 00:51:31.726,1.05623,1.05649
2013.03.07 00:51:34.793,1.05624,1.05651
2013.03.07 00:51:34.962,1.05626,1.05651
2013.03.07 00:51:38.192,1.05626,1.05645
2013.03.07 00:51:38.709,1.05621,1.05645
2013.03.07 00:51:41.923,1.05626,1.05645
2013.03.07 00:51:41.983,1.05626,1.05649
2013.03.07 00:51:42.222,1.05622,1.05649
2013.03.07 00:51:47.062,1.05622,1.05648
2013.03.07 00:51:47.123,1.05619,1.05647
2013.03.07 00:51:48.102,1.05618,1.05645
2013.03.07 00:51:48.282,1.05618,1.05645
2013.03.07 00:51:52.402,1.05618,1.05647
2013.03.07 00:51:52.582,1.0562,1.05647
2013.03.07 00:52:07.660,1.0562,1.05647
2013.03.07 00:52:12.343,1.05622,1.05649
2013.03.07 00:52:12.404,1.05627,1.05651
2013.03.07 00:52:12.916,1.05627,1.05651
2013.03.07 00:52:13.682,1.05627,1.05652
2013.03.07 00:52:22.422,1.05632,1.05654
2013.03.07 00:52:22.852,1.05627,1.05651
2013.03.07 00:52:22.972,1.05626,1.05649
2013.03.07 00:52:23.212,1.05627,1.05653
2013.03.07 00:52:23.332,1.05627,1.05654
2013.03.07 00:52:25.142,1.05626,1.05649
2013.03.07 00:52:25.263,1.05626,1.05653
2013.03.07 00:52:26.567,1.05626,1.05651
2013.03.07 00:52:26.812,1.05627,1.05651
2013.03.07 00:52:26.932,1.05627,1.05654
2013.03.07 00:52:27.023,1.05627,1.05655
2013.03.07 00:52:29.066,1.05627,1.05654
2013.03.07 00:52:29.252,1.05623,1.05649
2013.03.07 00:52:29.373,1.05627,1.05651
2013.03.07 00:52:29.438,1.05627,1.05651
2013.03.07 00:52:30.562,1.05623,1.05649
2013.03.07 00:52:31.402,1.05626,1.05651
2013.03.07 00:52:31.793,1.05623,1.05649
2013.03.07 00:52:33.495,1.05625,1.05651
2013.03.07 00:52:35.612,1.05623,1.05649
2013.03.07 00:52:35.913,1.0562,1.05646
2013.03.07 00:52:37.794,1.05625,1.05648
2013.03.07 00:52:37.853,1.05625,1.0565
2013.03.07 00:52:38.463,1.05626,1.0565
2013.03.07 00:52:46.372,1.05624,1.05648
2013.03.07 00:52:46.495,1.0562,1.05645
2013.03.07 00:52:46.553,1.0562,1.05647
2013.03.07 00:52:46.732,1.05622,1.05648
2013.03.07 00:52:47.153,1.05627,1.05656
2013.03.07 00:52:47.273,1.05629,1.05656
2013.03.07 00:52:47.332,1.05629,1.05656
2013.03.07 00:52:47.512,1.0563,1.05658
2013.03.07 00:52:49.892,1.0563,1.05656
2013.03.07 00:52:50.013,1.05629,1.05656
2013.03.07 00:53:05.152,1.05627,1.05656
2013.03.07 00:53:05.272,1.05623,1.05648
2013.03.07 00:53:05.454,1.05626,1.0565
2013.03.07 00:53:09.871,1.05624,1.05648
2013.03.07 00:53:09.992,1.05623,1.05648
2013.03.07 00:53:10.289,1.05623,1.05648
2013.03.07 00:53:13.422,1.0562,1.05645
2013.03.07 00:53:26.322,1.05617,1.05643
2013.03.07 00:53:29.173,1.05619,1.05645
2013.03.07 00:53:29.473,1.05625,1.05649
2013.03.07 00:53:29.532,1.05625,1.05652
2013.03.07 00:53:29.732,1.05625,1.05652
2013.03.07 00:53:32.652,1.05625,1.05649
2013.03.07 00:53:34.222,1.05622,1.05649
2013.03.07 00:53:34.283,1.05619,1.05645
2013.03.07 00:53:37.405,1.0562,1.05645
2013.03.07 00:53:37.943,1.0562,1.05645
2013.03.07 00:53:38.945,1.05625,1.05646
2013.03.07 00:53:39.132,1.05625,1.0565
2013.03.07 00:53:40.054,1.05625,1.05652
2013.03.07 00:53:49.602,1.05624,1.0565
2013.03.07 00:53:49.712,1.05624,1.0565
2013.03.07 00:53:50.133,1.05624,1.05652
2013.03.07 00:53:50.193,1.05625,1.05652
2013.03.07 00:53:52.693,1.05629,1.05652
2013.03.07 00:53:52.813,1.05629,1.05654
2013.03.07 00:53:52.992,1.05629,1.05656
2013.03.07 00:53:53.214,1.05629,1.05654
2013.03.07 00:53:58.472,1.05629,1.05655
2013.03.07 00:53:59.951,1.05627,1.05654
2013.03.07 00:54:02.882,1.05628,1.05655
2013.03.07 00:54:02.943,1.0563,1.05655
2013.03.07 00:54:04.152,1.0563,1.05655
2013.03.07 00:54:04.704,1.0563,1.05656
2013.03.07 00:54:07.053,1.05632,1.05659
2013.03.07 00:54:15.092,1.05631,1.05658
2013.03.07 00:54:15.273,1.05628,1.05654
2013.03.07 00:54:20.864,1.05627,1.05654
2013.03.07 00:54:21.256,1.05624,1.05649
2013.03.07 00:54:21.338,1.05622,1.05648
2013.03.07 00:54:27.002,1.05624,1.05649
2013.03.07 00:54:34.183,1.05631,1.05649
2013.03.07 00:54:34.482,1.05626,1.05649
2013.03.07 00:54:34.803,1.05624,1.05648
2013.03.07 00:54:35.144,1.05624,1.05645
2013.03.07 00:54:35.523,1.05632,1.05645
2013.03.07 00:54:35.702,1.05626,1.05645
2013.03.07 00:54:36.932,1.05622,1.05645
2013.03.07 00:54:48.063,1.0562,1.0564
2013.03.07 00:54:48.182,1.05617,1.0564
2013.03.07 00:54:51.602,1.05613,1.05638
2013.03.07 00:54:54.382,1.05613,1.05641
2013.03.07 00:54:55.621,1.05613,1.05639
2013.03.07 00:54:56.068,1.05613,1.05636
2013.03.07 00:54:59.462,1.05613,1.05638
2013.03.07 00:55:00.003,1.05615,1.0564
2013.03.07 00:55:00.079,1.05615,1.05635
2013.03.07 00:55:00.264,1.05597,1.05619
2013.03.07 00:55:00.384,1.05597,1.05623
2013.03.07 00:55:00.443,1.05592,1.05617
2013.03.07 00:55:00.623,1.05592,1.05616
2013.03.07 00:55:00.683,1.05589,1.05616
2013.03.07 00:55:00.746,1.05592,1.05616
2013.03.07 00:55:00.825,1.05595,1.05619
2013.03.07 00:55:01.184,1.05597,1.05623
2013.03.07 00:55:01.500,1.05601,1.05625
2013.03.07 00:55:01.803,1.05602,1.05625
2013.03.07 00:55:01.983,1.05602,1.05625
2013.03.07 00:55:02.590,1.05602,1.05627
2013.03.07 00:55:02.652,1.05602,1.05628
2013.03.07 00:55:05.142,1.05602,1.05627
2013.03.07 00:55:05.203,1.05602,1.05627
2013.03.07 00:55:07.862,1.056,1.05627
2013.03.07 00:55:07.922,1.056,1.05627
2013.03.07 00:55:08.102,1.05601,1.05628
2013.03.07 00:55:08.164,1.05601,1.05628
2013.03.07 00:55:09.102,1.05602,1.05627
2013.03.07 00:55:09.222,1.05602,1.05627
2013.03.07 00:55:13.583,1.05597,1.05625
2013.03.07 00:55:13.986,1.05602,1.05628
2013.03.07 00:55:14.044,1.05602,1.05628
2013.03.07 00:55:16.022,1.05603,1.05628
2013.03.07 00:55:23.172,1.05601,1.05627
2013.03.07 00:55:23.796,1.05601,1.05629
2013.03.07 00:55:24.052,1.05603,1.05629
2013.03.07 00:55:26.053,1.05606,1.05629
2013.03.07 00:55:27.543,1.05607,1.05633
2013.03.07 00:55:27.802,1.05607,1.05633
2013.03.07 00:55:29.322,1.05607,1.05633
2013.03.07 00:55:29.508,1.05606,1.05633
2013.03.07 00:55:30.462,1.05607,1.05633
2013.03.07 00:55:30.642,1.05607,1.05634
2013.03.07 00:55:31.483,1.05615,1.05635
2013.03.07 00:55:31.663,1.05615,1.0564
2013.03.07 00:55:32.403,1.05612,1.05639
2013.03.07 00:55:32.463,1.05612,1.05639
2013.03.07 00:55:32.583,1.05611,1.05639
2013.03.07 00:55:32.822,1.05606,1.05633
2013.03.07 00:55:51.825,1.0561,1.05636
2013.03.07 00:55:51.943,1.0561,1.05636
2013.03.07 00:55:58.443,1.05607,1.05634
2013.03.07 00:55:58.502,1.05607,1.05634
2013.03.07 00:55:59.601,1.05607,1.05634
2013.03.07 00:55:59.663,1.05606,1.05629
2013.03.07 00:56:03.833,1.05601,1.05627
2013.03.07 00:56:04.014,1.05597,1.05623
2013.03.07 00:56:04.854,1.05598,1.05623
2013.03.07 00:56:05.033,1.05597,1.05623
2013.03.07 00:56:05.954,1.05596,1.05622
2013.03.07 00:56:06.832,1.05596,1.05622
2013.03.07 00:56:08.544,1.05597,1.05624
2013.03.07 00:56:08.924,1.05602,1.05624
2013.03.07 00:56:09.983,1.05597,1.05623
2013.03.07 00:56:10.103,1.05598,1.05624
2013.03.07 00:56:10.445,1.05602,1.05624
2013.03.07 00:56:10.774,1.05597,1.05623
2013.03.07 00:56:10.833,1.05597,1.05623
2013.03.07 00:56:10.974,1.05596,1.05623
2013.03.07 00:56:11.393,1.05596,1.05623
2013.03.07 00:56:14.035,1.05591,1.05618
2013.03.07 00:56:21.663,1.05592,1.05618
2013.03.07 00:56:21.783,1.05597,1.05623
2013.03.07 00:56:21.845,1.05597,1.05623
2013.03.07 00:56:22.213,1.05597,1.05623
2013.03.07 00:56:24.133,1.05597,1.05623
2013.03.07 00:56:24.254,1.05591,1.05619
2013.03.07 00:56:24.373,1.05591,1.05619
2013.03.07 00:56:24.694,1.05593,1.05618
2013.03.07 00:56:24.813,1.05595,1.05621
2013.03.07 00:56:24.934,1.05595,1.05621
2013.03.07 00:56:25.173,1.05593,1.05618
2013.03.07 00:56:25.293,1.05593,1.05618
2013.03.07 00:56:25.414,1.05594,1.05621
2013.03.07 00:56:25.773,1.05597,1.05621
2013.03.07 00:56:30.743,1.05597,1.05623
2013.03.07 00:56:31.451,1.05597,1.05623
2013.03.07 00:56:47.943,1.05597,1.05623
2013.03.07 00:56:48.004,1.05592,1.05621
2013.03.07 00:56:48.063,1.05592,1.05618
2013.03.07 00:56:51.633,1.05592,1.05618
2013.03.07 00:56:51.693,1.05596,1.05623
2013.03.07 00:56:53.033,1.05602,1.05627
2013.03.07 00:56:56.953,1.05601,1.05626
2013.03.07 00:56:57.796,1.056,1.05626
2013.03.07 00:56:58.154,1.05596,1.05624
2013.03.07 00:56:58.394,1.05597,1.05622
2013.03.07 00:56:58.574,1.05597,1.05623
2013.03.07 00:56:58.633,1.05597,1.05623
2013.03.07 00:56:58.701,1.05597,1.05623
2013.03.07 00:56:59.003,1.05597,1.05623
2013.03.07 00:56:59.143,1.05597,1.05623
2013.03.07 00:56:59.383,1.05596,1.05623
2013.03.07 00:56:59.503,1.05596,1.05623
2013.03.07 00:56:59.933,1.05596,1.05624
2013.03.07 00:57:00.292,1.05597,1.05623
2013.03.07 00:57:00.352,1.05597,1.05623
2013.03.07 00:57:00.413,1.05596,1.05623
2013.03.07 00:57:02.093,1.05591,1.05619
2013.03.07 00:57:02.153,1.05591,1.05618
2013.03.07 00:57:03.543,1.05588,1.05613
2013.03.07 00:57:23.733,1.0559,1.05614
2013.03.07 00:57:32.833,1.0559,1.05616
2013.03.07 00:57:33.211,1.05591,1.05616
2013.03.07 00:57:33.333,1.0559,1.05616
2013.03.07 00:57:33.693,1.05588,1.05614
2013.03.07 00:57:33.953,1.0559,1.05613
2013.03.07 00:57:34.643,1.0559,1.05611
2013.03.07 00:57:34.823,1.05582,1.05608
2013.03.07 00:57:35.003,1.05583,1.05608
2013.03.07 00:57:35.853,1.05583,1.05607
2013.03.07 00:57:35.915,1.05582,1.05607
2013.03.07 00:57:36.153,1.05579,1.05603
2013.03.07 00:57:36.215,1.05579,1.05603
2013.03.07 00:57:39.924,1.05579,1.05603
2013.03.07 00:57:39.983,1.05584,1.05603
2013.03.07 00:57:40.103,1.05586,1.05609
2013.03.07 00:57:40.344,1.05586,1.0561
2013.03.07 00:57:40.403,1.05589,1.0561
2013.03.07 00:57:40.523,1.05589,1.05612
2013.03.07 00:57:46.333,1.05589,1.05614
2013.03.07 00:57:46.393,1.05589,1.05615
2013.03.07 00:57:53.113,1.05591,1.05615
2013.03.07 00:57:53.293,1.05597,1.05616
2013.03.07 00:57:53.543,1.05597,1.05621
2013.03.07 00:57:53.623,1.05595,1.05621
2013.03.07 00:57:53.744,1.05595,1.05621
2013.03.07 00:57:53.925,1.05595,1.05621
2013.03.07 00:57:54.044,1.05593,1.05621
2013.03.07 00:57:54.403,1.05595,1.05623
2013.03.07 00:57:54.463,1.05597,1.05623
2013.03.07 00:57:54.765,1.05601,1.05625
2013.03.07 00:57:54.825,1.05601,1.05627
2013.03.07 00:57:54.943,1.05601,1.05625
2013.03.07 00:57:55.283,1.056,1.05624
2013.03.07 00:57:59.674,1.05599,1.0562
2013.03.07 00:57:59.734,1.05596,1.0562
2013.03.07 00:58:00.103,1.05593,1.0562
2013.03.07 00:58:00.343,1.05593,1.0562
2013.03.07 00:58:04.187,1.0559,1.05616
2013.03.07 00:58:04.253,1.05592,1.05616
2013.03.07 00:58:04.612,1.05595,1.0562
2013.03.07 00:58:15.703,1.05592,1.05618
2013.03.07 00:58:26.184,1.05591,1.05615
2013.03.07 00:58:31.533,1.0559,1.05614
2013.03.07 00:58:31.593,1.05589,1.05613
2013.03.07 00:58:39.243,1.0559,1.05615
2013.03.07 00:58:43.247,1.05591,1.05615
2013.03.07 00:58:43.324,1.05591,1.05617
2013.03.07 00:58:48.333,1.05591,1.05619
2013.03.07 00:58:48.931,1.05594,1.05621
2013.03.07 00:58:51.334,1.05595,1.05622
2013.03.07 00:58:51.513,1.05596,1.05622
2013.03.07 00:58:51.904,1.05596,1.05622
2013.03.07 00:58:58.572,1.05595,1.05621
2013.03.07 00:58:58.755,1.05594,1.05614
2013.03.07 00:58:58.873,1.05597,1.05615
2013.03.07 00:58:59.185,1.0559,1.05614
2013.03.07 00:58:59.424,1.05597,1.05616
2013.03.07 00:58:59.663,1.05594,1.05615
2013.03.07 00:58:59.974,1.05596,1.05615
2013.03.07 00:59:00.034,1.05596,1.05619
2013.03.07 00:59:05.244,1.05594,1.05619
2013.03.07 00:59:05.305,1.05594,1.05615
2013.03.07 00:59:09.014,1.05594,1.05619
2013.03.07 00:59:09.196,1.05592,1.05619
2013.03.07 00:59:13.928,1.05592,1.05619
2013.03.07 00:59:15.243,1.05595,1.05622
2013.03.07 00:59:27.654,1.056,1.05627
2013.03.07 00:59:27.895,1.05602,1.05627
2013.03.07 00:59:28.014,1.05605,1.05629
2013.03.07 01:00:09.613,1.05609,1.05637
2013.03.07 01:00:09.740,1.05609,1.05637
2013.03.07 01:00:09.804,1.0561,1.05638
2013.03.07 01:00:09.985,1.05616,1.05638
2013.03.07 01:00:10.116,1.0562,1.05647
2013.03.07 01:00:10.244,1.0562,1.05647
2013.03.07 01:00:10.305,1.0562,1.05648
2013.03.07 01:00:10.365,1.0562,1.05647
2013.03.07 01:00:10.425,1.0562,1.05647
2013.03.07 01:00:10.964,1.05616,1.05643
2013.03.07 01:00:11.121,1.05615,1.05642
2013.03.07 01:00:11.186,1.05615,1.05642
2013.03.07 01:00:12.807,1.05615,1.05642
2013.03.07 01:00:14.683,1.05611,1.05638
2013.03.07 01:00:15.245,1.05611,1.05638
2013.03.07 01:00:17.334,1.0561,1.05638
2013.03.07 01:00:17.574,1.0561,1.05637
2013.03.07 01:00:17.635,1.05611,1.05638
2013.03.07 01:00:17.814,1.05611,1.05639
2013.03.07 01:00:18.003,1.05617,1.05643
2013.03.07 01:00:18.561,1.05617,1.05643
2013.03.07 01:00:21.135,1.05616,1.05643
2013.03.07 01:00:21.314,1.05616,1.05643
2013.03.07 01:00:21.373,1.05618,1.05643
2013.03.07 01:00:21.555,1.05621,1.05645
2013.03.07 01:00:21.793,1.05621,1.05648
2013.03.07 01:00:22.054,1.05621,1.05649
2013.03.07 01:00:22.745,1.05626,1.05653
2013.03.07 01:00:25.123,1.05625,1.05652
2013.03.07 01:00:25.364,1.05621,1.05649
2013.03.07 01:00:25.484,1.05622,1.05649
2013.03.07 01:00:25.725,1.05621,1.05649
2013.03.07 01:00:26.704,1.05621,1.05647
2013.03.07 01:00:27.249,1.05622,1.05649
2013.03.07 01:00:27.314,1.05624,1.05649
2013.03.07 01:00:28.013,1.05624,1.05649
2013.03.07 01:00:28.681,1.05624,1.05649
2013.03.07 01:00:31.384,1.05624,1.0565
2013.03.07 01:00:31.564,1.0562,1.05646
2013.03.07 01:00:31.684,1.05622,1.05648
2013.03.07 01:00:31.744,1.05622,1.05648
2013.03.07 01:00:31.984,1.0562,1.05646
2013.03.07 01:00:44.884,1.0562,1.05646
2013.03.07 01:00:49.073,1.05616,1.05644
2013.03.07 01:00:56.525,1.05621,1.05645
2013.03.07 01:01:00.792,1.05622,1.05648
2013.03.07 01:01:05.856,1.05622,1.05648
2013.03.07 01:01:11.888,1.05619,1.05646
2013.03.07 01:01:16.423,1.05622,1.05648
2013.03.07 01:01:17.140,1.05622,1.05647
2013.03.07 01:01:17.625,1.05621,1.05646
2013.03.07 01:01:17.744,1.05621,1.05646
2013.03.07 01:01:24.564,1.05621,1.05648
2013.03.07 01:01:24.683,1.05621,1.05648
2013.03.07 01:01:24.814,1.05621,1.05649
2013.03.07 01:01:24.935,1.05623,1.0565
2013.03.07 01:01:25.234,1.05621,1.05649
2013.03.07 01:01:25.906,1.05622,1.05649
2013.03.07 01:01:26.023,1.05623,1.05649
2013.03.07 01:01:26.383,1.05625,1.05651
2013.03.07 01:01:27.204,1.05623,1.05649
2013.03.07 01:01:27.265,1.05624,1.05651
2013.03.07 01:01:28.474,1.05624,1.05649
2013.03.07 01:01:28.893,1.05624,1.05651
2013.03.07 01:01:29.255,1.05624,1.05651
2013.03.07 01:01:29.494,1.05628,1.05654
2013.03.07 01:01:31.713,1.05628,1.05653
2013.03.07 01:01:32.400,1.05628,1.05653
2013.03.07 01:01:33.403,1.05627,1.05653
2013.03.07 01:01:33.523,1.05626,1.05651
2013.03.07 01:01:34.064,1.05626,1.05651
2013.03.07 01:01:34.184,1.05624,1.05648
2013.03.07 01:01:34.304,1.05624,1.05648
2013.03.07 01:01:34.494,1.05624,1.05648
2013.03.07 01:01:51.130,1.05625,1.05651
2013.03.07 01:01:51.493,1.05624,1.05649
2013.03.07 01:01:52.061,1.05624,1.05649
2013.03.07 01:01:55.298,1.05622,1.05649
2013.03.07 01:02:04.457,1.05624,1.05649
2013.03.07 01:02:04.883,1.05626,1.05653
2013.03.07 01:02:05.430,1.05626,1.05654
2013.03.07 01:02:09.389,1.05624,1.05653
2013.03.07 01:02:10.151,1.05624,1.05653
2013.03.07 01:02:13.143,1.05622,1.05648
2013.03.07 01:02:14.493,1.05622,1.05648
2013.03.07 01:02:14.953,1.05622,1.05648
2013.03.07 01:02:15.334,1.05622,1.05649
2013.03.07 01:02:15.763,1.05627,1.05653
2013.03.07 01:02:19.293,1.05625,1.05651
2013.03.07 01:02:19.844,1.05625,1.05651
2013.03.07 01:02:24.625,1.05627,1.05653
2013.03.07 01:02:29.123,1.05627,1.05652
2013.03.07 01:02:29.183,1.05625,1.05651
2013.03.07 01:02:29.244,1.05624,1.05647
2013.03.07 01:02:29.364,1.05621,1.05647
2013.03.07 01:02:29.605,1.05619,1.05647
2013.03.07 01:02:30.604,1.05622,1.05647
2013.03.07 01:02:32.344,1.05619,1.05647
2013.03.07 01:02:32.404,1.05617,1.05638
2013.03.07 01:02:32.464,1.05611,1.05638
2013.03.07 01:02:32.584,1.05611,1.05639
2013.03.07 01:02:32.824,1.05616,1.05641
2013.03.07 01:02:32.884,1.05614,1.0564
2013.03.07 01:02:35.274,1.05614,1.05641
2013.03.07 01:02:36.345,1.05616,1.05642
2013.03.07 01:02:36.404,1.05616,1.05643
2013.03.07 01:02:38.696,1.05621,1.05644
2013.03.07 01:02:38.814,1.05621,1.05647
2013.03.07 01:02:39.055,1.05624,1.05651
2013.03.07 01:02:46.293,1.05626,1.05651
2013.03.07 01:02:46.744,1.05626,1.05651
2013.03.07 01:02:48.303,1.05626,1.05651
2013.03.07 01:02:48.609,1.05621,1.05643
2013.03.07 01:02:48.855,1.05618,1.05643
2013.03.07 01:02:48.975,1.05617,1.05641
2013.03.07 01:02:49.498,1.05617,1.05643
2013.03.07 01:02:49.900,1.0562,1.05642
2013.03.07 01:02:56.544,1.05616,1.05644
2013.03.07 01:02:59.876,1.05615,1.05642
2013.03.07 01:02:59.935,1.05615,1.05642
2013.03.07 01:03:04.118,1.05611,1.05637
2013.03.07 01:03:04.244,1.05606,1.0563
2013.03.07 01:03:04.364,1.05606,1.05632
2013.03.07 01:03:04.485,1.0561,1.05632
2013.03.07 01:03:04.664,1.05604,1.0563
2013.03.07 01:03:05.067,1.05606,1.05632
2013.03.07 01:03:11.158,1.05613,1.05632
2013.03.07 01:03:11.704,1.05613,1.05636
2013.03.07 01:03:11.763,1.05613,1.05637
2013.03.07 01:03:13.044,1.05621,1.05637
2013.03.07 01:03:16.434,1.05621,1.05641
2013.03.07 01:03:16.493,1.05621,1.05642
2013.03.07 01:03:21.014,1.05615,1.05642
2013.03.07 01:03:21.894,1.05615,1.05641
2013.03.07 01:03:23.395,1.05615,1.0564
2013.03.07 01:03:23.770,1.05615,1.05638
2013.03.07 01:03:24.394,1.05611,1.05636
2013.03.07 01:03:24.634,1.0561,1.05636
2013.03.07 01:03:24.694,1.05609,1.05636
2013.03.07 01:03:29.484,1.05606,1.05634
2013.03.07 01:03:31.953,1.05608,1.05635
2013.03.07 01:03:33.385,1.05611,1.05637
2013.03.07 01:03:33.745,1.05616,1.05642
2013.03.07 01:03:34.043,1.05616,1.05642
2013.03.07 01:03:34.164,1.05616,1.05642
2013.03.07 01:03:34.224,1.05616,1.05643
2013.03.07 01:03:34.404,1.05616,1.05642
2013.03.07 01:03:34.717,1.05614,1.05638
2013.03.07 01:03:37.766,1.05616,1.0564
2013.03.07 01:03:37.833,1.05616,1.05641
2013.03.07 01:03:40.564,1.05616,1.05641
2013.03.07 01:03:48.684,1.05616,1.05643
2013.03.07 01:03:49.074,1.05618,1.05644
2013.03.07 01:03:49.384,1.05624,1.05647
2013.03.07 01:03:49.864,1.05624,1.05649
2013.03.07 01:03:50.224,1.05625,1.05649
2013.03.07 01:04:02.584,1.05621,1.05648
2013.03.07 01:04:02.703,1.0562,1.05649
2013.03.07 01:04:04.603,1.0562,1.05649
2013.03.07 01:04:04.964,1.05622,1.05648
2013.03.07 01:04:05.025,1.0562,1.05648
2013.03.07 01:04:05.634,1.0562,1.05647
2013.03.07 01:04:06.194,1.0562,1.05647
2013.03.07 01:04:08.114,1.0562,1.05647
2013.03.07 01:04:08.474,1.05626,1.05647
2013.03.07 01:04:12.395,1.05627,1.05653
2013.03.07 01:04:12.717,1.05627,1.05653
2013.03.07 01:04:13.234,1.05625,1.05649
2013.03.07 01:04:18.123,1.05625,1.05648
2013.03.07 01:04:18.714,1.05626,1.05648
2013.03.07 01:04:22.595,1.05622,1.05648
2013.03.07 01:04:24.604,1.05621,1.05648
2013.03.07 01:04:26.823,1.05621,1.05648
2013.03.07 01:04:27.203,1.05621,1.05648
2013.03.07 01:04:27.263,1.05622,1.05649
2013.03.07 01:04:27.324,1.05625,1.05649
2013.03.07 01:04:27.684,1.05627,1.05651
2013.03.07 01:04:28.045,1.0563,1.05652
2013.03.07 01:04:28.464,1.0563,1.05652
2013.03.07 01:04:29.241,1.05631,1.05657
2013.03.07 01:04:31.334,1.05633,1.05657
2013.03.07 01:04:31.515,1.05637,1.05662
2013.03.07 01:04:32.075,1.05637,1.05662
2013.03.07 01:04:32.524,1.05637,1.05662
2013.03.07 01:04:33.124,1.05632,1.05658
2013.03.07 01:04:33.185,1.05632,1.05658
2013.03.07 01:04:33.364,1.05631,1.05657
2013.03.07 01:04:35.904,1.05636,1.0566
2013.03.07 01:04:35.965,1.05636,1.05662
2013.03.07 01:04:36.473,1.05641,1.05662
2013.03.07 01:04:37.012,1.0564,1.05662
2013.03.07 01:04:38.434,1.0564,1.05662
2013.03.07 01:04:39.006,1.05636,1.05662
2013.03.07 01:04:39.064,1.05636,1.05662
2013.03.07 01:04:39.601,1.05636,1.05662
2013.03.07 01:04:39.678,1.05635,1.05659
2013.03.07 01:04:39.745,1.05631,1.05655
2013.03.07 01:04:44.593,1.05629,1.05654
2013.03.07 01:04:45.122,1.05629,1.05654
2013.03.07 01:04:45.674,1.05631,1.05655
2013.03.07 01:04:45.915,1.0563,1.05655
2013.03.07 01:04:46.093,1.05629,1.05657
2013.03.07 01:04:46.515,1.05636,1.05658
2013.03.07 01:04:47.069,1.05634,1.05659
2013.03.07 01:04:51.675,1.05634,1.05658
2013.03.07 01:04:54.383,1.05634,1.05657
2013.03.07 01:04:58.528,1.05631,1.05653
2013.03.07 01:04:58.598,1.05628,1.05653
2013.03.07 01:04:58.835,1.05628,1.05653
2013.03.07 01:04:59.344,1.05627,1.05653
2013.03.07 01:05:02.717,1.05627,1.05653
2013.03.07 01:05:02.785,1.05629,1.05654
2013.03.07 01:05:02.845,1.05629,1.05654
2013.03.07 01:05:03.324,1.05624,1.05649
2013.03.07 01:05:03.764,1.05624,1.05649
2013.03.07 01:05:04.306,1.05624,1.05648
2013.03.07 01:05:04.865,1.05624,1.05649
2013.03.07 01:05:05.395,1.05624,1.05649
2013.03.07 01:05:05.944,1.05626,1.05651
2013.03.07 01:05:06.064,1.05626,1.05651
2013.03.07 01:05:08.086,1.05626,1.05651
2013.03.07 01:05:08.514,1.05631,1.05657
2013.03.07 01:05:10.234,1.05631,1.05655
2013.03.07 01:05:11.835,1.05628,1.05654
2013.03.07 01:05:12.015,1.05626,1.05653
2013.03.07 01:05:17.384,1.05626,1.05653
2013.03.07 01:05:17.634,1.05634,1.05659
2013.03.07 01:05:17.754,1.0563,1.05656
2013.03.07 01:05:18.175,1.05626,1.05653
2013.03.07 01:05:18.235,1.05626,1.05653
2013.03.07 01:05:18.923,1.05626,1.05653
2013.03.07 01:05:21.314,1.05626,1.05653
2013.03.07 01:05:21.694,1.05626,1.05653
2013.03.07 01:05:31.315,1.05626,1.05653
2013.03.07 01:05:31.433,1.05626,1.05653
2013.03.07 01:05:38.175,1.05628,1.05653
2013.03.07 01:05:38.595,1.0563,1.05657
2013.03.07 01:05:40.577,1.0563,1.05657
2013.03.07 01:05:45.004,1.05633,1.05659
2013.03.07 01:05:45.418,1.05633,1.05659
2013.03.07 01:05:48.174,1.05629,1.05656
2013.03.07 01:05:48.354,1.05632,1.05658
2013.03.07 01:05:48.475,1.05632,1.05656
2013.03.07 01:05:48.774,1.05632,1.05657
2013.03.07 01:06:00.915,1.05629,1.05656
2013.03.07 01:06:02.287,1.05632,1.05657
2013.03.07 01:06:06.365,1.05629,1.05656
2013.03.07 01:06:07.943,1.05626,1.05654
2013.03.07 01:06:08.004,1.05626,1.05653
2013.03.07 01:06:09.331,1.05626,1.05653
2013.03.07 01:06:21.044,1.05632,1.05657
2013.03.07 01:06:35.183,1.05632,1.05658
2013.03.07 01:06:39.645,1.05635,1.05658
2013.03.07 01:06:39.764,1.05636,1.05662
2013.03.07 01:06:39.824,1.05636,1.05663
2013.03.07 01:06:40.014,1.05636,1.05663
2013.03.07 01:06:40.194,1.05643,1.05666
2013.03.07 01:06:40.255,1.05643,1.0567
2013.03.07 01:06:40.375,1.05643,1.05668
2013.03.07 01:06:40.494,1.05643,1.05668
2013.03.07 01:06:40.695,1.05643,1.05668
2013.03.07 01:06:41.475,1.05643,1.05668
2013.03.07 01:06:43.294,1.05643,1.05668
2013.03.07 01:06:45.406,1.05643,1.05668
2013.03.07 01:06:45.604,1.05642,1.05669
2013.03.07 01:06:46.716,1.05641,1.05667
2013.03.07 01:06:47.052,1.05641,1.05665
2013.03.07 01:06:49.055,1.05637,1.0566
2013.03.07 01:06:49.724,1.05633,1.05659
2013.03.07 01:06:50.422,1.05633,1.05659
2013.03.07 01:06:52.886,1.0563,1.05658
2013.03.07 01:07:04.354,1.05629,1.05654
2013.03.07 01:07:04.475,1.05631,1.05659
2013.03.07 01:07:05.212,1.05634,1.05659
2013.03.07 01:07:11.345,1.05635,1.0566
2013.03.07 01:07:11.525,1.05637,1.05665
2013.03.07 01:07:11.764,1.05641,1.05669
2013.03.07 01:07:12.124,1.05641,1.0567
2013.03.07 01:07:12.449,1.05645,1.0567
2013.03.07 01:07:20.585,1.05645,1.0567
2013.03.07 01:07:20.944,1.05646,1.0567
2013.03.07 01:07:21.474,1.0565,1.05673
2013.03.07 01:07:21.534,1.05654,1.05676
2013.03.07 01:07:21.595,1.0565,1.05675
2013.03.07 01:07:21.717,1.05654,1.05678
2013.03.07 01:07:21.954,1.05654,1.0568
2013.03.07 01:07:22.264,1.05656,1.05684
2013.03.07 01:07:22.385,1.05657,1.05684
2013.03.07 01:07:22.745,1.05656,1.05684
2013.03.07 01:07:23.977,1.05656,1.05684
2013.03.07 01:07:24.395,1.05652,1.05679
2013.03.07 01:07:24.515,1.05652,1.05679
2013.03.07 01:07:27.304,1.05652,1.05678
2013.03.07 01:07:28.458,1.05647,1.05676
2013.03.07 01:07:28.824,1.05643,1.05673
2013.03.07 01:07:30.154,1.05641,1.05671
2013.03.07 01:07:30.215,1.05641,1.05671
2013.03.07 01:07:30.574,1.05639,1.05666
2013.03.07 01:07:31.134,1.05638,1.05665
2013.03.07 01:07:31.195,1.05638,1.05665
2013.03.07 01:07:36.245,1.0564,1.05666
2013.03.07 01:07:36.425,1.05643,1.05668
2013.03.07 01:07:40.377,1.05645,1.05671
2013.03.07 01:07:40.438,1.05646,1.05673
2013.03.07 01:07:40.555,1.05651,1.05675
2013.03.07 01:07:40.615,1.05651,1.05677
2013.03.07 01:07:40.675,1.05654,1.0568
2013.03.07 01:07:40.914,1.05654,1.05683
2013.03.07 01:07:40.976,1.05656,1.05683
2013.03.07 01:07:41.543,1.05658,1.05687
2013.03.07 01:07:41.864,1.05652,1.05679
2013.03.07 01:07:42.166,1.05653,1.05674
2013.03.07 01:07:42.676,1.05647,1.05674
2013.03.07 01:07:42.935,1.05647,1.05673
2013.03.07 01:07:43.114,1.05647,1.05673
2013.03.07 01:07:43.295,1.05647,1.05674
2013.03.07 01:07:44.360,1.05647,1.05673
2013.03.07 01:07:44.441,1.05646,1.05673
2013.03.07 01:07:45.345,1.05646,1.05672
2013.03.07 01:07:45.854,1.05646,1.05673
2013.03.07 01:07:50.887,1.05644,1.05672
2013.03.07 01:07:51.254,1.05641,1.05669
2013.03.07 01:07:55.137,1.0564,1.05667
2013.03.07 01:08:00.116,1.05637,1.05663
2013.03.07 01:08:01.105,1.05637,1.05662
2013.03.07 01:08:01.344,1.05636,1.05664
2013.03.07 01:08:01.854,1.05636,1.05664
2013.03.07 01:08:02.205,1.05638,1.05664
2013.03.07 01:08:02.395,1.05638,1.05664
2013.03.07 01:08:02.904,1.05636,1.05663
2013.03.07 01:08:03.664,1.05636,1.05662
2013.03.07 01:08:04.265,1.05636,1.05663
2013.03.07 01:08:05.094,1.05638,1.05663
2013.03.07 01:08:05.484,1.05637,1.05663
2013.03.07 01:08:12.875,1.05638,1.05664
2013.03.07 01:08:15.666,1.05638,1.05665
2013.03.07 01:08:15.725,1.05637,1.05664
2013.03.07 01:08:19.174,1.05638,1.05665
2013.03.07 01:08:26.344,1.05638,1.05665
2013.03.07 01:08:26.903,1.05639,1.05665
2013.03.07 01:08:27.534,1.05643,1.0567
2013.03.07 01:08:28.434,1.05642,1.05669
2013.03.07 01:08:28.495,1.05642,1.05669
2013.03.07 01:08:28.615,1.05639,1.05665
2013.03.07 01:08:29.334,1.05634,1.05659
2013.03.07 01:08:29.515,1.05631,1.05659
2013.03.07 01:08:29.937,1.05631,1.05659
2013.03.07 01:08:30.005,1.05631,1.05655
2013.03.07 01:08:30.125,1.05628,1.05654
2013.03.07 01:08:30.443,1.05624,1.05651
2013.03.07 01:08:30.944,1.05623,1.05651
2013.03.07 01:08:33.104,1.05627,1.05651
2013.03.07 01:08:41.154,1.0563,1.05651
2013.03.07 01:08:41.275,1.0563,1.05655
2013.03.07 01:08:42.724,1.05632,1.05658
2013.03.07 01:08:47.055,1.0563,1.05655
2013.03.07 01:08:56.306,1.05632,1.05658
2013.03.07 01:08:56.364,1.05632,1.05658
2013.03.07 01:08:59.434,1.05634,1.05658
2013.03.07 01:09:00.225,1.05641,1.0566
2013.03.07 01:09:00.344,1.05641,1.05665
2013.03.07 01:09:00.585,1.05641,1.05669
2013.03.07 01:09:01.840,1.05641,1.05669
2013.03.07 01:09:03.073,1.05641,1.05668
2013.03.07 01:09:03.314,1.05636,1.05664
2013.03.07 01:09:07.802,1.05638,1.05666
2013.03.07 01:09:08.304,1.05638,1.05666
2013.03.07 01:09:13.854,1.05637,1.05664
2013.03.07 01:09:14.094,1.05636,1.05664
2013.03.07 01:09:14.334,1.05636,1.05663
2013.03.07 01:09:14.608,1.05633,1.0566
2013.03.07 01:09:15.215,1.05633,1.05662
2013.03.07 01:09:15.335,1.05633,1.05662
2013.03.07 01:09:15.725,1.05631,1.0566
2013.03.07 01:09:16.435,1.05633,1.05662
2013.03.07 01:09:16.554,1.05637,1.05664
2013.03.07 01:09:19.350,1.05637,1.05664
2013.03.07 01:09:28.625,1.05638,1.05665
2013.03.07 01:09:28.684,1.05638,1.05665
2013.03.07 01:09:28.925,1.05638,1.05665
2013.03.07 01:09:29.044,1.05638,1.05665
2013.03.07 01:09:29.465,1.05637,1.05665
2013.03.07 01:09:29.595,1.05638,1.05666
2013.03.07 01:09:36.694,1.0564,1.05666
2013.03.07 01:09:38.787,1.05638,1.05664
2013.03.07 01:09:39.524,1.05635,1.05661
2013.03.07 01:09:39.826,1.05635,1.05661
2013.03.07 01:09:39.945,1.05642,1.05666
2013.03.07 01:09:40.006,1.05645,1.05666
2013.03.07 01:09:40.187,1.05642,1.05666
2013.03.07 01:09:40.255,1.05637,1.05663
2013.03.07 01:09:40.317,1.05637,1.05663
2013.03.07 01:09:51.585,1.05637,1.05664
2013.03.07 01:09:51.945,1.05642,1.05667
2013.03.07 01:09:52.006,1.05639,1.05664
2013.03.07 01:09:52.245,1.05641,1.05667
2013.03.07 01:09:52.754,1.05641,1.05668
2013.03.07 01:09:52.842,1.05642,1.05668
2013.03.07 01:09:53.250,1.05645,1.05669
2013.03.07 01:09:57.256,1.05641,1.05669
2013.03.07 01:09:57.614,1.05641,1.05667
2013.03.07 01:09:57.807,1.05641,1.05668
2013.03.07 01:09:57.984,1.05641,1.05667
2013.03.07 01:09:58.560,1.05639,1.05665
2013.03.07 01:10:00.244,1.05636,1.05664
2013.03.07 01:10:01.404,1.05637,1.05664
2013.03.07 01:10:01.765,1.05644,1.05668
2013.03.07 01:10:04.244,1.05647,1.05674
2013.03.07 01:10:04.414,1.05647,1.05674
2013.03.07 01:10:05.194,1.05646,1.05674
2013.03.07 01:10:05.495,1.05644,1.05672
2013.03.07 01:10:05.924,1.05644,1.05672
2013.03.07 01:10:12.224,1.05641,1.05669
2013.03.07 01:10:13.635,1.05641,1.05669
2013.03.07 01:10:13.755,1.05637,1.05664
2013.03.07 01:10:18.513,1.05637,1.05663
2013.03.07 01:10:18.814,1.05634,1.05661
2013.03.07 01:10:28.725,1.05634,1.05661
2013.03.07 01:10:28.784,1.05634,1.05659
2013.03.07 01:10:28.845,1.05634,1.05661
2013.03.07 01:10:29.492,1.05635,1.05661
2013.03.07 01:10:33.734,1.05638,1.05663
2013.03.07 01:10:33.914,1.05639,1.05665
2013.03.07 01:10:34.155,1.05645,1.05669
2013.03.07 01:10:34.721,1.05645,1.05669
2013.03.07 01:10:40.575,1.05644,1.05669
2013.03.07 01:10:41.042,1.05644,1.05669
2013.03.07 01:10:41.168,1.05644,1.05669
2013.03.07 01:10:43.075,1.05642,1.05668
2013.03.07 01:10:48.291,1.05641,1.05669
2013.03.07 01:10:48.414,1.05639,1.05665
2013.03.07 01:10:48.474,1.05638,1.05665
2013.03.07 01:10:51.594,1.05636,1.05663
2013.03.07 01:10:52.085,1.05632,1.05658
2013.03.07 01:10:52.204,1.05632,1.05658
2013.03.07 01:10:59.841,1.05632,1.0566
2013.03.07 01:11:00.224,1.05637,1.05663
2013.03.07 01:11:00.655,1.05637,1.05664
2013.03.07 01:11:00.786,1.05641,1.05668
2013.03.07 01:11:00.905,1.05641,1.05668
2013.03.07 01:11:01.416,1.05641,1.05669
2013.03.07 01:11:03.707,1.05641,1.05668
2013.03.07 01:11:04.014,1.05637,1.05664
2013.03.07 01:11:05.746,1.0564,1.05669
2013.03.07 01:11:07.625,1.0564,1.05668
2013.03.07 01:11:08.176,1.0564,1.05669
2013.03.07 01:11:09.495,1.05646,1.0567
2013.03.07 01:11:09.675,1.05646,1.05672
2013.03.07 01:11:18.664,1.05644,1.05671
2013.03.07 01:11:19.205,1.05644,1.05671
2013.03.07 01:11:19.750,1.05644,1.05668
2013.03.07 01:11:23.525,1.05646,1.05671
2013.03.07 01:11:25.575,1.05644,1.05671
2013.03.07 01:11:25.876,1.05644,1.05669
2013.03.07 01:11:29.545,1.05643,1.05667
2013.03.07 01:11:33.614,1.05641,1.05667
2013.03.07 01:11:33.974,1.05637,1.05663
2013.03.07 01:11:34.566,1.05637,1.05663
2013.03.07 01:11:52.885,1.05637,1.05664
2013.03.07 01:11:53.511,1.05637,1.05663
2013.03.07 01:11:54.695,1.0564,1.05666
2013.03.07 01:11:56.395,1.0564,1.05666
2013.03.07 01:11:56.907,1.05646,1.0567
2013.03.07 01:11:56.965,1.05646,1.0567
2013.03.07 01:11:57.520,1.05646,1.0567
2013.03.07 01:12:00.416,1.05646,1.0567
2013.03.07 01:12:00.926,1.0565,1.05675
2013.03.07 01:12:02.666,1.0565,1.05675
2013.03.07 01:12:03.187,1.0565,1.05675
2013.03.07 01:12:03.444,1.05647,1.05673
2013.03.07 01:12:03.744,1.05645,1.05673
2013.03.07 01:12:06.846,1.05647,1.05671
2013.03.07 01:12:06.905,1.0565,1.05677
2013.03.07 01:12:07.244,1.0565,1.05677
2013.03.07 01:12:07.553,1.0565,1.05677
2013.03.07 01:12:08.154,1.0565,1.05677
2013.03.07 01:12:11.664,1.05651,1.05677
2013.03.07 01:12:11.975,1.05648,1.05673
2013.03.07 01:12:12.034,1.05647,1.05671
2013.03.07 01:12:12.094,1.05645,1.05669
2013.03.07 01:12:12.534,1.05643,1.05669
2013.03.07 01:12:16.725,1.05643,1.05669
2013.03.07 01:12:17.893,1.05645,1.05669
2013.03.07 01:12:18.395,1.05644,1.05669
2013.03.07 01:12:23.838,1.05643,1.05668
2013.03.07 01:12:27.267,1.05643,1.05668
2013.03.07 01:12:32.413,1.05646,1.05672
2013.03.07 01:12:32.485,1.05645,1.05671
2013.03.07 01:12:39.685,1.05646,1.05672
2013.03.07 01:12:40.235,1.05646,1.05672
2013.03.07 01:12:42.085,1.05646,1.05673
2013.03.07 01:12:44.604,1.05646,1.05673
2013.03.07 01:12:44.784,1.05651,1.05677
2013.03.07 01:12:45.024,1.05651,1.05677
2013.03.07 01:12:46.190,1.05651,1.05677
2013.03.07 01:12:46.790,1.05651,1.05677
2013.03.07 01:12:53.529,1.05651,1.05677
2013.03.07 01:13:13.594,1.05651,1.05678
2013.03.07 01:13:14.755,1.05651,1.05678
2013.03.07 01:13:27.276,1.05652,1.05678
2013.03.07 01:13:37.135,1.05648,1.05674
2013.03.07 01:13:37.255,1.05647,1.05674
2013.03.07 01:13:37.596,1.05646,1.05671
2013.03.07 01:13:53.755,1.05646,1.05674
2013.03.07 01:13:53.815,1.05648,1.05674
2013.03.07 01:13:53.934,1.0565,1.05675
2013.03.07 01:13:54.243,1.05651,1.05675
2013.03.07 01:13:54.898,1.05651,1.05675
2013.03.07 01:14:07.465,1.05651,1.05675
2013.03.07 01:14:17.584,1.0565,1.05675
2013.03.07 01:14:17.705,1.0565,1.05675
2013.03.07 01:14:17.944,1.05646,1.05672
2013.03.07 01:14:38.703,1.05647,1.05674
2013.03.07 01:14:39.674,1.05646,1.05673
2013.03.07 01:14:40.045,1.05641,1.05669
2013.03.07 01:15:09.785,1.05641,1.05668
2013.03.07 01:15:12.655,1.05641,1.05667
2013.03.07 01:15:16.084,1.05641,1.05668
2013.03.07 01:15:40.294,1.05641,1.05667
2013.03.07 01:15:40.865,1.0564,1.05668
2013.03.07 01:15:41.504,1.0564,1.05668
2013.03.07 01:15:47.634,1.0564,1.05665
2013.03.07 01:15:47.695,1.0564,1.05665
2013.03.07 01:15:50.525,1.05637,1.05665
2013.03.07 01:15:50.585,1.0564,1.05667
2013.03.07 01:16:01.718,1.05637,1.05668
2013.03.07 01:16:07.755,1.05636,1.05664
2013.03.07 01:16:10.886,1.05636,1.05664
2013.03.07 01:16:11.406,1.05632,1.0566
2013.03.07 01:16:34.575,1.05637,1.0566
2013.03.07 01:16:35.695,1.05637,1.05655
2013.03.07 01:16:35.815,1.05632,1.05655
2013.03.07 01:16:36.684,1.05632,1.05659
2013.03.07 01:16:36.745,1.05632,1.05659
2013.03.07 01:16:37.436,1.05637,1.05662
2013.03.07 01:16:37.615,1.05636,1.05662
2013.03.07 01:16:37.675,1.05636,1.05662
2013.03.07 01:16:39.016,1.05631,1.05658
2013.03.07 01:16:42.925,1.05631,1.05657
2013.03.07 01:16:43.044,1.05631,1.05657
2013.03.07 01:16:58.994,1.05631,1.05655
2013.03.07 01:16:59.805,1.05629,1.05655
2013.03.07 01:17:09.496,1.05628,1.05654
2013.03.07 01:17:09.712,1.05627,1.05654
2013.03.07 01:17:11.576,1.05628,1.05654
2013.03.07 01:17:11.956,1.05628,1.05654
2013.03.07 01:17:12.795,1.05629,1.05654
2013.03.07 01:17:15.246,1.05628,1.05654
2013.03.07 01:17:16.643,1.05627,1.05654
2013.03.07 01:17:16.706,1.05626,1.05651
2013.03.07 01:17:18.865,1.05622,1.05649
2013.03.07 01:17:18.925,1.05622,1.05649
2013.03.07 01:17:20.815,1.05624,1.05649
2013.03.07 01:17:20.936,1.05624,1.05649
2013.03.07 01:17:21.315,1.05627,1.05653
2013.03.07 01:17:21.716,1.05629,1.05653
2013.03.07 01:17:22.256,1.0563,1.05654
2013.03.07 01:17:24.306,1.05629,1.05655
2013.03.07 01:17:41.625,1.05629,1.05655
2013.03.07 01:17:55.607,1.05627,1.05651
2013.03.07 01:17:55.725,1.05626,1.05648
2013.03.07 01:17:56.455,1.05621,1.05648
2013.03.07 01:17:57.005,1.05625,1.05646
2013.03.07 01:17:57.687,1.05624,1.05647
2013.03.07 01:17:58.198,1.0562,1.05643
2013.03.07 01:17:58.868,1.0562,1.05643
2013.03.07 01:18:02.935,1.0562,1.05644
2013.03.07 01:18:03.935,1.05625,1.05644
2013.03.07 01:18:06.116,1.0562,1.05645
2013.03.07 01:18:06.175,1.05617,1.05644
2013.03.07 01:18:06.295,1.05616,1.05637
2013.03.07 01:18:06.654,1.05625,1.05642
2013.03.07 01:18:09.235,1.05621,1.05642
2013.03.07 01:18:18.147,1.05617,1.05641
2013.03.07 01:18:18.385,1.05616,1.0564
2013.03.07 01:18:18.826,1.05615,1.0564
2013.03.07 01:18:18.945,1.0562,1.0564
2013.03.07 01:18:26.701,1.0562,1.0564
2013.03.07 01:18:31.655,1.0562,1.05644
2013.03.07 01:18:31.835,1.05624,1.05644
2013.03.07 01:18:32.026,1.05624,1.05644
2013.03.07 01:18:37.961,1.05631,1.05648
2013.03.07 01:18:38.335,1.05631,1.05648
2013.03.07 01:18:38.975,1.05635,1.05653
2013.03.07 01:18:39.120,1.05635,1.05655
2013.03.07 01:18:39.185,1.05641,1.05655
2013.03.07 01:18:39.245,1.05641,1.05654
2013.03.07 01:18:40.011,1.05637,1.05657
2013.03.07 01:18:40.082,1.05636,1.05657
2013.03.07 01:18:40.276,1.05641,1.05657
2013.03.07 01:18:40.335,1.05639,1.05657
2013.03.07 01:18:40.515,1.05636,1.05657
2013.03.07 01:18:40.756,1.05642,1.05657
2013.03.07 01:18:40.945,1.05637,1.05657
2013.03.07 01:18:41.325,1.05635,1.05657
2013.03.07 01:18:41.386,1.05633,1.05657
2013.03.07 01:18:41.447,1.05633,1.05654
2013.03.07 01:18:41.507,1.05628,1.05652
2013.03.07 01:18:42.045,1.05626,1.05652
2013.03.07 01:18:43.155,1.05626,1.05652
2013.03.07 01:18:45.219,1.05626,1.05652
2013.03.07 01:18:46.427,1.05625,1.05652
2013.03.07 01:18:52.847,1.05625,1.05652
2013.03.07 01:18:53.316,1.05625,1.05652
2013.03.07 01:18:54.605,1.05624,1.05649
2013.03.07 01:19:02.044,1.05624,1.05649
2013.03.07 01:19:02.287,1.05625,1.05652
2013.03.07 01:19:05.344,1.05626,1.05651
2013.03.07 01:19:05.406,1.05625,1.05652
2013.03.07 01:19:05.632,1.05624,1.0565
