Time,Bid,Ask
2013.03.17 21:00:13.291,1.05826,1.05869
2013.03.17 21:00:22.908,1.05832,1.05878
2013.03.17 21:00:23.087,1.05827,1.05868
2013.03.17 21:00:25.072,1.05837,1.05878
2013.03.17 21:00:26.429,1.05832,1.05873
2013.03.17 21:00:31.310,1.05826,1.05869
2013.03.17 21:00:33.049,1.05811,1.05854
2013.03.17 21:00:43.648,1.05817,1.05858
2013.03.17 21:00:49.459,1.05807,1.05848
2013.03.17 21:00:50.968,1.05812,1.05853
2013.03.17 21:00:51.721,1.05816,1.05859
2013.03.17 21:00:52.880,1.05812,1.05853
2013.03.17 21:00:54.908,1.05816,1.05859
2013.03.17 21:00:55.088,1.05811,1.05854
2013.03.17 21:01:18.804,1.05807,1.05848
2013.03.17 21:01:21.341,1.05802,1.05843
2013.03.17 21:01:23.437,1.05806,1.05849
2013.03.17 21:01:23.908,1.05801,1.05844
2013.03.17 21:01:29.819,1.05797,1.05838
2013.03.17 21:01:31.570,1.05801,1.05844
2013.03.17 21:01:33.326,1.05797,1.05838
2013.03.17 21:01:33.658,1.05787,1.05828
2013.03.17 21:01:41.579,1.05792,1.05833
2013.03.17 21:01:42.784,1.05797,1.05838
2013.03.17 21:01:43.115,1.05792,1.05833
2013.03.17 21:01:45.284,1.05797,1.05838
2013.03.17 21:01:47.409,1.05802,1.05843
2013.03.17 21:02:05.754,1.05806,1.05849
2013.03.17 21:02:27.315,1.05812,1.05853
2013.03.17 21:02:37.325,1.05802,1.05848
2013.03.17 21:02:37.659,1.05812,1.05853
2013.03.17 21:02:39.743,1.05806,1.05849
2013.03.17 21:02:41.671,1.05802,1.05843
2013.03.17 21:02:42.171,1.05806,1.05849
2013.03.17 21:02:54.357,1.05802,1.05848
2013.03.17 21:02:54.599,1.05807,1.05848
2013.03.17 21:03:00.844,1.05802,1.05843
2013.03.17 21:03:02.388,1.05796,1.05839
2013.03.17 21:03:16.041,1.05801,1.05844
2013.03.17 21:03:18.669,1.05806,1.05849
2013.03.17 21:03:22.844,1.05801,1.05844
2013.03.17 21:03:29.432,1.05806,1.05849
2013.03.17 21:03:32.780,1.05797,1.05838
2013.03.17 21:03:39.347,1.05801,1.05844
2013.03.17 21:03:39.457,1.05797,1.05838
2013.03.17 21:03:42.962,1.05801,1.05844
2013.03.17 21:03:43.090,1.05796,1.05839
2013.03.17 21:03:57.389,1.05802,1.05843
2013.03.17 21:04:05.909,1.05787,1.05875
2013.03.17 21:04:15.221,1.05787,1.05875
2013.03.17 21:04:15.972,1.05787,1.05875
2013.03.17 21:04:17.633,1.05787,1.05875
2013.03.17 21:04:17.868,1.05787,1.05875
2013.03.17 21:04:24.112,1.05787,1.05875
2013.03.17 21:04:24.473,1.05787,1.05875
2013.03.17 21:04:37.210,1.05792,1.05882
2013.03.17 21:04:46.998,1.05792,1.05882
2013.03.17 21:05:02.281,1.05792,1.05882
2013.03.17 21:05:04.618,1.05792,1.05882
2013.03.17 21:05:23.298,1.05792,1.05882
2013.03.17 21:05:26.600,1.05797,1.05887
2013.03.17 21:05:30.678,1.05797,1.05887
2013.03.17 21:06:13.138,1.05787,1.05877
2013.03.17 21:06:14.080,1.0578,1.05873
2013.03.17 21:06:18.829,1.0578,1.05873
2013.03.17 21:06:34.085,1.0578,1.05873
2013.03.17 21:06:35.339,1.05787,1.05877
2013.03.17 21:06:49.410,1.05787,1.05877
2013.03.17 21:06:53.928,1.05787,1.05877
2013.03.17 21:07:11.638,1.05779,1.05873
2013.03.17 21:07:15.109,1.0577,1.05864
2013.03.17 21:07:15.968,1.0576,1.05859
2013.03.17 21:07:29.108,1.0576,1.05859
2013.03.17 21:07:33.858,1.05753,1.0585
2013.03.17 21:07:34.068,1.05753,1.05844
2013.03.17 21:07:34.429,1.05761,1.05848
2013.03.17 21:07:39.861,1.05762,1.05854
2013.03.17 21:07:59.579,1.05772,1.05858
2013.03.17 21:07:59.878,1.05772,1.05858
2013.03.17 21:08:14.098,1.05767,1.05861
2013.03.17 21:08:26.281,1.05767,1.05866
2013.03.17 21:08:34.088,1.05767,1.05866
2013.03.17 21:08:34.702,1.05766,1.05863
2013.03.17 21:08:36.843,1.05773,1.0587
2013.03.17 21:08:37.277,1.05773,1.0587
2013.03.17 21:08:39.590,1.05766,1.05862
2013.03.17 21:08:39.910,1.05766,1.05862
2013.03.17 21:08:42.121,1.05773,1.05865
2013.03.17 21:08:42.358,1.05772,1.05861
2013.03.17 21:08:42.681,1.05772,1.05861
2013.03.17 21:08:43.114,1.05772,1.05861
2013.03.17 21:08:43.445,1.05772,1.05861
2013.03.17 21:08:43.998,1.05772,1.05861
2013.03.17 21:08:44.259,1.05772,1.05861
2013.03.17 21:08:46.340,1.05772,1.05861
2013.03.17 21:08:47.494,1.05772,1.05871
2013.03.17 21:08:48.054,1.05772,1.05871
2013.03.17 21:08:48.602,1.05772,1.05871
2013.03.17 21:08:48.722,1.05762,1.05859
2013.03.17 21:08:52.342,1.05762,1.05859
2013.03.17 21:08:56.847,1.05762,1.05859
2013.03.17 21:09:05.118,1.05762,1.05859
2013.03.17 21:09:05.428,1.05765,1.05859
2013.03.17 21:09:06.311,1.05777,1.05859
2013.03.17 21:09:15.329,1.05763,1.0586
2013.03.17 21:09:15.588,1.0575,1.05841
2013.03.17 21:09:15.684,1.0575,1.05841
2013.03.17 21:09:15.995,1.05759,1.05856
2013.03.17 21:09:16.371,1.05767,1.05866
2013.03.17 21:09:17.149,1.05765,1.05849
2013.03.17 21:09:17.547,1.05756,1.05849
2013.03.17 21:09:18.100,1.05757,1.05849
2013.03.17 21:09:19.857,1.05752,1.05841
2013.03.17 21:09:24.078,1.05761,1.0585
2013.03.17 21:09:27.069,1.05761,1.0585
2013.03.17 21:09:27.887,1.05761,1.0585
2013.03.17 21:09:28.330,1.05773,1.05872
2013.03.17 21:09:28.599,1.05771,1.05872
2013.03.17 21:09:29.432,1.05773,1.05872
2013.03.17 21:09:33.612,1.05772,1.05872
2013.03.17 21:09:35.040,1.05771,1.05819
2013.03.17 21:09:35.159,1.05759,1.05856
2013.03.17 21:09:35.380,1.05759,1.05842
2013.03.17 21:09:35.869,1.05759,1.05842
2013.03.17 21:09:44.386,1.05759,1.0585
2013.03.17 21:09:44.889,1.05766,1.0585
2013.03.17 21:09:45.399,1.05772,1.05871
2013.03.17 21:09:45.519,1.0577,1.05869
2013.03.17 21:09:47.741,1.0577,1.05869
2013.03.17 21:10:47.790,1.05774,1.05875
2013.03.17 21:10:51.816,1.05774,1.05874
2013.03.17 21:10:55.346,1.05775,1.05874
2013.03.17 21:11:03.920,1.05775,1.05874
2013.03.17 21:11:35.609,1.05769,1.05868
2013.03.17 21:11:35.988,1.05779,1.05868
2013.03.17 21:11:50.969,1.05779,1.05869
2013.03.17 21:11:51.119,1.05779,1.05869
2013.03.17 21:12:02.946,1.05778,1.05863
2013.03.17 21:12:05.261,1.05778,1.05863
2013.03.17 21:12:06.160,1.05778,1.05863
2013.03.17 21:12:09.559,1.05764,1.05863
2013.03.17 21:12:09.880,1.05765,1.05863
2013.03.17 21:12:15.375,1.05778,1.05866
2013.03.17 21:12:17.135,1.05767,1.05866
2013.03.17 21:12:17.602,1.05777,1.05866
2013.03.17 21:12:20.349,1.05777,1.05866
2013.03.17 21:12:20.874,1.05777,1.05866
2013.03.17 21:12:21.095,1.05777,1.05866
2013.03.17 21:12:23.075,1.05771,1.05866
2013.03.17 21:12:23.409,1.05771,1.05866
2013.03.17 21:12:24.841,1.05777,1.05866
2013.03.17 21:12:25.439,1.05781,1.05878
2013.03.17 21:12:30.579,1.05788,1.05878
2013.03.17 21:12:32.315,1.05788,1.05878
2013.03.17 21:12:32.711,1.05788,1.05878
2013.03.17 21:12:36.399,1.05788,1.05878
2013.03.17 21:12:36.608,1.05787,1.05878
2013.03.17 21:12:37.353,1.05781,1.05878
2013.03.17 21:12:45.113,1.05767,1.05857
2013.03.17 21:12:45.625,1.05758,1.05851
2013.03.17 21:12:48.619,1.05757,1.05851
2013.03.17 21:12:48.870,1.05755,1.05851
2013.03.17 21:12:49.364,1.05743,1.05842
2013.03.17 21:12:49.600,1.05758,1.05851
2013.03.17 21:12:50.830,1.05746,1.05843
2013.03.17 21:12:53.357,1.05758,1.05851
2013.03.17 21:12:54.314,1.05746,1.05844
2013.03.17 21:12:55.228,1.05736,1.05833
2013.03.17 21:12:56.159,1.05733,1.05833
2013.03.17 21:12:56.220,1.05722,1.05827
2013.03.17 21:12:57.170,1.05736,1.05833
2013.03.17 21:13:03.054,1.05736,1.05832
2013.03.17 21:13:21.963,1.05739,1.05831
2013.03.17 21:13:27.293,1.05739,1.05836
2013.03.17 21:13:27.669,1.05739,1.05836
2013.03.17 21:13:37.650,1.05749,1.05837
2013.03.17 21:13:51.054,1.05749,1.05831
2013.03.17 21:14:03.372,1.05749,1.05831
2013.03.17 21:14:06.349,1.05749,1.05831
2013.03.17 21:14:12.284,1.05749,1.05836
2013.03.17 21:14:12.399,1.05749,1.05841
2013.03.17 21:14:12.613,1.05746,1.05843
2013.03.17 21:14:26.339,1.05748,1.05831
2013.03.17 21:14:29.860,1.05749,1.05836
2013.03.17 21:14:33.379,1.05749,1.05836
2013.03.17 21:14:33.829,1.05748,1.05832
2013.03.17 21:14:36.461,1.05749,1.05839
2013.03.17 21:14:37.891,1.05756,1.05839
2013.03.17 21:14:40.889,1.05756,1.05839
2013.03.17 21:14:44.126,1.05756,1.05839
2013.03.17 21:14:45.909,1.05756,1.05839
2013.03.17 21:14:46.322,1.05756,1.05839
2013.03.17 21:14:47.889,1.05746,1.05831
2013.03.17 21:14:48.190,1.05734,1.05831
2013.03.17 21:14:48.309,1.05747,1.05831
2013.03.17 21:14:49.623,1.05756,1.05831
2013.03.17 21:14:50.065,1.05746,1.05831
2013.03.17 21:14:51.822,1.05755,1.05839
2013.03.17 21:14:52.042,1.05745,1.05827
2013.03.17 21:14:55.122,1.05755,1.05838
2013.03.17 21:14:55.842,1.05755,1.05838
2013.03.17 21:14:58.099,1.05755,1.05838
2013.03.17 21:14:58.550,1.05746,1.05836
2013.03.17 21:15:11.890,1.05745,1.0583
2013.03.17 21:15:14.372,1.05745,1.0583
2013.03.17 21:15:18.112,1.05745,1.0583
2013.03.17 21:15:20.900,1.05745,1.05831
2013.03.17 21:15:40.149,1.05755,1.05838
2013.03.17 21:15:40.332,1.05765,1.05808
2013.03.17 21:15:46.440,1.05757,1.05841
2013.03.17 21:15:46.620,1.05764,1.05845
2013.03.17 21:16:03.861,1.05749,1.05841
2013.03.17 21:16:06.066,1.05749,1.05841
2013.03.17 21:16:06.340,1.05751,1.0585
2013.03.17 21:16:14.340,1.05747,1.05843
2013.03.17 21:16:14.672,1.05752,1.05843
2013.03.17 21:16:21.840,1.05749,1.05842
2013.03.17 21:16:47.560,1.05761,1.05861
2013.03.17 21:16:50.340,1.05761,1.05861
2013.03.17 21:16:50.944,1.05767,1.05865
2013.03.17 21:16:51.449,1.05759,1.05858
2013.03.17 21:16:52.081,1.05759,1.05858
2013.03.17 21:17:01.310,1.05759,1.05858
2013.03.17 21:17:07.040,1.05759,1.05858
2013.03.17 21:17:31.579,1.05766,1.05814
2013.03.17 21:17:40.389,1.05741,1.0584
2013.03.17 21:17:40.630,1.05739,1.05838
2013.03.17 21:17:44.320,1.05739,1.05838
2013.03.17 21:17:44.640,1.05742,1.05832
2013.03.17 21:17:45.169,1.05744,1.05841
2013.03.17 21:17:58.350,1.05744,1.05841
2013.03.17 21:18:00.380,1.05744,1.05841
2013.03.17 21:18:03.360,1.0575,1.05849
2013.03.17 21:18:03.600,1.0575,1.05849
2013.03.17 21:18:05.113,1.05758,1.05855
2013.03.17 21:18:05.880,1.05765,1.05864
2013.03.17 21:18:06.330,1.05765,1.05864
2013.03.17 21:18:06.580,1.05757,1.05856
2013.03.17 21:18:30.876,1.05766,1.05865
2013.03.17 21:18:31.288,1.0576,1.05857
2013.03.17 21:18:41.298,1.0577,1.05867
2013.03.17 21:18:44.860,1.05777,1.05877
2013.03.17 21:18:47.131,1.05777,1.05877
2013.03.17 21:18:47.250,1.05783,1.05883
2013.03.17 21:18:47.812,1.05783,1.05883
2013.03.17 21:18:48.338,1.05783,1.05883
2013.03.17 21:18:48.460,1.05772,1.05871
2013.03.17 21:18:48.520,1.05776,1.05871
2013.03.17 21:18:49.142,1.05784,1.05886
2013.03.17 21:18:49.920,1.05786,1.05886
2013.03.17 21:18:49.979,1.05789,1.05898
2013.03.17 21:18:50.279,1.05777,1.05885
2013.03.17 21:18:50.377,1.05774,1.05883
2013.03.17 21:18:51.312,1.05772,1.05883
2013.03.17 21:18:51.620,1.05775,1.05911
2013.03.17 21:18:51.860,1.0578,1.05898
2013.03.17 21:18:52.059,1.05777,1.05915
2013.03.17 21:18:52.660,1.05777,1.05883
2013.03.17 21:18:53.068,1.05777,1.05883
2013.03.17 21:18:53.130,1.05787,1.05899
2013.03.17 21:18:53.250,1.05783,1.05907
2013.03.17 21:18:53.310,1.05783,1.05907
2013.03.17 21:18:53.370,1.0578,1.05918
2013.03.17 21:18:53.630,1.0578,1.05858
2013.03.17 21:18:53.690,1.05774,1.05893
2013.03.17 21:18:54.059,1.05769,1.05874
2013.03.17 21:18:54.190,1.05768,1.0589
2013.03.17 21:18:54.609,1.0577,1.05906
2013.03.17 21:18:55.442,1.05791,1.05888
2013.03.17 21:18:55.820,1.05789,1.05888
2013.03.17 21:18:55.999,1.05773,1.0587
2013.03.17 21:19:01.322,1.05764,1.05872
2013.03.17 21:19:07.379,1.05773,1.05872
2013.03.17 21:19:10.139,1.05762,1.05861
2013.03.17 21:19:10.803,1.05786,1.05879
2013.03.17 21:19:10.920,1.05789,1.05889
2013.03.17 21:19:11.249,1.05782,1.0589
2013.03.17 21:19:12.538,1.05782,1.0589
2013.03.17 21:19:16.058,1.05778,1.05878
2013.03.17 21:19:16.120,1.05786,1.05884
2013.03.17 21:19:16.190,1.05787,1.0589
2013.03.17 21:19:16.249,1.05787,1.05893
2013.03.17 21:19:16.790,1.05783,1.0591
2013.03.17 21:19:18.811,1.05783,1.0591
2013.03.17 21:19:20.568,1.05783,1.0591
2013.03.17 21:19:20.809,1.05799,1.059
2013.03.17 21:19:21.120,1.05784,1.05892
2013.03.17 21:19:23.098,1.05782,1.059
2013.03.17 21:19:24.320,1.05782,1.05834
2013.03.17 21:19:24.721,1.05782,1.05819
2013.03.17 21:19:24.858,1.05719,1.05818
2013.03.17 21:19:26.288,1.05766,1.05819
2013.03.17 21:19:26.870,1.05719,1.05818
2013.03.17 21:19:28.048,1.05719,1.05818
2013.03.17 21:19:28.271,1.05728,1.05828
2013.03.17 21:19:28.390,1.05747,1.059
2013.03.17 21:19:30.361,1.05741,1.05813
2013.03.17 21:19:32.130,1.05716,1.05816
2013.03.17 21:19:32.190,1.05727,1.05825
2013.03.17 21:19:32.310,1.05738,1.05846
2013.03.17 21:19:32.429,1.0574,1.05894
2013.03.17 21:19:32.558,1.0574,1.05894
2013.03.17 21:19:32.860,1.05757,1.05902
2013.03.17 21:19:34.102,1.05759,1.05819
2013.03.17 21:19:35.100,1.05714,1.05822
2013.03.17 21:19:35.220,1.0572,1.05835
2013.03.17 21:19:35.560,1.05741,1.05895
2013.03.17 21:19:35.641,1.05741,1.05895
2013.03.17 21:19:36.443,1.05771,1.05901
2013.03.17 21:19:36.848,1.05771,1.05901
2013.03.17 21:19:36.970,1.05755,1.05891
2013.03.17 21:19:39.051,1.05755,1.05839
2013.03.17 21:19:41.409,1.05751,1.05863
2013.03.17 21:19:49.430,1.05739,1.05875
2013.03.17 21:19:52.081,1.05739,1.05875
2013.03.17 21:19:58.860,1.05729,1.05864
2013.03.17 21:20:05.731,1.05739,1.05862
2013.03.17 21:20:07.881,1.05743,1.05866
2013.03.17 21:20:10.620,1.05743,1.05866
2013.03.17 21:20:10.980,1.05732,1.05862
2013.03.17 21:20:16.130,1.05732,1.05862
2013.03.17 21:20:17.550,1.05732,1.05852
2013.03.17 21:20:56.816,1.05728,1.05853
2013.03.17 21:21:01.106,1.05738,1.05862
2013.03.17 21:21:03.669,1.05757,1.05866
2013.03.17 21:21:06.386,1.05764,1.05879
2013.03.17 21:21:06.742,1.05756,1.05873
2013.03.17 21:21:08.369,1.05756,1.05873
2013.03.17 21:21:08.609,1.05772,1.05889
2013.03.17 21:21:11.560,1.05772,1.05889
2013.03.17 21:21:12.119,1.05761,1.05879
2013.03.17 21:21:12.479,1.05771,1.05887
2013.03.17 21:21:15.110,1.0577,1.05879
2013.03.17 21:21:15.295,1.0577,1.05891
2013.03.17 21:21:23.329,1.0577,1.05887
2013.03.17 21:21:25.659,1.05769,1.05886
2013.03.17 21:21:25.901,1.05778,1.05893
2013.03.17 21:21:30.389,1.05768,1.05883
2013.03.17 21:21:32.571,1.05768,1.05883
2013.03.17 21:21:36.120,1.05764,1.05872
2013.03.17 21:21:37.890,1.05754,1.05857
2013.03.17 21:21:41.400,1.05755,1.05857
2013.03.17 21:21:41.810,1.05755,1.05856
2013.03.17 21:21:43.580,1.05755,1.05856
2013.03.17 21:21:51.830,1.05758,1.05866
2013.03.17 21:21:54.610,1.05759,1.05858
2013.03.17 21:21:54.785,1.05759,1.05858
2013.03.17 21:22:17.115,1.05759,1.05858
2013.03.17 21:22:26.795,1.05759,1.05858
2013.03.17 21:22:52.321,1.0576,1.05859
2013.03.17 21:22:58.420,1.05763,1.0586
2013.03.17 21:23:07.900,1.05763,1.0586
2013.03.17 21:23:10.481,1.05757,1.05854
2013.03.17 21:23:10.630,1.05755,1.05853
2013.03.17 21:23:10.690,1.05755,1.05852
2013.03.17 21:23:11.271,1.05746,1.05846
2013.03.17 21:23:12.141,1.05746,1.05846
2013.03.17 21:23:13.572,1.05746,1.05846
2013.03.17 21:23:16.043,1.05748,1.05857
2013.03.17 21:23:21.430,1.05748,1.05859
2013.03.17 21:23:21.947,1.05748,1.05857
2013.03.17 21:23:24.350,1.05748,1.05857
2013.03.17 21:23:26.880,1.05748,1.05845
2013.03.17 21:23:28.854,1.0574,1.05839
2013.03.17 21:23:29.361,1.0574,1.05839
2013.03.17 21:23:29.844,1.0574,1.05839
2013.03.17 21:23:30.070,1.05747,1.05845
2013.03.17 21:23:32.594,1.05755,1.05852
2013.03.17 21:23:38.533,1.05762,1.05859
2013.03.17 21:23:42.541,1.0577,1.05869
2013.03.17 21:23:46.564,1.0577,1.05869
2013.03.17 21:23:53.604,1.05782,1.05879
2013.03.17 21:24:14.631,1.05772,1.05873
2013.03.17 21:24:14.750,1.05771,1.05865
2013.03.17 21:24:15.254,1.05768,1.05865
2013.03.17 21:24:16.450,1.05768,1.05865
2013.03.17 21:24:25.861,1.05768,1.05865
2013.03.17 21:24:35.861,1.05769,1.05869
2013.03.17 21:24:36.415,1.0577,1.05869
2013.03.17 21:25:30.141,1.05769,1.05868
2013.03.17 21:25:47.882,1.05777,1.05871
2013.03.17 21:25:49.632,1.05782,1.05883
2013.03.17 21:25:49.830,1.05777,1.05865
2013.03.17 21:25:53.135,1.05775,1.05865
2013.03.17 21:25:56.781,1.05766,1.05865
2013.03.17 21:25:57.332,1.05753,1.05852
2013.03.17 21:26:02.880,1.0577,1.05866
2013.03.17 21:26:09.350,1.05761,1.05855
2013.03.17 21:26:09.600,1.05772,1.05866
2013.03.17 21:26:13.622,1.05765,1.05862
2013.03.17 21:26:29.607,1.05765,1.0585
2013.03.17 21:26:29.850,1.05773,1.05852
2013.03.17 21:26:30.041,1.05764,1.05852
2013.03.17 21:26:30.681,1.05766,1.05852
2013.03.17 21:26:35.321,1.05766,1.05852
2013.03.17 21:26:37.851,1.05766,1.05852
2013.03.17 21:26:43.160,1.05773,1.0586
2013.03.17 21:26:43.571,1.05773,1.0586
2013.03.17 21:26:43.840,1.05772,1.0586
2013.03.17 21:26:43.961,1.05764,1.0586
2013.03.17 21:26:44.344,1.05764,1.0586
2013.03.17 21:26:44.781,1.05764,1.0586
2013.03.17 21:26:45.331,1.05764,1.0586
2013.03.17 21:26:45.551,1.05764,1.05863
2013.03.17 21:26:45.670,1.05764,1.05864
2013.03.17 21:26:45.731,1.0577,1.0587
2013.03.17 21:26:46.101,1.05785,1.05828
2013.03.17 21:26:46.161,1.05772,1.05867
2013.03.17 21:26:46.280,1.05762,1.05861
2013.03.17 21:26:47.881,1.05767,1.05861
2013.03.17 21:26:47.940,1.05771,1.05871
2013.03.17 21:26:48.389,1.05781,1.0588
2013.03.17 21:26:48.901,1.05789,1.0588
2013.03.17 21:26:50.329,1.05789,1.05889
2013.03.17 21:26:50.581,1.05773,1.0588
2013.03.17 21:26:50.641,1.05768,1.05869
2013.03.17 21:26:50.701,1.05768,1.05863
2013.03.17 21:26:56.801,1.05768,1.05863
2013.03.17 21:26:56.980,1.05777,1.05877
2013.03.17 21:27:14.630,1.05777,1.05877
2013.03.17 21:27:17.111,1.05774,1.05872
2013.03.17 21:27:17.811,1.05774,1.05818
2013.03.17 21:27:17.932,1.05758,1.05857
2013.03.17 21:27:18.363,1.05758,1.05845
2013.03.17 21:27:18.922,1.05774,1.05874
2013.03.17 21:27:19.240,1.05767,1.05868
2013.03.17 21:27:22.540,1.05769,1.05868
2013.03.17 21:27:32.111,1.05776,1.05876
2013.03.17 21:27:32.471,1.05771,1.05866
2013.03.17 21:27:36.290,1.05771,1.05866
2013.03.17 21:27:36.991,1.05771,1.05854
2013.03.17 21:27:40.800,1.05764,1.05854
2013.03.17 21:27:53.170,1.05764,1.05854
2013.03.17 21:27:55.429,1.05764,1.05854
2013.03.17 21:28:03.130,1.05768,1.05854
2013.03.17 21:28:03.370,1.05768,1.05864
2013.03.17 21:28:03.610,1.05776,1.05864
2013.03.17 21:28:07.640,1.05777,1.05864
2013.03.17 21:28:08.630,1.0577,1.05864
2013.03.17 21:28:09.069,1.05784,1.05883
2013.03.17 21:28:09.190,1.05782,1.05871
2013.03.17 21:28:09.251,1.05789,1.05871
2013.03.17 21:28:09.310,1.05791,1.05883
2013.03.17 21:28:11.050,1.05791,1.0589
2013.03.17 21:28:11.111,1.05797,1.05892
2013.03.17 21:28:12.590,1.05799,1.05897
2013.03.17 21:28:15.123,1.05799,1.05897
2013.03.17 21:28:15.431,1.05808,1.05897
2013.03.17 21:28:15.491,1.05807,1.05897
2013.03.17 21:28:17.352,1.05808,1.05897
2013.03.17 21:28:17.870,1.05807,1.05907
2013.03.17 21:28:17.991,1.058,1.05897
2013.03.17 21:28:21.301,1.05798,1.05897
2013.03.17 21:28:22.420,1.058,1.05897
2013.03.17 21:28:31.621,1.058,1.05897
2013.03.17 21:28:36.622,1.0581,1.0591
2013.03.17 21:28:36.861,1.05802,1.05901
2013.03.17 21:28:37.830,1.05802,1.05901
2013.03.17 21:28:38.436,1.05794,1.05891
2013.03.17 21:28:39.869,1.05794,1.05891
2013.03.17 21:28:43.841,1.05801,1.05899
2013.03.17 21:28:44.463,1.0579,1.05887
2013.03.17 21:28:45.376,1.0579,1.05887
2013.03.17 21:28:47.570,1.0579,1.05887
2013.03.17 21:28:48.559,1.0578,1.05877
2013.03.17 21:28:48.801,1.05789,1.05888
2013.03.17 21:28:59.338,1.05789,1.05888
2013.03.17 21:28:59.456,1.05789,1.05888
2013.03.17 21:29:01.380,1.05789,1.05888
2013.03.17 21:29:01.560,1.05789,1.05888
2013.03.17 21:29:04.111,1.05782,1.05881
2013.03.17 21:29:04.291,1.05794,1.05893
2013.03.17 21:29:04.605,1.05802,1.05894
2013.03.17 21:29:04.661,1.05802,1.05894
2013.03.17 21:29:07.401,1.05791,1.05888
2013.03.17 21:29:07.589,1.05801,1.05898
2013.03.17 21:29:08.579,1.05794,1.05891
2013.03.17 21:29:20.401,1.05794,1.05891
2013.03.17 21:29:23.758,1.05785,1.05884
2013.03.17 21:29:25.848,1.05785,1.05884
2013.03.17 21:29:28.818,1.05785,1.05884
2013.03.17 21:29:34.868,1.05794,1.05891
2013.03.17 21:29:38.611,1.05801,1.05898
2013.03.17 21:29:42.921,1.05801,1.05898
2013.03.17 21:30:00.684,1.0581,1.05907
2013.03.17 21:30:03.318,1.0581,1.05907
2013.03.17 21:30:13.371,1.0581,1.05907
2013.03.17 21:30:13.742,1.0581,1.05907
2013.03.17 21:30:16.627,1.0581,1.05907
2013.03.17 21:30:16.962,1.0581,1.05907
2013.03.17 21:30:18.394,1.0581,1.05907
2013.03.17 21:30:21.362,1.05815,1.05912
2013.03.17 21:30:26.527,1.05815,1.05912
2013.03.17 21:30:27.414,1.05815,1.05912
2013.03.17 21:30:29.614,1.05815,1.05912
2013.03.17 21:30:31.588,1.05815,1.05912
2013.03.17 21:30:34.571,1.05815,1.05912
2013.03.17 21:30:34.963,1.05815,1.05912
2013.03.17 21:30:35.774,1.05815,1.05912
2013.03.17 21:30:37.152,1.05815,1.05912
2013.03.17 21:30:38.641,1.05815,1.05912
2013.03.17 21:30:51.078,1.05811,1.05911
2013.03.17 21:30:51.201,1.05805,1.05904
2013.03.17 21:30:57.601,1.05805,1.05903
2013.03.17 21:30:57.731,1.05802,1.05893
2013.03.17 21:30:58.072,1.05794,1.05893
2013.03.17 21:30:59.561,1.05794,1.05893
2013.03.17 21:31:00.018,1.05801,1.059
2013.03.17 21:31:31.337,1.05794,1.05893
2013.03.17 21:31:33.141,1.05791,1.05883
2013.03.17 21:31:33.321,1.05793,1.0589
2013.03.17 21:31:34.691,1.05792,1.05889
2013.03.17 21:31:41.566,1.05792,1.05889
2013.03.17 21:31:52.130,1.05791,1.0589
2013.03.17 21:31:57.848,1.05791,1.0589
2013.03.17 21:32:13.356,1.05795,1.05892
2013.03.17 21:32:18.121,1.05788,1.05885
2013.03.17 21:32:19.081,1.05788,1.05885
2013.03.17 21:32:23.422,1.05787,1.05886
2013.03.17 21:32:34.350,1.05785,1.05886
2013.03.17 21:32:34.531,1.05781,1.05875
2013.03.17 21:32:34.791,1.05779,1.05873
2013.03.17 21:32:40.291,1.05779,1.05873
2013.03.17 21:32:40.451,1.05774,1.05871
2013.03.17 21:32:40.871,1.05774,1.05871
2013.03.17 21:32:41.871,1.05774,1.05871
2013.03.17 21:33:05.035,1.05779,1.05879
2013.03.17 21:33:05.332,1.05779,1.0588
2013.03.17 21:33:06.355,1.05787,1.05887
2013.03.17 21:33:06.481,1.05782,1.05879
2013.03.17 21:33:08.602,1.05782,1.05875
2013.03.17 21:33:11.085,1.05781,1.05875
2013.03.17 21:33:12.133,1.05782,1.05875
2013.03.17 21:33:12.491,1.05769,1.05866
2013.03.17 21:33:13.331,1.05769,1.05866
2013.03.17 21:33:14.831,1.05787,1.05884
2013.03.17 21:33:14.951,1.05784,1.05884
2013.03.17 21:33:15.011,1.05778,1.05878
2013.03.17 21:33:15.832,1.05778,1.05873
2013.03.17 21:33:16.011,1.05767,1.05864
2013.03.17 21:33:16.071,1.05764,1.05857
2013.03.17 21:33:18.785,1.0576,1.05857
2013.03.17 21:33:19.335,1.05769,1.05869
2013.03.17 21:33:19.571,1.05764,1.05861
2013.03.17 21:33:21.911,1.05756,1.05855
2013.03.17 21:33:25.055,1.05765,1.05864
2013.03.17 21:33:27.588,1.05765,1.05864
2013.03.17 21:33:31.875,1.05756,1.05855
2013.03.17 21:33:41.891,1.05758,1.05855
2013.03.17 21:33:45.294,1.05756,1.05855
2013.03.17 21:33:49.804,1.05761,1.0586
2013.03.17 21:33:50.574,1.05753,1.0585
2013.03.17 21:33:54.931,1.05761,1.05858
2013.03.17 21:33:59.943,1.05761,1.05858
2013.03.17 21:34:00.931,1.05761,1.05858
2013.03.17 21:34:06.361,1.05761,1.05858
2013.03.17 21:34:15.806,1.05756,1.05855
2013.03.17 21:34:28.564,1.05756,1.05855
2013.03.17 21:34:29.901,1.05756,1.05855
2013.03.17 21:34:30.662,1.05756,1.05855
2013.03.17 21:34:31.094,1.05756,1.05855
2013.03.17 21:34:34.631,1.0575,1.05847
2013.03.17 21:34:35.256,1.0575,1.05847
2013.03.17 21:34:36.816,1.0575,1.05847
2013.03.17 21:34:39.151,1.0575,1.05847
2013.03.17 21:34:46.604,1.0575,1.05847
2013.03.17 21:34:49.403,1.0575,1.05847
2013.03.17 21:34:49.803,1.0575,1.05847
2013.03.17 21:34:50.344,1.0574,1.05837
2013.03.17 21:34:50.841,1.05791,1.05839
2013.03.17 21:34:50.971,1.05756,1.05853
2013.03.17 21:34:51.151,1.05756,1.05853
2013.03.17 21:34:51.333,1.05756,1.05853
2013.03.17 21:34:59.422,1.05748,1.05845
2013.03.17 21:35:05.871,1.05748,1.05839
2013.03.17 21:35:06.190,1.05741,1.05837
2013.03.17 21:35:07.655,1.05746,1.05843
2013.03.17 21:35:08.111,1.05756,1.05853
2013.03.17 21:35:09.657,1.05756,1.0583
2013.03.17 21:35:09.961,1.05738,1.05837
2013.03.17 21:35:10.583,1.05745,1.05844
2013.03.17 21:35:10.821,1.05756,1.05853
2013.03.17 21:35:11.133,1.05756,1.05853
2013.03.17 21:35:14.151,1.05762,1.05859
2013.03.17 21:35:14.605,1.05762,1.05859
2013.03.17 21:35:36.151,1.05762,1.05859
2013.03.17 21:35:37.863,1.05762,1.05859
2013.03.17 21:35:55.371,1.05761,1.05858
2013.03.17 21:35:55.611,1.05753,1.05851
2013.03.17 21:35:56.123,1.05735,1.05834
2013.03.17 21:36:02.832,1.05735,1.05834
2013.03.17 21:36:18.342,1.05745,1.05844
2013.03.17 21:37:18.465,1.05737,1.05838
2013.03.17 21:37:20.044,1.05737,1.05841
2013.03.17 21:37:20.102,1.05742,1.05843
2013.03.17 21:37:40.199,1.05742,1.05844
2013.03.17 21:37:41.050,1.05744,1.05845
2013.03.17 21:37:53.702,1.05745,1.05844
2013.03.17 21:38:00.120,1.05738,1.05837
2013.03.17 21:38:02.840,1.05747,1.05846
2013.03.17 21:38:03.506,1.05755,1.05854
2013.03.17 21:38:13.619,1.05755,1.05854
2013.03.17 21:38:13.861,1.05755,1.05854
2013.03.17 21:38:24.110,1.05764,1.05861
2013.03.17 21:39:16.111,1.0577,1.05869
2013.03.17 21:39:17.619,1.0577,1.05869
2013.03.17 21:39:20.828,1.05778,1.05877
2013.03.17 21:39:33.164,1.05778,1.05877
2013.03.17 21:39:34.161,1.05778,1.05877
2013.03.17 21:39:38.318,1.05774,1.05873
2013.03.17 21:39:38.562,1.05774,1.05873
2013.03.17 21:39:40.078,1.05768,1.05865
2013.03.17 21:39:40.628,1.05768,1.05865
2013.03.17 21:39:42.828,1.05768,1.05865
2013.03.17 21:39:51.882,1.05768,1.05865
2013.03.17 21:39:54.818,1.05768,1.05865
2013.03.17 21:39:55.421,1.05778,1.05871
2013.03.17 21:40:08.041,1.05781,1.05878
2013.03.17 21:40:27.287,1.05781,1.05881
2013.03.17 21:40:27.521,1.05788,1.05887
2013.03.17 21:40:27.581,1.05788,1.05888
2013.03.17 21:40:35.557,1.05799,1.05888
2013.03.17 21:40:35.801,1.05801,1.059
2013.03.17 21:40:35.861,1.05806,1.05906
2013.03.17 21:40:37.867,1.05809,1.05906
2013.03.17 21:40:37.983,1.05806,1.05906
2013.03.17 21:40:56.229,1.05806,1.05905
2013.03.17 21:41:00.651,1.05812,1.05905
2013.03.17 21:41:28.592,1.05814,1.05913
2013.03.17 21:41:30.776,1.05817,1.05913
2013.03.17 21:41:31.151,1.05822,1.05919
2013.03.17 21:41:34.931,1.05836,1.05893
2013.03.17 21:41:36.241,1.05836,1.05888
2013.03.17 21:41:37.822,1.05831,1.05888
2013.03.17 21:41:37.938,1.0583,1.05885
2013.03.17 21:41:52.127,1.05825,1.05889
2013.03.17 21:41:52.303,1.05831,1.05889
2013.03.17 21:41:52.361,1.05831,1.05894
2013.03.17 21:41:53.117,1.05831,1.05884
2013.03.17 21:41:53.512,1.05829,1.05883
2013.03.17 21:41:53.684,1.05824,1.05885
2013.03.17 21:41:54.952,1.05828,1.05883
2013.03.17 21:41:55.397,1.05823,1.05883
2013.03.17 21:41:55.462,1.05822,1.05885
2013.03.17 21:41:57.523,1.05822,1.05885
2013.03.17 21:41:59.401,1.05822,1.05885
2013.03.17 21:42:06.262,1.05813,1.05885
2013.03.17 21:42:08.199,1.05813,1.05885
2013.03.17 21:42:08.652,1.05813,1.05879
2013.03.17 21:42:08.712,1.05803,1.05868
2013.03.17 21:42:08.891,1.05803,1.05868
2013.03.17 21:42:09.067,1.05803,1.05868
2013.03.17 21:42:09.222,1.05805,1.05888
2013.03.17 21:42:09.341,1.05805,1.05888
2013.03.17 21:42:14.374,1.05816,1.05886
2013.03.17 21:42:14.687,1.05814,1.05877
2013.03.17 21:42:16.546,1.05814,1.05868
2013.03.17 21:42:16.752,1.05803,1.05868
2013.03.17 21:42:17.102,1.05803,1.05868
2013.03.17 21:42:17.431,1.05803,1.05868
2013.03.17 21:42:17.492,1.05815,1.05879
2013.03.17 21:42:19.627,1.05815,1.05868
2013.03.17 21:42:19.802,1.05804,1.05868
2013.03.17 21:42:20.617,1.05804,1.05864
2013.03.17 21:42:20.673,1.05806,1.05867
2013.03.17 21:42:23.703,1.0581,1.05864
2013.03.17 21:42:24.236,1.05806,1.05868
2013.03.17 21:42:30.312,1.05806,1.05874
2013.03.17 21:42:30.432,1.05805,1.05881
2013.03.17 21:42:52.295,1.05818,1.05883
2013.03.17 21:42:54.606,1.05814,1.05887
2013.03.17 21:42:54.842,1.05822,1.0588
2013.03.17 21:43:02.085,1.05812,1.05889
2013.03.17 21:43:02.305,1.05819,1.05879
2013.03.17 21:43:07.585,1.05822,1.05898
2013.03.17 21:43:17.402,1.05832,1.05896
2013.03.17 21:43:17.792,1.05828,1.0591
2013.03.17 21:43:20.622,1.05827,1.05906
2013.03.17 21:43:20.922,1.05837,1.05889
2013.03.17 21:43:21.162,1.05841,1.05927
2013.03.17 21:43:21.282,1.05844,1.05944
2013.03.17 21:43:25.877,1.05844,1.05945
2013.03.17 21:43:27.615,1.05844,1.05894
2013.03.17 21:43:35.983,1.05841,1.05912
2013.03.17 21:43:40.602,1.05845,1.05912
2013.03.17 21:43:40.818,1.05845,1.05912
2013.03.17 21:43:41.062,1.05843,1.05937
2013.03.17 21:43:42.162,1.05831,1.05941
2013.03.17 21:43:42.794,1.05841,1.05898
2013.03.17 21:43:43.591,1.05835,1.05913
2013.03.17 21:43:44.115,1.05845,1.05911
2013.03.17 21:43:44.352,1.05834,1.05912
2013.03.17 21:43:46.603,1.05828,1.05914
2013.03.17 21:43:47.085,1.05828,1.05912
2013.03.17 21:43:49.835,1.05828,1.05888
2013.03.17 21:43:50.402,1.05813,1.05927
2013.03.17 21:43:50.825,1.05813,1.05927
2013.03.17 21:43:52.612,1.05813,1.05923
2013.03.17 21:44:03.612,1.05806,1.05921
2013.03.17 21:44:03.672,1.05804,1.05921
2013.03.17 21:44:03.792,1.05796,1.05914
2013.03.17 21:44:04.134,1.05796,1.05914
2013.03.17 21:44:06.334,1.0579,1.05904
2013.03.17 21:44:06.922,1.05786,1.05884
2013.03.17 21:44:06.982,1.05781,1.05884
2013.03.17 21:44:07.042,1.05781,1.05879
2013.03.17 21:44:14.593,1.05773,1.05879
2013.03.17 21:44:14.832,1.05766,1.0587
2013.03.17 21:44:14.892,1.05761,1.0587
2013.03.17 21:44:15.154,1.05753,1.0587
2013.03.17 21:44:16.162,1.05745,1.05881
2013.03.17 21:44:16.784,1.05745,1.05881
2013.03.17 21:44:17.352,1.05737,1.05873
2013.03.17 21:44:18.105,1.05752,1.05829
2013.03.17 21:44:18.672,1.05745,1.05863
2013.03.17 21:44:19.095,1.05745,1.05863
2013.03.17 21:44:22.102,1.05751,1.05863
2013.03.17 21:44:25.034,1.05785,1.05844
2013.03.17 21:44:25.342,1.05755,1.05878
2013.03.17 21:44:25.402,1.05755,1.05878
2013.03.17 21:44:27.372,1.05759,1.05885
2013.03.17 21:44:30.314,1.05752,1.05833
2013.03.17 21:44:30.534,1.05754,1.05867
2013.03.17 21:44:33.614,1.05752,1.05867
2013.03.17 21:44:34.402,1.05757,1.05839
2013.03.17 21:44:34.862,1.05776,1.05848
2013.03.17 21:44:35.022,1.05755,1.0587
2013.03.17 21:44:37.832,1.05758,1.05878
2013.03.17 21:45:06.132,1.05759,1.05871
2013.03.17 21:45:09.833,1.05759,1.05871
2013.03.17 21:45:23.371,1.05748,1.05871
2013.03.17 21:45:23.811,1.05748,1.05871
2013.03.17 21:45:24.222,1.05748,1.05871
2013.03.17 21:45:26.122,1.05748,1.05871
2013.03.17 21:45:46.162,1.05751,1.05871
2013.03.17 21:46:25.632,1.05752,1.0588
2013.03.17 21:46:25.753,1.05754,1.0589
2013.03.17 21:46:26.062,1.05762,1.05888
2013.03.17 21:46:27.643,1.0576,1.05895
2013.03.17 21:46:29.258,1.05772,1.05886
2013.03.17 21:46:29.593,1.0577,1.05886
2013.03.17 21:46:29.723,1.05762,1.05886
2013.03.17 21:46:30.052,1.05784,1.05886
2013.03.17 21:46:31.787,1.05784,1.05889
2013.03.17 21:46:32.489,1.05761,1.05889
2013.03.17 21:46:32.612,1.05749,1.05886
2013.03.17 21:46:35.088,1.05749,1.05884
2013.03.17 21:46:36.003,1.05791,1.05923
2013.03.17 21:46:37.872,1.05791,1.05923
2013.03.17 21:46:37.992,1.05785,1.05921
2013.03.17 21:46:50.102,1.05778,1.05914
2013.03.17 21:46:52.102,1.05778,1.05914
2013.03.17 21:46:52.222,1.0577,1.05907
2013.03.17 21:46:52.282,1.0577,1.05907
2013.03.17 21:46:52.706,1.05781,1.05918
2013.03.17 21:46:54.862,1.05767,1.05854
2013.03.17 21:46:54.982,1.05758,1.05896
2013.03.17 21:46:55.042,1.0576,1.05896
2013.03.17 21:46:56.792,1.0576,1.05896
2013.03.17 21:46:59.802,1.0576,1.05896
2013.03.17 21:47:02.083,1.0576,1.05896
2013.03.17 21:47:02.422,1.05767,1.05853
2013.03.17 21:47:03.062,1.05769,1.05854
2013.03.17 21:47:03.591,1.05769,1.05854
2013.03.17 21:47:17.073,1.05762,1.05883
2013.03.17 21:47:22.623,1.05762,1.05883
2013.03.17 21:47:32.634,1.05768,1.05883
2013.03.17 21:47:35.821,1.05768,1.05884
2013.03.17 21:47:47.392,1.05767,1.05879
2013.03.17 21:47:47.632,1.05764,1.05879
2013.03.17 21:47:48.943,1.05764,1.05879
2013.03.17 21:47:54.312,1.05764,1.05884
2013.03.17 21:47:57.753,1.05764,1.05884
2013.03.17 21:47:57.825,1.05817,1.05884
2013.03.17 21:48:07.102,1.0579,1.05854
2013.03.17 21:48:20.590,1.0579,1.05904
2013.03.17 21:48:27.300,1.05791,1.05908
2013.03.17 21:48:28.516,1.05799,1.05873
2013.03.17 21:48:32.580,1.05791,1.05873
2013.03.17 21:48:32.722,1.05788,1.05914
2013.03.17 21:48:32.842,1.05785,1.05914
2013.03.17 21:48:39.297,1.05785,1.05863
2013.03.17 21:48:39.736,1.05776,1.05903
2013.03.17 21:48:43.029,1.05776,1.05903
2013.03.17 21:49:37.295,1.0579,1.05904
2013.03.17 21:49:40.352,1.0579,1.05904
2013.03.17 21:49:40.692,1.0579,1.05904
2013.03.17 21:49:41.023,1.0579,1.05904
2013.03.17 21:49:41.875,1.0579,1.05904
2013.03.17 21:49:42.243,1.0579,1.05904
2013.03.17 21:49:42.322,1.05788,1.05904
2013.03.17 21:49:42.443,1.05781,1.05899
2013.03.17 21:49:42.502,1.05768,1.05885
2013.03.17 21:49:42.562,1.05767,1.05885
2013.03.17 21:49:43.637,1.05767,1.05885
2013.03.17 21:49:43.854,1.05768,1.05885
2013.03.17 21:49:44.082,1.05786,1.05885
2013.03.17 21:49:44.143,1.05799,1.05904
2013.03.17 21:49:44.262,1.05779,1.05898
2013.03.17 21:49:44.383,1.05769,1.0589
2013.03.17 21:49:44.443,1.05769,1.05888
2013.03.17 21:49:58.889,1.05767,1.05878
2013.03.17 21:49:58.952,1.0576,1.05878
2013.03.17 21:50:00.572,1.0576,1.05877
2013.03.17 21:50:03.132,1.05791,1.05903
2013.03.17 21:50:03.412,1.05793,1.05899
2013.03.17 21:50:03.742,1.05763,1.05872
2013.03.17 21:50:03.902,1.05785,1.05877
2013.03.17 21:50:04.093,1.05783,1.05893
2013.03.17 21:50:04.333,1.05776,1.05883
2013.03.17 21:50:04.964,1.05762,1.05871
2013.03.17 21:50:07.609,1.05762,1.05871
2013.03.17 21:50:07.662,1.05778,1.05877
2013.03.17 21:50:08.182,1.05788,1.05879
2013.03.17 21:50:10.701,1.0578,1.05879
2013.03.17 21:50:10.774,1.05772,1.05871
2013.03.17 21:50:21.102,1.05772,1.05869
2013.03.17 21:50:21.707,1.05791,1.05888
2013.03.17 21:50:22.573,1.05791,1.05888
2013.03.17 21:50:27.142,1.05791,1.05888
2013.03.17 21:50:36.112,1.05791,1.05891
2013.03.17 21:50:36.172,1.05818,1.05904
2013.03.17 21:50:36.562,1.05817,1.05914
2013.03.17 21:50:37.592,1.05825,1.05925
2013.03.17 21:50:37.713,1.05815,1.05925
2013.03.17 21:50:37.832,1.058,1.05908
2013.03.17 21:50:37.952,1.058,1.05908
2013.03.17 21:50:38.533,1.058,1.0591
2013.03.17 21:50:41.662,1.05805,1.05916
2013.03.17 21:50:41.842,1.05791,1.05903
2013.03.17 21:50:44.578,1.05791,1.059
2013.03.17 21:50:45.333,1.05784,1.05893
2013.03.17 21:50:49.528,1.05785,1.05893
2013.03.17 21:50:54.083,1.05777,1.05885
2013.03.17 21:50:54.913,1.05786,1.05886
2013.03.17 21:50:55.032,1.05787,1.05896
2013.03.17 21:50:55.092,1.05787,1.05896
2013.03.17 21:50:56.002,1.05787,1.05897
2013.03.17 21:50:56.353,1.05786,1.05897
2013.03.17 21:50:56.412,1.05788,1.05892
2013.03.17 21:50:56.752,1.0579,1.05889
2013.03.17 21:50:59.538,1.0579,1.05889
2013.03.17 21:50:59.648,1.0579,1.05889
2013.03.17 21:50:59.783,1.05784,1.05888
2013.03.17 21:50:59.843,1.05784,1.05885
2013.03.17 21:51:02.068,1.05784,1.05884
2013.03.17 21:51:02.892,1.05784,1.05885
2013.03.17 21:51:04.163,1.05784,1.05884
2013.03.17 21:51:04.946,1.05798,1.05897
2013.03.17 21:51:08.152,1.05818,1.05918
2013.03.17 21:51:08.372,1.05802,1.05901
2013.03.17 21:51:09.547,1.05801,1.05901
2013.03.17 21:51:09.742,1.05791,1.0589
2013.03.17 21:51:09.862,1.05785,1.05884
2013.03.17 21:51:10.161,1.05784,1.05884
2013.03.17 21:51:12.848,1.05785,1.05884
2013.03.17 21:51:13.315,1.05808,1.05907
2013.03.17 21:51:16.148,1.0581,1.05907
2013.03.17 21:51:17.742,1.0581,1.05907
2013.03.17 21:51:17.805,1.0581,1.05907
2013.03.17 21:51:20.456,1.0581,1.05907
2013.03.17 21:51:22.857,1.0581,1.05907
2013.03.17 21:51:24.522,1.05822,1.05921
2013.03.17 21:51:25.834,1.05829,1.05925
2013.03.17 21:51:45.961,1.05829,1.05925
2013.03.17 21:51:50.462,1.05831,1.05925
2013.03.17 21:52:06.095,1.0583,1.05925
2013.03.17 21:52:06.817,1.05828,1.05925
2013.03.17 21:52:14.883,1.05828,1.05925
2013.03.17 21:52:14.942,1.05823,1.05922
2013.03.17 21:52:15.002,1.05822,1.05922
2013.03.17 21:52:35.063,1.05821,1.05916
2013.03.17 21:52:39.664,1.05819,1.05916
2013.03.17 21:52:41.292,1.05819,1.05916
2013.03.17 21:52:48.862,1.05816,1.05916
2013.03.17 21:52:48.982,1.05809,1.0591
2013.03.17 21:52:49.183,1.058,1.05903
2013.03.17 21:52:49.244,1.058,1.059
2013.03.17 21:52:52.574,1.05803,1.059
2013.03.17 21:52:56.641,1.05801,1.059
2013.03.17 21:53:00.712,1.05803,1.059
2013.03.17 21:53:03.130,1.05803,1.05903
2013.03.17 21:53:03.259,1.05833,1.0593
2013.03.17 21:53:06.344,1.05831,1.0593
2013.03.17 21:53:06.402,1.05826,1.05923
2013.03.17 21:53:06.462,1.05824,1.05923
2013.03.17 21:53:06.522,1.05812,1.05909
2013.03.17 21:53:06.582,1.05809,1.05909
2013.03.17 21:53:11.493,1.05809,1.05909
2013.03.17 21:53:15.492,1.05802,1.05903
2013.03.17 21:53:15.612,1.05802,1.05903
2013.03.17 21:53:16.057,1.05802,1.05903
2013.03.17 21:53:20.622,1.05804,1.05903
2013.03.17 21:53:20.995,1.05843,1.05943
2013.03.17 21:53:21.364,1.05843,1.05943
2013.03.17 21:53:23.040,1.05843,1.05883
2013.03.17 21:53:23.353,1.05807,1.05904
2013.03.17 21:53:23.412,1.05807,1.05904
2013.03.17 21:53:23.652,1.05807,1.05904
2013.03.17 21:53:24.852,1.05807,1.05904
2013.03.17 21:53:25.345,1.05807,1.05904
2013.03.17 21:53:27.122,1.05807,1.05904
2013.03.17 21:53:32.073,1.05825,1.05924
2013.03.17 21:53:32.193,1.05844,1.05941
2013.03.17 21:53:32.312,1.05844,1.05941
2013.03.17 21:53:32.610,1.05844,1.05941
2013.03.17 21:53:35.362,1.05844,1.05941
2013.03.17 21:53:35.603,1.05837,1.05929
2013.03.17 21:54:15.677,1.05828,1.05925
2013.03.17 21:54:25.858,1.05826,1.05925
2013.03.17 21:54:25.923,1.05816,1.05917
2013.03.17 21:54:26.043,1.05806,1.05905
2013.03.17 21:54:26.102,1.05793,1.05893
2013.03.17 21:54:27.872,1.05793,1.05892
2013.03.17 21:54:30.442,1.05806,1.05893
2013.03.17 21:54:31.047,1.05807,1.05907
2013.03.17 21:54:32.473,1.0583,1.05908
2013.03.17 21:54:32.712,1.05831,1.05924
2013.03.17 21:54:32.772,1.05816,1.05915
2013.03.17 21:54:32.833,1.05814,1.05915
2013.03.17 21:54:38.835,1.05814,1.05915
2013.03.17 21:54:42.514,1.05814,1.05915
2013.03.17 21:54:42.580,1.05814,1.05915
2013.03.17 21:54:42.740,1.05807,1.05907
2013.03.17 21:54:42.802,1.05807,1.05907
2013.03.17 21:54:46.262,1.05807,1.05908
2013.03.17 21:54:51.577,1.05813,1.05913
2013.03.17 21:54:51.703,1.05808,1.05904
2013.03.17 21:54:51.762,1.05806,1.05904
2013.03.17 21:54:53.559,1.05806,1.05904
2013.03.17 21:54:54.923,1.05806,1.05898
2013.03.17 21:54:55.042,1.05806,1.05907
2013.03.17 21:54:55.433,1.05806,1.05909
2013.03.17 21:55:03.564,1.05814,1.05913
2013.03.17 21:55:06.541,1.05814,1.05913
2013.03.17 21:55:15.477,1.05816,1.05913
2013.03.17 21:55:16.206,1.05817,1.05914
2013.03.17 21:55:21.503,1.05817,1.05914
2013.03.17 21:55:26.338,1.05817,1.05914
2013.03.17 21:55:26.562,1.05809,1.0591
2013.03.17 21:55:27.874,1.05809,1.0591
2013.03.17 21:55:44.053,1.05809,1.0591
2013.03.17 21:55:46.564,1.05811,1.0591
2013.03.17 21:55:46.893,1.05813,1.05914
2013.03.17 21:55:53.214,1.05813,1.05914
2013.03.17 21:55:53.593,1.05815,1.05914
2013.03.17 21:55:53.973,1.05823,1.05922
2013.03.17 21:55:54.312,1.05823,1.05922
2013.03.17 21:55:54.684,1.05832,1.05924
2013.03.17 21:55:55.182,1.05837,1.05927
2013.03.17 21:55:55.634,1.05838,1.05927
2013.03.17 21:56:04.862,1.05838,1.05935
2013.03.17 21:56:04.922,1.05841,1.05935
2013.03.17 21:56:05.315,1.0585,1.05935
2013.03.17 21:56:05.632,1.05853,1.0595
2013.03.17 21:56:06.132,1.05857,1.05904
2013.03.17 21:56:17.353,1.0586,1.05952
2013.03.17 21:56:17.652,1.05862,1.05908
2013.03.17 21:56:27.922,1.05871,1.0596
2013.03.17 21:56:28.103,1.05877,1.05918
2013.03.17 21:56:33.167,1.05869,1.05913
2013.03.17 21:56:35.368,1.05869,1.05919
2013.03.17 21:56:35.588,1.05869,1.05913
2013.03.17 21:56:37.566,1.05869,1.05967
2013.03.17 21:56:37.692,1.05869,1.05964
2013.03.17 21:56:37.812,1.05869,1.05964
2013.03.17 21:56:38.553,1.05876,1.05964
2013.03.17 21:56:52.693,1.05863,1.05914
2013.03.17 21:56:54.281,1.05863,1.05918
2013.03.17 21:56:54.403,1.05863,1.05914
2013.03.17 21:56:57.084,1.05857,1.05908
2013.03.17 21:57:01.615,1.05852,1.05957
2013.03.17 21:57:05.092,1.05865,1.05957
2013.03.17 21:57:12.656,1.05851,1.05957
2013.03.17 21:57:17.392,1.05859,1.05952
2013.03.17 21:57:17.452,1.05856,1.05952
2013.03.17 21:57:17.512,1.05849,1.05952
2013.03.17 21:57:17.632,1.05849,1.05898
2013.03.17 21:57:24.091,1.05836,1.05939
2013.03.17 21:57:24.333,1.05844,1.05899
2013.03.17 21:57:24.645,1.05838,1.05939
2013.03.17 21:57:24.823,1.05852,1.05952
2013.03.17 21:57:25.124,1.05837,1.05938
2013.03.17 21:57:25.363,1.05854,1.05898
2013.03.17 21:57:25.672,1.05846,1.05952
2013.03.17 21:57:25.913,1.0585,1.05894
2013.03.17 21:57:27.084,1.05834,1.05939
2013.03.17 21:57:27.323,1.05856,1.05914
2013.03.17 21:57:27.442,1.05851,1.05914
2013.03.17 21:57:27.883,1.05837,1.05893
2013.03.17 21:57:28.718,1.05837,1.05939
2013.03.17 21:57:33.893,1.05837,1.05939
2013.03.17 21:57:34.258,1.05837,1.05932
2013.03.17 21:57:35.139,1.05826,1.05932
2013.03.17 21:57:35.561,1.05826,1.05932
2013.03.17 21:57:39.861,1.05826,1.05884
2013.03.17 21:57:40.333,1.05826,1.05879
2013.03.17 21:57:40.683,1.05826,1.05918
2013.03.17 21:57:41.893,1.05826,1.05918
2013.03.17 21:57:44.453,1.05826,1.05918
2013.03.17 21:57:45.822,1.05826,1.05918
2013.03.17 21:57:49.102,1.05817,1.05914
2013.03.17 21:57:49.593,1.05817,1.05914
2013.03.17 21:57:52.831,1.05817,1.05914
2013.03.17 21:57:57.781,1.05817,1.05922
2013.03.17 21:58:20.362,1.05825,1.05927
2013.03.17 21:58:31.880,1.05818,1.05878
2013.03.17 21:58:32.332,1.05816,1.05912
2013.03.17 21:58:33.133,1.05812,1.05912
2013.03.17 21:58:36.610,1.05812,1.05912
2013.03.17 21:58:36.912,1.05803,1.05864
2013.03.17 21:58:37.413,1.05803,1.05897
2013.03.17 21:58:37.683,1.05803,1.05897
2013.03.17 21:58:40.353,1.05803,1.05897
2013.03.17 21:58:40.592,1.05809,1.05913
2013.03.17 21:58:48.820,1.05809,1.05913
2013.03.17 21:58:49.590,1.05808,1.05903
2013.03.17 21:58:49.863,1.05808,1.05903
2013.03.17 21:58:51.030,1.05815,1.05903
2013.03.17 21:58:51.383,1.05803,1.059
2013.03.17 21:58:51.584,1.05803,1.059
2013.03.17 21:58:53.164,1.05808,1.05909
2013.03.17 21:58:55.125,1.05808,1.05909
2013.03.17 21:58:56.320,1.05808,1.05909
2013.03.17 21:58:56.665,1.05803,1.05902
2013.03.17 21:58:56.870,1.05802,1.05902
2013.03.17 21:58:58.322,1.05803,1.05902
2013.03.17 21:58:58.543,1.05807,1.05902
2013.03.17 21:58:59.219,1.0581,1.0591
2013.03.17 21:58:59.652,1.0581,1.0591
2013.03.17 21:58:59.773,1.05807,1.05901
2013.03.17 21:58:59.893,1.05807,1.05902
2013.03.17 21:58:59.953,1.05802,1.05901
2013.03.17 21:59:00.284,1.05807,1.05901
2013.03.17 21:59:00.585,1.0581,1.05911
2013.03.17 21:59:01.584,1.05798,1.05924
2013.03.17 21:59:01.820,1.05798,1.05924
2013.03.17 21:59:04.944,1.05822,1.05893
2013.03.17 21:59:05.294,1.05817,1.05888
2013.03.17 21:59:08.673,1.05821,1.05894
2013.03.17 21:59:09.333,1.05821,1.05889
2013.03.17 21:59:09.673,1.05822,1.05893
2013.03.17 21:59:11.306,1.05821,1.05889
2013.03.17 21:59:11.663,1.05816,1.05889
2013.03.17 21:59:13.423,1.05811,1.05879
2013.03.17 21:59:13.853,1.05816,1.05884
2013.03.17 21:59:14.285,1.05821,1.05889
2013.03.17 21:59:15.693,1.05822,1.05889
2013.03.17 21:59:20.414,1.05827,1.05893
2013.03.17 21:59:23.423,1.05827,1.05883
2013.03.17 21:59:30.378,1.05837,1.05883
2013.03.17 21:59:33.414,1.05831,1.05889
2013.03.17 21:59:33.590,1.05831,1.05879
2013.03.17 21:59:48.553,1.05826,1.05874
2013.03.17 21:59:50.425,1.05837,1.05883
2013.03.17 21:59:51.333,1.05841,1.05884
2013.03.17 21:59:51.776,1.05837,1.05878
2013.03.17 21:59:55.393,1.05841,1.05884
2013.03.17 21:59:55.597,1.05837,1.05878
2013.03.17 21:59:57.789,1.05841,1.05884
2013.03.17 21:59:58.778,1.05847,1.05888
2013.03.17 21:59:59.334,1.05852,1.05893
2013.03.17 21:59:59.879,1.05857,1.05898
2013.03.17 22:00:00.114,1.05848,1.05894
2013.03.17 22:00:00.353,1.05882,1.05917
2013.03.17 22:00:00.437,1.05886,1.05917
2013.03.17 22:00:00.497,1.05886,1.05934
2013.03.17 22:00:00.674,1.05876,1.05924
2013.03.17 22:00:00.985,1.05882,1.05923
2013.03.17 22:00:01.103,1.05886,1.05929
2013.03.17 22:00:01.224,1.05881,1.05924
2013.03.17 22:00:01.344,1.05887,1.05938
2013.03.17 22:00:01.414,1.05882,1.05923
2013.03.17 22:00:01.791,1.05881,1.05919
2013.03.17 22:00:03.384,1.05886,1.05924
2013.03.17 22:00:03.853,1.05881,1.05924
2013.03.17 22:00:06.744,1.05886,1.05929
2013.03.17 22:00:07.184,1.05881,1.05924
2013.03.17 22:00:09.106,1.05886,1.05929
2013.03.17 22:00:09.363,1.05886,1.05934
2013.03.17 22:00:09.483,1.05892,1.05938
2013.03.17 22:00:09.875,1.05892,1.05933
2013.03.17 22:00:10.256,1.05907,1.05948
2013.03.17 22:00:10.373,1.05907,1.05953
2013.03.17 22:00:10.695,1.05897,1.05943
2013.03.17 22:00:11.024,1.05896,1.05939
2013.03.17 22:00:11.084,1.0589,1.05936
2013.03.17 22:00:11.300,1.05892,1.05938
2013.03.17 22:00:11.363,1.05896,1.05939
2013.03.17 22:00:11.745,1.05899,1.05941
2013.03.17 22:00:12.054,1.05902,1.05935
2013.03.17 22:00:12.113,1.05902,1.05943
2013.03.17 22:00:12.434,1.05897,1.05943
2013.03.17 22:00:12.773,1.05901,1.05943
2013.03.17 22:00:13.145,1.05917,1.05953
2013.03.17 22:00:15.063,1.05917,1.05948
2013.03.17 22:00:15.683,1.05922,1.05954
2013.03.17 22:00:16.508,1.05926,1.05957
2013.03.17 22:00:16.584,1.05896,1.05954
2013.03.17 22:00:16.654,1.05902,1.05954
2013.03.17 22:00:17.203,1.05902,1.05953
2013.03.17 22:00:17.875,1.05897,1.05953
2013.03.17 22:00:19.153,1.05908,1.05953
2013.03.17 22:00:19.603,1.05913,1.05958
2013.03.17 22:00:20.193,1.05913,1.05963
2013.03.17 22:00:20.373,1.05913,1.05954
2013.03.17 22:00:20.440,1.05913,1.05963
2013.03.17 22:00:20.688,1.0591,1.05963
2013.03.17 22:00:20.743,1.05907,1.05963
2013.03.17 22:00:22.103,1.05903,1.05959
2013.03.17 22:00:22.223,1.05901,1.05959
2013.03.17 22:00:22.343,1.05897,1.05953
2013.03.17 22:00:22.738,1.05901,1.05959
2013.03.17 22:00:23.070,1.05902,1.05948
2013.03.17 22:00:23.863,1.05917,1.05953
2013.03.17 22:00:24.424,1.05911,1.05949
2013.03.17 22:00:25.379,1.05917,1.05948
2013.03.17 22:00:25.993,1.05916,1.05949
2013.03.17 22:00:26.380,1.05922,1.05953
2013.03.17 22:00:26.853,1.05917,1.05948
2013.03.17 22:00:27.163,1.05921,1.05959
2013.03.17 22:00:27.403,1.05927,1.05963
2013.03.17 22:00:27.763,1.05922,1.05958
2013.03.17 22:00:30.537,1.05926,1.05958
2013.03.17 22:00:30.664,1.05922,1.05958
2013.03.17 22:00:30.858,1.05916,1.05954
2013.03.17 22:00:32.074,1.05921,1.05959
2013.03.17 22:00:32.393,1.05926,1.05964
2013.03.17 22:00:33.204,1.05932,1.05968
2013.03.17 22:00:34.337,1.05927,1.05963
2013.03.17 22:00:35.074,1.05926,1.05959
2013.03.17 22:00:36.388,1.05931,1.05964
2013.03.17 22:00:39.905,1.05927,1.05958
2013.03.17 22:00:40.258,1.05932,1.05963
2013.03.17 22:00:40.823,1.05927,1.05958
2013.03.17 22:00:41.889,1.05926,1.05959
2013.03.17 22:00:42.923,1.05911,1.05954
2013.03.17 22:00:44.306,1.05917,1.05958
2013.03.17 22:00:44.635,1.05912,1.05953
2013.03.17 22:00:47.624,1.05922,1.05958
2013.03.17 22:00:51.584,1.05916,1.05954
2013.03.17 22:00:51.985,1.05926,1.05964
2013.03.17 22:00:54.074,1.05917,1.05953
2013.03.17 22:00:55.884,1.05916,1.05959
2013.03.17 22:00:56.064,1.05922,1.05963
2013.03.17 22:00:58.074,1.05916,1.05959
2013.03.17 22:00:58.856,1.05922,1.05958
2013.03.17 22:00:59.349,1.05926,1.05964
2013.03.17 22:00:59.574,1.05922,1.05958
2013.03.17 22:01:00.936,1.05921,1.05964
2013.03.17 22:01:06.828,1.05926,1.05964
2013.03.17 22:01:11.100,1.05932,1.05978
2013.03.17 22:01:12.575,1.05927,1.05963
2013.03.17 22:01:13.134,1.05922,1.05958
2013.03.17 22:01:13.255,1.05926,1.05964
2013.03.17 22:01:13.630,1.05931,1.05969
2013.03.17 22:01:13.941,1.05926,1.05964
2013.03.17 22:01:14.874,1.05926,1.05959
2013.03.17 22:01:15.174,1.05921,1.05959
2013.03.17 22:01:15.874,1.05917,1.05953
2013.03.17 22:01:16.734,1.05916,1.05954
2013.03.17 22:01:17.114,1.05922,1.05958
2013.03.17 22:01:17.534,1.05917,1.05953
2013.03.17 22:01:18.029,1.05901,1.05949
2013.03.17 22:01:18.634,1.05906,1.05954
2013.03.17 22:01:22.134,1.05911,1.05959
2013.03.17 22:01:23.376,1.05907,1.05953
2013.03.17 22:01:23.865,1.05902,1.05948
2013.03.17 22:01:24.307,1.05907,1.05953
2013.03.17 22:01:24.675,1.05912,1.05958
2013.03.17 22:01:25.289,1.05911,1.05954
2013.03.17 22:01:25.665,1.05896,1.05939
2013.03.17 22:01:26.685,1.05897,1.05939
2013.03.17 22:01:26.997,1.05897,1.05933
2013.03.17 22:01:27.736,1.05892,1.05933
2013.03.17 22:01:27.854,1.05897,1.05938
2013.03.17 22:01:28.424,1.05901,1.05944
2013.03.17 22:01:29.917,1.05895,1.05933
2013.03.17 22:01:30.474,1.05892,1.05933
2013.03.17 22:01:31.344,1.05896,1.05933
2013.03.17 22:01:31.804,1.05896,1.05939
2013.03.17 22:01:32.335,1.05902,1.05943
2013.03.17 22:01:34.134,1.05897,1.05938
2013.03.17 22:01:38.606,1.05901,1.05944
2013.03.17 22:01:39.154,1.05896,1.05939
2013.03.17 22:01:41.584,1.05902,1.05943
2013.03.17 22:01:48.807,1.05896,1.05939
2013.03.17 22:01:50.424,1.05898,1.05939
2013.03.17 22:01:50.674,1.05896,1.05939
2013.03.17 22:01:51.003,1.05898,1.05939
2013.03.17 22:01:51.304,1.05903,1.05939
2013.03.17 22:01:51.604,1.05903,1.05943
2013.03.17 22:01:51.724,1.05906,1.05943
2013.03.17 22:01:52.029,1.05908,1.05939
2013.03.17 22:01:52.205,1.05903,1.05939
2013.03.17 22:01:52.548,1.05903,1.05934
2013.03.17 22:01:52.754,1.05897,1.05934
2013.03.17 22:01:53.099,1.05897,1.05938
2013.03.17 22:01:53.335,1.05902,1.05933
2013.03.17 22:01:54.065,1.05907,1.05933
2013.03.17 22:01:55.005,1.05902,1.05933
2013.03.17 22:01:57.084,1.05902,1.05939
2013.03.17 22:01:58.684,1.05906,1.05939
2013.03.17 22:02:00.554,1.05905,1.05939
2013.03.17 22:02:00.614,1.05901,1.05939
2013.03.17 22:02:02.914,1.05903,1.05939
2013.03.17 22:02:03.258,1.05905,1.05939
2013.03.17 22:02:07.175,1.05907,1.05943
2013.03.17 22:02:10.177,1.05905,1.05938
2013.03.17 22:02:12.714,1.05905,1.05934
2013.03.17 22:02:14.014,1.05911,1.05934
2013.03.17 22:02:18.318,1.05911,1.05938
2013.03.17 22:02:19.073,1.05909,1.05938
2013.03.17 22:02:19.777,1.05907,1.05938
2013.03.17 22:02:22.224,1.05902,1.05938
2013.03.17 22:02:22.283,1.05904,1.05938
2013.03.17 22:02:23.724,1.05914,1.05938
2013.03.17 22:02:23.904,1.05905,1.05938
2013.03.17 22:02:24.084,1.05907,1.05943
2013.03.17 22:02:24.216,1.0591,1.05943
2013.03.17 22:02:24.688,1.05916,1.05943
2013.03.17 22:02:25.803,1.05919,1.05943
2013.03.17 22:02:27.633,1.05918,1.05943
2013.03.17 22:02:27.694,1.05914,1.05943
2013.03.17 22:02:31.145,1.0591,1.05943
2013.03.17 22:02:35.581,1.05911,1.05949
2013.03.17 22:02:36.283,1.05914,1.05949
2013.03.17 22:02:36.813,1.05911,1.05949
2013.03.17 22:02:38.641,1.05912,1.05949
2013.03.17 22:02:38.703,1.05914,1.05949
2013.03.17 22:02:38.884,1.05917,1.05953
2013.03.17 22:02:40.904,1.05911,1.05949
2013.03.17 22:02:49.035,1.05912,1.05949
2013.03.17 22:02:51.264,1.05911,1.05949
2013.03.17 22:02:52.007,1.05927,1.05983
2013.03.17 22:02:52.563,1.05927,1.05982
2013.03.17 22:02:54.208,1.05927,1.05983
2013.03.17 22:02:56.094,1.05934,1.05983
2013.03.17 22:02:56.510,1.05941,1.05983
2013.03.17 22:02:56.814,1.05936,1.05983
2013.03.17 22:02:57.064,1.05944,1.05983
2013.03.17 22:02:57.243,1.05937,1.05983
2013.03.17 22:02:57.364,1.05932,1.05983
2013.03.17 22:02:57.424,1.05928,1.05983
2013.03.17 22:02:59.014,1.05927,1.05983
2013.03.17 22:03:09.443,1.05927,1.05977
2013.03.17 22:03:09.864,1.05927,1.05973
2013.03.17 22:03:11.205,1.05921,1.05975
2013.03.17 22:03:11.886,1.05926,1.05975
2013.03.17 22:03:14.134,1.05917,1.05975
2013.03.17 22:03:14.313,1.05926,1.05975
2013.03.17 22:03:14.702,1.05926,1.05979
2013.03.17 22:03:16.286,1.05916,1.05979
2013.03.17 22:03:16.404,1.05916,1.05974
2013.03.17 22:03:17.115,1.05927,1.05974
2013.03.17 22:03:17.294,1.05927,1.05978
2013.03.17 22:03:18.034,1.05927,1.0597
2013.03.17 22:03:18.394,1.05921,1.05959
2013.03.17 22:03:19.595,1.05922,1.05963
2013.03.17 22:03:20.714,1.05922,1.05962
2013.03.17 22:03:21.826,1.05922,1.05963
2013.03.17 22:03:28.925,1.05922,1.05958
2013.03.17 22:03:30.824,1.05916,1.05958
2013.03.17 22:03:31.374,1.05911,1.05958
2013.03.17 22:03:31.494,1.05911,1.05955
2013.03.17 22:03:31.796,1.05916,1.05951
2013.03.17 22:03:31.974,1.05916,1.05954
2013.03.17 22:03:32.155,1.05917,1.05958
2013.03.17 22:03:32.395,1.05912,1.05958
2013.03.17 22:03:32.575,1.05916,1.05959
2013.03.17 22:03:33.455,1.05912,1.05955
2013.03.17 22:03:33.768,1.05911,1.05944
2013.03.17 22:03:34.124,1.05911,1.05938
2013.03.17 22:03:34.574,1.05901,1.05938
2013.03.17 22:03:34.694,1.05901,1.0593
2013.03.17 22:03:35.154,1.05896,1.05929
2013.03.17 22:03:35.336,1.05892,1.05928
2013.03.17 22:03:35.595,1.05886,1.05929
2013.03.17 22:03:36.874,1.05886,1.05924
2013.03.17 22:03:37.264,1.05886,1.05919
2013.03.17 22:03:37.827,1.05886,1.05918
2013.03.17 22:03:38.366,1.05886,1.05919
2013.03.17 22:03:38.894,1.05886,1.05918
2013.03.17 22:03:39.625,1.05886,1.05919
2013.03.17 22:03:40.084,1.05886,1.05915
2013.03.17 22:03:40.605,1.05891,1.05914
2013.03.17 22:03:40.977,1.05886,1.05914
2013.03.17 22:03:42.664,1.05876,1.05914
2013.03.17 22:03:42.845,1.05871,1.05903
2013.03.17 22:03:42.904,1.05866,1.05903
2013.03.17 22:03:43.024,1.05861,1.05903
2013.03.17 22:03:43.084,1.05854,1.05903
2013.03.17 22:03:43.384,1.05855,1.05899
2013.03.17 22:03:43.445,1.05853,1.05899
2013.03.17 22:03:45.215,1.0586,1.05898
2013.03.17 22:03:45.274,1.0586,1.05915
2013.03.17 22:03:45.334,1.0586,1.05918
2013.03.17 22:03:45.394,1.05872,1.05908
2013.03.17 22:03:47.007,1.05856,1.05903
2013.03.17 22:03:47.304,1.05866,1.05903
2013.03.17 22:03:49.154,1.05866,1.05919
2013.03.17 22:03:49.274,1.05863,1.05916
2013.03.17 22:03:49.583,1.05865,1.05914
2013.03.17 22:03:49.705,1.05858,1.05914
2013.03.17 22:03:49.764,1.05865,1.05914
2013.03.17 22:03:50.801,1.05868,1.05914
2013.03.17 22:03:51.124,1.05868,1.05908
2013.03.17 22:03:51.245,1.05863,1.05908
2013.03.17 22:03:51.537,1.05867,1.05908
2013.03.17 22:03:52.091,1.05872,1.05908
2013.03.17 22:03:52.335,1.05863,1.05909
2013.03.17 22:03:52.695,1.05867,1.05903
2013.03.17 22:03:52.875,1.05866,1.05918
2013.03.17 22:03:52.936,1.05868,1.05927
2013.03.17 22:03:53.054,1.05868,1.05929
2013.03.17 22:03:53.115,1.05874,1.05914
2013.03.17 22:03:53.235,1.05871,1.05914
2013.03.17 22:03:53.356,1.05867,1.05911
2013.03.17 22:03:53.674,1.05866,1.05909
2013.03.17 22:03:54.071,1.05871,1.05911
2013.03.17 22:03:54.375,1.05875,1.05914
2013.03.17 22:03:55.185,1.0588,1.05919
2013.03.17 22:03:56.086,1.0588,1.05924
2013.03.17 22:03:56.867,1.05888,1.05924
2013.03.17 22:03:57.634,1.05888,1.05919
2013.03.17 22:03:57.826,1.05888,1.05923
2013.03.17 22:03:58.837,1.05885,1.05919
2013.03.17 22:04:00.186,1.05885,1.05923
2013.03.17 22:04:00.425,1.05881,1.05923
2013.03.17 22:04:00.845,1.05881,1.05918
2013.03.17 22:04:01.135,1.05881,1.05923
2013.03.17 22:04:01.664,1.05881,1.05922
2013.03.17 22:04:01.724,1.05878,1.05922
2013.03.17 22:04:01.784,1.05875,1.05922
2013.03.17 22:04:01.844,1.05875,1.05929
2013.03.17 22:04:02.794,1.05874,1.05924
2013.03.17 22:04:02.854,1.0587,1.05924
2013.03.17 22:04:04.614,1.05871,1.05929
2013.03.17 22:04:04.673,1.05876,1.05932
2013.03.17 22:04:04.914,1.05882,1.05935
2013.03.17 22:04:05.033,1.05882,1.05938
2013.03.17 22:04:05.354,1.05883,1.05937
2013.03.17 22:04:09.824,1.05876,1.05926
2013.03.17 22:04:10.005,1.05876,1.0593
2013.03.17 22:04:14.954,1.05874,1.05929
2013.03.17 22:04:15.806,1.05868,1.05924
2013.03.17 22:04:16.654,1.05868,1.05922
2013.03.17 22:04:16.834,1.05864,1.05918
2013.03.17 22:04:17.534,1.05869,1.05924
2013.03.17 22:04:19.575,1.05869,1.05924
2013.03.17 22:04:20.764,1.05874,1.05929
2013.03.17 22:04:21.424,1.05874,1.05928
2013.03.17 22:04:24.294,1.05869,1.05924
2013.03.17 22:04:24.603,1.05864,1.05918
2013.03.17 22:04:25.945,1.05864,1.05918
2013.03.17 22:04:26.144,1.05864,1.05918
2013.03.17 22:04:27.016,1.05868,1.05921
2013.03.17 22:04:29.135,1.05868,1.05921
2013.03.17 22:04:29.554,1.05857,1.05907
2013.03.17 22:04:29.965,1.05853,1.05899
2013.03.17 22:04:30.864,1.05849,1.05902
2013.03.17 22:04:30.984,1.05854,1.05906
2013.03.17 22:04:31.344,1.05855,1.05909
2013.03.17 22:04:31.525,1.05853,1.05908
2013.03.17 22:04:31.705,1.05858,1.0591
2013.03.17 22:04:31.824,1.05865,1.05919
2013.03.17 22:04:32.004,1.05865,1.05915
2013.03.17 22:04:32.365,1.05878,1.05925
2013.03.17 22:04:32.426,1.05878,1.05926
2013.03.17 22:04:33.654,1.05878,1.05927
2013.03.17 22:04:34.454,1.05872,1.05926
2013.03.17 22:04:35.144,1.05878,1.05924
2013.03.17 22:04:35.204,1.05881,1.05915
2013.03.17 22:04:35.745,1.0587,1.05915
2013.03.17 22:04:36.636,1.0587,1.05915
2013.03.17 22:04:39.085,1.0587,1.05915
2013.03.17 22:04:39.324,1.05876,1.0593
2013.03.17 22:04:39.385,1.05883,1.05935
2013.03.17 22:04:40.024,1.05877,1.05933
2013.03.17 22:04:40.624,1.05877,1.05931
2013.03.17 22:04:40.684,1.05871,1.05925
2013.03.17 22:04:40.985,1.05863,1.05917
2013.03.17 22:04:41.404,1.05863,1.05915
2013.03.17 22:04:41.834,1.05863,1.05915
2013.03.17 22:04:42.195,1.0587,1.05918
2013.03.17 22:04:42.554,1.05868,1.05909
2013.03.17 22:04:42.990,1.05867,1.05906
2013.03.17 22:04:43.565,1.05856,1.0591
2013.03.17 22:04:44.144,1.05856,1.05907
2013.03.17 22:04:46.895,1.05856,1.05905
2013.03.17 22:04:47.210,1.05845,1.059
2013.03.17 22:04:49.485,1.05854,1.05906
2013.03.17 22:04:49.665,1.05861,1.0591
2013.03.17 22:04:50.171,1.05861,1.05909
2013.03.17 22:04:52.234,1.05861,1.05915
2013.03.17 22:04:52.614,1.05866,1.05921
2013.03.17 22:04:52.674,1.05867,1.05924
2013.03.17 22:04:53.034,1.05878,1.05933
2013.03.17 22:04:53.565,1.05874,1.05929
2013.03.17 22:04:53.684,1.05881,1.05936
2013.03.17 22:04:55.594,1.05881,1.05937
2013.03.17 22:04:55.834,1.05877,1.05935
2013.03.17 22:04:55.894,1.05877,1.05931
2013.03.17 22:04:56.385,1.05877,1.05934
2013.03.17 22:04:56.445,1.05879,1.05935
2013.03.17 22:04:56.744,1.05876,1.05935
2013.03.17 22:04:56.805,1.05874,1.05932
2013.03.17 22:04:59.634,1.05876,1.0593
2013.03.17 22:05:00.065,1.05876,1.05931
2013.03.17 22:05:00.304,1.05876,1.05931
2013.03.17 22:05:01.406,1.05876,1.0593
2013.03.17 22:05:01.764,1.0587,1.05923
2013.03.17 22:05:02.144,1.05858,1.05914
2013.03.17 22:05:04.514,1.05863,1.05917
2013.03.17 22:05:04.580,1.05863,1.05916
2013.03.17 22:05:04.885,1.05854,1.05899
2013.03.17 22:05:12.104,1.05845,1.05899
2013.03.17 22:05:12.464,1.05845,1.05895
2013.03.17 22:05:12.794,1.05849,1.05902
2013.03.17 22:05:12.854,1.05849,1.05902
2013.03.17 22:05:13.114,1.05849,1.05903
2013.03.17 22:05:13.834,1.05849,1.05903
2013.03.17 22:05:14.139,1.05845,1.05893
2013.03.17 22:05:14.775,1.05845,1.05893
2013.03.17 22:05:14.866,1.05845,1.05893
2013.03.17 22:05:18.184,1.05845,1.05893
2013.03.17 22:05:18.369,1.05845,1.05893
2013.03.17 22:05:18.444,1.05838,1.0589
2013.03.17 22:05:18.804,1.05832,1.05886
2013.03.17 22:05:22.075,1.05837,1.05884
2013.03.17 22:05:22.344,1.05837,1.05886
2013.03.17 22:05:22.404,1.05837,1.05873
2013.03.17 22:05:22.725,1.0583,1.0588
2013.03.17 22:05:23.275,1.05834,1.05878
2013.03.17 22:05:23.734,1.05834,1.05878
2013.03.17 22:05:24.075,1.05833,1.05879
2013.03.17 22:05:24.254,1.05834,1.05884
2013.03.17 22:05:24.610,1.05834,1.05884
2013.03.17 22:05:24.886,1.05834,1.05884
2013.03.17 22:05:26.049,1.05834,1.05884
2013.03.17 22:05:36.834,1.05834,1.05885
2013.03.17 22:05:37.437,1.05836,1.05886
2013.03.17 22:05:38.002,1.05837,1.05887
2013.03.17 22:05:38.815,1.05841,1.05886
2013.03.17 22:05:39.545,1.05847,1.0589
2013.03.17 22:05:40.590,1.05847,1.05891
2013.03.17 22:05:40.906,1.05839,1.0589
2013.03.17 22:05:42.235,1.05842,1.0589
2013.03.17 22:05:43.625,1.05841,1.05889
2013.03.17 22:05:43.804,1.0584,1.05884
2013.03.17 22:05:43.924,1.05834,1.05883
2013.03.17 22:05:44.504,1.05842,1.0589
2013.03.17 22:05:45.849,1.05839,1.05888
2013.03.17 22:05:49.365,1.05839,1.05891
2013.03.17 22:05:56.155,1.0584,1.0589
2013.03.17 22:06:00.366,1.0584,1.0589
2013.03.17 22:06:04.705,1.0584,1.05891
2013.03.17 22:06:04.885,1.05854,1.05909
2013.03.17 22:06:04.945,1.05855,1.05909
2013.03.17 22:06:05.306,1.05869,1.05915
2013.03.17 22:06:05.485,1.05866,1.05917
2013.03.17 22:06:05.544,1.05866,1.05916
2013.03.17 22:06:05.845,1.05872,1.05924
2013.03.17 22:06:05.905,1.05873,1.0593
2013.03.17 22:06:06.025,1.05877,1.0593
2013.03.17 22:06:06.144,1.05877,1.0593
2013.03.17 22:06:06.265,1.05878,1.05935
2013.03.17 22:06:06.655,1.05877,1.05937
2013.03.17 22:06:06.994,1.05877,1.05937
2013.03.17 22:06:09.864,1.05877,1.05939
2013.03.17 22:06:10.996,1.05877,1.05924
2013.03.17 22:06:11.081,1.05862,1.05903
2013.03.17 22:06:11.354,1.05845,1.05903
2013.03.17 22:06:11.895,1.05846,1.05903
2013.03.17 22:06:11.957,1.05846,1.05906
2013.03.17 22:06:12.016,1.05846,1.05906
2013.03.17 22:06:12.435,1.05852,1.05916
2013.03.17 22:06:14.854,1.05852,1.05916
2013.03.17 22:06:15.785,1.05852,1.05916
2013.03.17 22:06:16.104,1.05852,1.05916
2013.03.17 22:06:21.888,1.0586,1.05916
2013.03.17 22:06:21.945,1.0586,1.05918
2013.03.17 22:06:22.065,1.0586,1.05919
2013.03.17 22:06:25.586,1.05857,1.05919
2013.03.17 22:06:25.645,1.05857,1.05918
2013.03.17 22:06:25.945,1.05856,1.05918
2013.03.17 22:06:26.336,1.05857,1.05918
2013.03.17 22:06:29.945,1.05857,1.05915
2013.03.17 22:06:30.535,1.0586,1.05913
2013.03.17 22:06:31.359,1.05861,1.0591
2013.03.17 22:06:36.635,1.0586,1.0591
2013.03.17 22:06:44.995,1.05863,1.05906
2013.03.17 22:06:46.045,1.05861,1.05911
2013.03.17 22:06:46.610,1.05863,1.05911
2013.03.17 22:06:49.955,1.05863,1.05911
2013.03.17 22:06:53.285,1.05871,1.05926
2013.03.17 22:06:54.535,1.05866,1.05924
2013.03.17 22:06:54.655,1.05873,1.05926
2013.03.17 22:07:02.976,1.05875,1.05927
2013.03.17 22:07:03.334,1.05881,1.0593
2013.03.17 22:07:06.084,1.05881,1.0593
2013.03.17 22:07:06.205,1.05878,1.0593
2013.03.17 22:07:06.685,1.05877,1.0593
2013.03.17 22:07:07.096,1.05881,1.0593
2013.03.17 22:07:07.727,1.05881,1.0593
2013.03.17 22:07:08.485,1.05878,1.05934
2013.03.17 22:07:10.055,1.05878,1.0593
2013.03.17 22:07:11.034,1.05881,1.0593
2013.03.17 22:07:14.925,1.05878,1.0593
2013.03.17 22:07:18.105,1.05881,1.05934
2013.03.17 22:07:22.376,1.05881,1.05935
2013.03.17 22:07:23.835,1.05882,1.05935
2013.03.17 22:07:24.015,1.05881,1.05935
2013.03.17 22:07:24.375,1.05881,1.05935
2013.03.17 22:07:25.125,1.05878,1.05935
2013.03.17 22:07:25.365,1.05882,1.05933
2013.03.17 22:07:29.844,1.05882,1.05935
2013.03.17 22:07:31.617,1.05884,1.05936
2013.03.17 22:07:37.896,1.05884,1.05939
2013.03.17 22:07:37.956,1.05884,1.05941
2013.03.17 22:07:38.015,1.05884,1.05939
2013.03.17 22:07:38.135,1.05884,1.05939
2013.03.17 22:07:38.196,1.05884,1.05939
2013.03.17 22:07:38.436,1.05885,1.05939
2013.03.17 22:07:38.556,1.05885,1.05939
2013.03.17 22:07:38.676,1.05886,1.05939
2013.03.17 22:07:38.735,1.05885,1.0594
2013.03.17 22:07:38.795,1.05885,1.05939
2013.03.17 22:07:39.395,1.05882,1.05934
2013.03.17 22:07:40.425,1.05882,1.05934
2013.03.17 22:07:43.087,1.05882,1.05934
2013.03.17 22:07:44.479,1.05882,1.05929
2013.03.17 22:07:44.595,1.05882,1.05927
2013.03.17 22:07:44.835,1.05882,1.05931
2013.03.17 22:07:44.899,1.05882,1.05931
2013.03.17 22:07:47.553,1.05882,1.05931
2013.03.17 22:07:49.145,1.05885,1.05932
2013.03.17 22:07:52.175,1.05885,1.05936
2013.03.17 22:07:53.701,1.05885,1.05923
2013.03.17 22:07:54.085,1.05882,1.05921
2013.03.17 22:07:54.386,1.05882,1.05924
2013.03.17 22:07:54.625,1.05874,1.05921
2013.03.17 22:07:55.126,1.05876,1.05919
2013.03.17 22:07:55.523,1.05864,1.05916
2013.03.17 22:07:58.672,1.05863,1.05913
2013.03.17 22:07:58.910,1.05863,1.05914
2013.03.17 22:07:59.925,1.05873,1.05921
2013.03.17 22:08:00.045,1.05867,1.05915
2013.03.17 22:08:02.533,1.05862,1.05915
2013.03.17 22:08:02.695,1.05865,1.05917
2013.03.17 22:08:03.086,1.05873,1.05917
2013.03.17 22:08:04.012,1.05873,1.0592
2013.03.17 22:08:05.071,1.05866,1.0592
2013.03.17 22:08:09.323,1.05866,1.05908
2013.03.17 22:08:09.445,1.05865,1.05911
2013.03.17 22:08:09.567,1.05865,1.05904
2013.03.17 22:08:09.686,1.05866,1.05919
2013.03.17 22:08:09.986,1.05866,1.05907
2013.03.17 22:08:10.106,1.05865,1.05914
2013.03.17 22:08:10.345,1.05865,1.05914
2013.03.17 22:08:10.646,1.05865,1.05917
2013.03.17 22:08:10.765,1.05858,1.05914
2013.03.17 22:08:11.125,1.05857,1.05904
2013.03.17 22:08:14.475,1.05856,1.05909
2013.03.17 22:08:15.043,1.05856,1.05909
2013.03.17 22:08:15.346,1.05885,1.05915
2013.03.17 22:08:15.586,1.05885,1.05919
2013.03.17 22:08:15.715,1.05885,1.05919
2013.03.17 22:08:24.283,1.05871,1.05915
2013.03.17 22:08:24.466,1.0587,1.05918
2013.03.17 22:08:24.526,1.05865,1.05918
2013.03.17 22:08:25.090,1.05865,1.05914
2013.03.17 22:08:26.839,1.05865,1.05914
2013.03.17 22:08:27.145,1.05856,1.05905
2013.03.17 22:08:29.783,1.05855,1.059
2013.03.17 22:08:30.115,1.05855,1.05904
2013.03.17 22:08:32.455,1.05855,1.05902
2013.03.17 22:08:33.228,1.05855,1.05899
2013.03.17 22:08:34.466,1.05856,1.05904
2013.03.17 22:08:34.525,1.05856,1.05904
2013.03.17 22:08:35.063,1.05856,1.05904
2013.03.17 22:08:35.665,1.05856,1.05898
2013.03.17 22:08:35.905,1.05856,1.05897
2013.03.17 22:08:36.086,1.05856,1.05893
2013.03.17 22:08:38.596,1.05855,1.05898
2013.03.17 22:08:38.656,1.05855,1.05899
2013.03.17 22:08:39.610,1.05855,1.05901
2013.03.17 22:08:43.745,1.05855,1.05899
2013.03.17 22:08:44.332,1.05855,1.05901
2013.03.17 22:08:44.853,1.05855,1.05901
2013.03.17 22:08:45.292,1.05856,1.05899
2013.03.17 22:08:46.465,1.05856,1.05899
2013.03.17 22:08:53.103,1.05856,1.05901
2013.03.17 22:08:58.876,1.05856,1.05904
2013.03.17 22:09:12.832,1.0586,1.05899
2013.03.17 22:09:15.048,1.05852,1.05902
2013.03.17 22:09:15.106,1.05852,1.05899
2013.03.17 22:09:15.647,1.05846,1.05896
2013.03.17 22:09:17.125,1.0585,1.05893
2013.03.17 22:09:20.125,1.0585,1.05896
2013.03.17 22:09:23.645,1.0585,1.05896
2013.03.17 22:09:27.577,1.05854,1.05898
2013.03.17 22:09:33.895,1.05854,1.05899
2013.03.17 22:09:34.016,1.05858,1.05908
2013.03.17 22:09:34.136,1.05864,1.05908
2013.03.17 22:09:34.395,1.05864,1.05908
2013.03.17 22:09:35.096,1.0587,1.05922
2013.03.17 22:09:39.564,1.05872,1.0592
2013.03.17 22:09:40.166,1.05872,1.0592
2013.03.17 22:09:41.435,1.05877,1.05924
2013.03.17 22:09:43.096,1.05877,1.05923
2013.03.17 22:09:44.257,1.05877,1.05923
2013.03.17 22:09:44.627,1.05871,1.05926
2013.03.17 22:09:44.956,1.05878,1.05926
2013.03.17 22:09:45.096,1.05878,1.05926
2013.03.17 22:09:45.315,1.05887,1.05926
2013.03.17 22:09:45.636,1.05881,1.05926
2013.03.17 22:09:45.876,1.05882,1.05923
2013.03.17 22:09:45.936,1.05882,1.05923
2013.03.17 22:09:45.996,1.05882,1.05923
2013.03.17 22:09:47.335,1.05887,1.05922
2013.03.17 22:09:47.835,1.05889,1.05922
2013.03.17 22:09:48.145,1.05896,1.05923
2013.03.17 22:09:48.811,1.05892,1.05923
2013.03.17 22:09:49.056,1.0589,1.05922
2013.03.17 22:09:50.195,1.05887,1.05922
2013.03.17 22:09:52.111,1.05887,1.05922
2013.03.17 22:09:54.687,1.05887,1.05935
2013.03.17 22:09:55.335,1.05884,1.05935
2013.03.17 22:09:55.456,1.05882,1.05929
2013.03.17 22:09:55.977,1.05882,1.05926
2013.03.17 22:09:56.102,1.05886,1.05927
2013.03.17 22:09:56.725,1.05881,1.05926
2013.03.17 22:09:57.095,1.05883,1.05926
2013.03.17 22:10:02.805,1.05884,1.05927
2013.03.17 22:10:02.995,1.05886,1.05934
2013.03.17 22:10:03.521,1.05886,1.05934
2013.03.17 22:10:04.052,1.05885,1.05934
2013.03.17 22:10:04.666,1.05886,1.05934
2013.03.17 22:10:06.644,1.05882,1.05934
2013.03.17 22:10:07.155,1.05882,1.05934
2013.03.17 22:10:08.020,1.05887,1.05934
2013.03.17 22:10:08.336,1.05889,1.05922
2013.03.17 22:10:09.605,1.05891,1.05934
2013.03.17 22:10:11.045,1.05891,1.05934
2013.03.17 22:10:13.801,1.05892,1.05937
2013.03.17 22:10:14.856,1.05887,1.05937
2013.03.17 22:10:15.847,1.05887,1.05937
2013.03.17 22:10:16.050,1.05887,1.05938
2013.03.17 22:10:17.325,1.05886,1.05941
2013.03.17 22:10:26.625,1.05886,1.05941
2013.03.17 22:10:26.985,1.05887,1.05941
2013.03.17 22:10:27.104,1.05891,1.05941
2013.03.17 22:10:27.289,1.05891,1.05941
2013.03.17 22:10:28.394,1.0589,1.05946
2013.03.17 22:10:33.166,1.05891,1.05937
2013.03.17 22:10:33.666,1.05892,1.05937
2013.03.17 22:10:33.895,1.05896,1.05937
2013.03.17 22:10:37.077,1.05896,1.05941
2013.03.17 22:10:37.895,1.05896,1.05945
2013.03.17 22:10:39.385,1.05891,1.05945
2013.03.17 22:10:39.565,1.05888,1.05926
2013.03.17 22:10:48.656,1.05876,1.05922
2013.03.17 22:10:48.834,1.05876,1.05922
2013.03.17 22:10:48.955,1.05876,1.05919
2013.03.17 22:10:49.315,1.05876,1.05911
2013.03.17 22:10:50.214,1.05863,1.05911
2013.03.17 22:10:50.366,1.05863,1.05911
2013.03.17 22:10:50.868,1.05863,1.05911
2013.03.17 22:10:51.134,1.05863,1.0591
2013.03.17 22:10:51.815,1.05863,1.0591
2013.03.17 22:10:53.136,1.05863,1.05909
2013.03.17 22:10:57.885,1.05858,1.05905
2013.03.17 22:10:58.072,1.05858,1.05905
2013.03.17 22:11:01.036,1.05858,1.05905
2013.03.17 22:11:03.796,1.05862,1.05902
2013.03.17 22:11:04.126,1.05866,1.05903
2013.03.17 22:11:04.365,1.05866,1.0591
2013.03.17 22:11:04.605,1.05866,1.0591
2013.03.17 22:11:04.666,1.05867,1.05913
2013.03.17 22:11:04.796,1.05867,1.05913
2013.03.17 22:11:05.451,1.05872,1.05913
2013.03.17 22:11:05.546,1.05872,1.05926
2013.03.17 22:11:07.077,1.05872,1.05925
2013.03.17 22:11:10.975,1.05872,1.05926
2013.03.17 22:11:11.995,1.05872,1.05926
2013.03.17 22:11:14.795,1.0587,1.05926
2013.03.17 22:11:15.225,1.05865,1.05909
2013.03.17 22:11:15.288,1.05862,1.05909
2013.03.17 22:11:15.825,1.05862,1.05909
2013.03.17 22:11:16.937,1.05862,1.05909
2013.03.17 22:11:17.514,1.05862,1.05906
2013.03.17 22:11:23.360,1.05862,1.05906
2013.03.17 22:11:23.535,1.05862,1.05898
2013.03.17 22:11:24.355,1.05854,1.05896
2013.03.17 22:11:28.655,1.05852,1.0589
2013.03.17 22:11:28.895,1.05856,1.05903
2013.03.17 22:11:29.256,1.05856,1.05889
2013.03.17 22:11:30.750,1.05851,1.0589
2013.03.17 22:11:39.655,1.05851,1.0589
2013.03.17 22:11:40.315,1.05847,1.05882
2013.03.17 22:11:50.360,1.05847,1.05885
2013.03.17 22:11:52.896,1.05851,1.05886
2013.03.17 22:11:56.575,1.05851,1.05886
2013.03.17 22:11:57.301,1.05853,1.0589
2013.03.17 22:11:57.545,1.05854,1.0589
2013.03.17 22:11:57.667,1.05851,1.0589
2013.03.17 22:11:57.965,1.05854,1.05893
2013.03.17 22:11:58.146,1.05857,1.05895
2013.03.17 22:11:58.266,1.05858,1.05898
2013.03.17 22:11:58.627,1.05874,1.0591
2013.03.17 22:11:59.165,1.05869,1.05911
2013.03.17 22:12:02.845,1.05869,1.05911
2013.03.17 22:12:04.935,1.05864,1.05902
2013.03.17 22:12:05.055,1.05862,1.05902
2013.03.17 22:12:05.176,1.05865,1.05903
2013.03.17 22:12:05.355,1.05866,1.05905
2013.03.17 22:12:05.476,1.05866,1.0591
2013.03.17 22:12:05.777,1.05865,1.05906
2013.03.17 22:12:06.355,1.05865,1.05911
2013.03.17 22:12:08.085,1.05869,1.05914
2013.03.17 22:12:08.736,1.0587,1.0591
2013.03.17 22:12:11.275,1.05872,1.0591
2013.03.17 22:12:11.819,1.0587,1.0591
2013.03.17 22:12:12.635,1.05869,1.0591
2013.03.17 22:12:12.695,1.05873,1.0591
2013.03.17 22:12:13.055,1.05871,1.05914
2013.03.17 22:12:13.235,1.0587,1.05914
2013.03.17 22:12:14.716,1.05873,1.05906
2013.03.17 22:12:14.835,1.05874,1.05906
2013.03.17 22:12:15.816,1.05869,1.05905
2013.03.17 22:12:17.538,1.05869,1.05905
2013.03.17 22:12:18.076,1.0587,1.05918
2013.03.17 22:12:18.136,1.05881,1.05922
2013.03.17 22:12:18.657,1.05881,1.05923
2013.03.17 22:12:18.895,1.05886,1.05924
2013.03.17 22:12:18.957,1.05885,1.05929
2013.03.17 22:12:19.195,1.05885,1.05931
2013.03.17 22:12:19.515,1.05886,1.05934
2013.03.17 22:12:20.115,1.05889,1.05934
2013.03.17 22:12:20.235,1.05881,1.05915
2013.03.17 22:12:20.416,1.05872,1.05914
2013.03.17 22:12:20.476,1.05872,1.05914
2013.03.17 22:12:20.536,1.05871,1.05914
2013.03.17 22:12:21.112,1.0587,1.05913
2013.03.17 22:12:21.476,1.0587,1.05912
2013.03.17 22:12:21.636,1.0587,1.05912
2013.03.17 22:12:32.206,1.05869,1.05906
2013.03.17 22:12:32.795,1.05865,1.05907
2013.03.17 22:12:33.666,1.05865,1.05907
2013.03.17 22:12:35.945,1.0587,1.05911
2013.03.17 22:12:36.605,1.05866,1.05907
2013.03.17 22:12:36.665,1.05866,1.05911
2013.03.17 22:12:36.736,1.05866,1.05911
2013.03.17 22:12:37.458,1.05866,1.05911
2013.03.17 22:12:38.683,1.05869,1.05908
2013.03.17 22:12:39.100,1.05869,1.05915
2013.03.17 22:12:41.046,1.05869,1.05915
2013.03.17 22:12:42.575,1.05872,1.05915
2013.03.17 22:12:42.877,1.05869,1.05908
2013.03.17 22:12:43.055,1.05862,1.05905
2013.03.17 22:12:43.495,1.05862,1.05905
2013.03.17 22:12:44.109,1.05862,1.05903
2013.03.17 22:12:44.655,1.05862,1.05903
2013.03.17 22:12:45.015,1.05861,1.05902
2013.03.17 22:12:45.588,1.05861,1.05904
2013.03.17 22:12:46.428,1.05861,1.05905
2013.03.17 22:12:46.578,1.05861,1.05905
2013.03.17 22:12:47.595,1.05861,1.05901
2013.03.17 22:12:50.265,1.05861,1.05899
2013.03.17 22:12:52.976,1.05861,1.05899
2013.03.17 22:12:53.476,1.05866,1.05905
2013.03.17 22:12:56.720,1.0587,1.05905
2013.03.17 22:12:59.275,1.0587,1.05905
2013.03.17 22:13:00.467,1.0587,1.05904
2013.03.17 22:13:00.716,1.05865,1.05891
2013.03.17 22:13:00.775,1.05851,1.05891
2013.03.17 22:13:00.896,1.05851,1.05889
2013.03.17 22:13:01.315,1.05845,1.0589
2013.03.17 22:13:01.375,1.05845,1.0589
2013.03.17 22:13:01.796,1.05848,1.05894
2013.03.17 22:13:02.135,1.05849,1.05893
2013.03.17 22:13:02.896,1.0585,1.0589
2013.03.17 22:13:03.316,1.0585,1.05885
2013.03.17 22:13:03.883,1.0585,1.05894
2013.03.17 22:13:04.385,1.0585,1.05889
2013.03.17 22:13:05.866,1.05853,1.05894
2013.03.17 22:13:06.387,1.05853,1.05894
2013.03.17 22:13:06.936,1.05847,1.05889
2013.03.17 22:13:07.176,1.05849,1.05893
2013.03.17 22:13:10.886,1.05853,1.05894
2013.03.17 22:13:11.185,1.05854,1.05894
2013.03.17 22:13:11.386,1.05853,1.05894
2013.03.17 22:13:11.566,1.05853,1.05894
2013.03.17 22:13:12.056,1.05854,1.05895
2013.03.17 22:13:12.355,1.05854,1.05898
2013.03.17 22:13:12.878,1.05853,1.05893
2013.03.17 22:13:13.548,1.05853,1.05893
2013.03.17 22:13:14.079,1.05853,1.05893
2013.03.17 22:13:14.276,1.05853,1.05894
2013.03.17 22:13:14.335,1.05853,1.05894
2013.03.17 22:13:19.855,1.05853,1.05886
2013.03.17 22:13:20.095,1.05854,1.05889
2013.03.17 22:13:20.215,1.05854,1.05894
2013.03.17 22:13:20.335,1.05853,1.05901
2013.03.17 22:13:20.515,1.05867,1.05906
2013.03.17 22:13:20.635,1.05867,1.05909
2013.03.17 22:13:20.695,1.05862,1.05915
2013.03.17 22:13:20.945,1.05862,1.05914
2013.03.17 22:13:21.065,1.05862,1.05914
2013.03.17 22:13:21.695,1.05862,1.05916
2013.03.17 22:13:22.015,1.05867,1.05917
2013.03.17 22:13:22.587,1.05863,1.05915
2013.03.17 22:13:23.195,1.05868,1.05921
2013.03.17 22:13:26.185,1.05868,1.05921
2013.03.17 22:13:28.556,1.05868,1.05922
2013.03.17 22:13:28.905,1.05868,1.05922
2013.03.17 22:13:35.513,1.05871,1.05918
2013.03.17 22:13:36.525,1.05873,1.05915
2013.03.17 22:13:37.045,1.05873,1.05915
2013.03.17 22:13:37.346,1.05873,1.05913
2013.03.17 22:13:37.885,1.05874,1.05912
2013.03.17 22:13:38.495,1.05874,1.05913
2013.03.17 22:13:38.675,1.05873,1.05915
2013.03.17 22:13:38.855,1.05871,1.05915
2013.03.17 22:13:39.166,1.05871,1.05909
2013.03.17 22:13:39.405,1.05871,1.05909
2013.03.17 22:13:39.585,1.05871,1.0591
2013.03.17 22:13:40.106,1.05871,1.0591
2013.03.17 22:13:40.415,1.05861,1.05906
2013.03.17 22:13:40.657,1.05866,1.05903
2013.03.17 22:13:40.835,1.05866,1.05903
2013.03.17 22:13:40.895,1.05865,1.05904
2013.03.17 22:13:41.206,1.05866,1.05906
2013.03.17 22:13:42.905,1.05866,1.05906
2013.03.17 22:13:46.165,1.05867,1.05908
2013.03.17 22:13:46.345,1.05867,1.05913
2013.03.17 22:13:46.405,1.05867,1.05913
2013.03.17 22:13:46.906,1.05861,1.05906
2013.03.17 22:13:48.506,1.05867,1.05905
2013.03.17 22:13:49.016,1.05867,1.05905
2013.03.17 22:13:51.836,1.05867,1.05906
2013.03.17 22:13:56.357,1.05858,1.05906
2013.03.17 22:13:56.915,1.05857,1.05906
2013.03.17 22:14:00.157,1.05857,1.05905
2013.03.17 22:14:02.035,1.05857,1.05905
2013.03.17 22:14:02.805,1.05857,1.05905
2013.03.17 22:14:03.002,1.05857,1.05905
2013.03.17 22:14:06.155,1.05861,1.05906
2013.03.17 22:14:06.215,1.05863,1.05908
2013.03.17 22:14:06.485,1.05863,1.05908
2013.03.17 22:14:08.415,1.05859,1.05908
2013.03.17 22:14:08.595,1.05853,1.05906
2013.03.17 22:14:08.955,1.05854,1.059
2013.03.17 22:14:09.075,1.05853,1.059
2013.03.17 22:14:09.585,1.05853,1.05903
2013.03.17 22:14:10.765,1.05853,1.05904
2013.03.17 22:14:11.275,1.05853,1.05904
2013.03.17 22:14:11.732,1.05853,1.05904
2013.03.17 22:14:12.049,1.05853,1.05903
2013.03.17 22:14:12.346,1.05854,1.05897
2013.03.17 22:14:12.655,1.05854,1.059
2013.03.17 22:14:12.775,1.05854,1.05902
2013.03.17 22:14:13.766,1.05847,1.0589
2013.03.17 22:14:13.945,1.0585,1.05893
2013.03.17 22:14:14.065,1.05846,1.05898
2013.03.17 22:14:14.125,1.05846,1.05898
2013.03.17 22:14:14.245,1.05847,1.05898
2013.03.17 22:14:15.416,1.05847,1.05898
2013.03.17 22:14:15.616,1.05847,1.05898
2013.03.17 22:14:15.675,1.05846,1.05896
2013.03.17 22:14:16.035,1.05842,1.05893
2013.03.17 22:14:16.095,1.05847,1.05896
2013.03.17 22:14:16.596,1.05842,1.05898
2013.03.17 22:14:16.836,1.05841,1.05884
2013.03.17 22:14:17.156,1.05838,1.05881
2013.03.17 22:14:17.635,1.05842,1.05881
2013.03.17 22:14:18.157,1.05841,1.05879
2013.03.17 22:14:18.586,1.05841,1.05879
2013.03.17 22:14:21.125,1.05841,1.05885
2013.03.17 22:14:21.185,1.05841,1.05886
2013.03.17 22:14:21.365,1.05841,1.05886
2013.03.17 22:14:21.485,1.05846,1.05892
2013.03.17 22:14:21.605,1.05846,1.05893
2013.03.17 22:14:22.116,1.05849,1.05897
2013.03.17 22:14:22.837,1.05849,1.05893
2013.03.17 22:14:23.195,1.0584,1.05885
2013.03.17 22:14:23.315,1.05839,1.05885
2013.03.17 22:14:23.495,1.05839,1.05889
2013.03.17 22:14:23.855,1.05846,1.05889
2013.03.17 22:14:24.155,1.05841,1.0589
2013.03.17 22:14:24.496,1.05841,1.0589
2013.03.17 22:14:24.646,1.05838,1.05889
2013.03.17 22:14:28.306,1.05839,1.05885
2013.03.17 22:14:29.483,1.05838,1.05886
2013.03.17 22:14:29.795,1.05833,1.05876
2013.03.17 22:14:30.115,1.05831,1.05876
2013.03.17 22:14:31.175,1.05831,1.05876
2013.03.17 22:14:31.726,1.05834,1.05876
2013.03.17 22:14:32.965,1.05834,1.0588
2013.03.17 22:14:34.975,1.05834,1.05867
2013.03.17 22:14:35.337,1.05839,1.05867
2013.03.17 22:14:39.695,1.05839,1.05869
2013.03.17 22:14:40.036,1.05839,1.05869
2013.03.17 22:14:42.015,1.05838,1.05867
2013.03.17 22:14:42.556,1.05838,1.05868
2013.03.17 22:14:44.345,1.05836,1.05866
2013.03.17 22:14:44.866,1.05838,1.05866
2013.03.17 22:14:44.925,1.05838,1.05876
2013.03.17 22:14:45.045,1.05838,1.05874
2013.03.17 22:14:45.105,1.05836,1.05873
2013.03.17 22:14:45.655,1.05836,1.05869
2013.03.17 22:14:45.715,1.05836,1.05869
2013.03.17 22:14:46.236,1.05836,1.05871
2013.03.17 22:14:51.936,1.05839,1.05872
2013.03.17 22:14:52.176,1.0584,1.05883
2013.03.17 22:14:52.305,1.05841,1.05885
2013.03.17 22:14:52.425,1.05838,1.05889
2013.03.17 22:14:52.605,1.05838,1.0589
2013.03.17 22:14:53.108,1.05839,1.0589
2013.03.17 22:14:57.610,1.05838,1.05882
2013.03.17 22:14:57.666,1.05838,1.05882
2013.03.17 22:14:57.725,1.05838,1.05881
2013.03.17 22:15:03.034,1.05839,1.05878
2013.03.17 22:15:03.455,1.05837,1.05873
2013.03.17 22:15:05.585,1.05839,1.05869
2013.03.17 22:15:06.145,1.05838,1.05874
2013.03.17 22:15:08.315,1.05838,1.05873
2013.03.17 22:15:08.746,1.05836,1.05872
2013.03.17 22:15:21.286,1.05839,1.05872
2013.03.17 22:15:31.896,1.05837,1.05868
2013.03.17 22:15:34.295,1.05839,1.05868
2013.03.17 22:15:34.665,1.05837,1.05868
2013.03.17 22:15:57.746,1.05837,1.05871
2013.03.17 22:15:57.865,1.05838,1.05871
2013.03.17 22:16:02.255,1.05838,1.05869
2013.03.17 22:16:06.397,1.05838,1.05869
2013.03.17 22:16:08.176,1.05838,1.05872
2013.03.17 22:16:10.835,1.05838,1.05872
2013.03.17 22:16:11.196,1.05838,1.05869
2013.03.17 22:16:26.145,1.05836,1.05867
2013.03.17 22:16:32.316,1.05836,1.05874
2013.03.17 22:16:36.605,1.05836,1.0587
2013.03.17 22:16:37.349,1.05836,1.05862
2013.03.17 22:16:37.855,1.05839,1.05862
2013.03.17 22:16:38.275,1.05838,1.05874
2013.03.17 22:16:40.126,1.05838,1.05874
2013.03.17 22:16:40.660,1.05839,1.05874
2013.03.17 22:16:40.879,1.05839,1.05873
2013.03.17 22:16:41.539,1.05839,1.05873
2013.03.17 22:16:42.096,1.05839,1.05874
2013.03.17 22:16:42.336,1.05826,1.05873
2013.03.17 22:16:45.405,1.05826,1.05875
2013.03.17 22:16:45.645,1.05826,1.05873
2013.03.17 22:16:45.825,1.05826,1.05873
2013.03.17 22:16:53.967,1.05831,1.05874
2013.03.17 22:16:54.318,1.05831,1.05862
2013.03.17 22:16:55.846,1.05826,1.05874
2013.03.17 22:16:57.355,1.05826,1.05874
2013.03.17 22:17:01.196,1.05836,1.05882
2013.03.17 22:17:01.775,1.05836,1.05882
2013.03.17 22:17:02.071,1.05836,1.05882
2013.03.17 22:17:03.838,1.05836,1.05882
2013.03.17 22:17:04.387,1.05836,1.05882
2013.03.17 22:17:04.865,1.05836,1.05882
2013.03.17 22:17:10.325,1.0584,1.05886
2013.03.17 22:17:10.446,1.05847,1.05887
2013.03.17 22:17:10.506,1.05847,1.05894
2013.03.17 22:17:10.566,1.05847,1.05894
2013.03.17 22:17:10.925,1.05851,1.05894
2013.03.17 22:17:11.045,1.05852,1.05899
2013.03.17 22:17:11.286,1.05857,1.05908
2013.03.17 22:17:13.639,1.05862,1.0591
2013.03.17 22:17:16.259,1.05862,1.05906
2013.03.17 22:17:16.706,1.05862,1.05907
2013.03.17 22:17:17.280,1.05857,1.05907
2013.03.17 22:17:18.535,1.05862,1.05906
2013.03.17 22:17:18.595,1.05863,1.05906
2013.03.17 22:17:18.946,1.05861,1.05898
2013.03.17 22:17:19.265,1.05861,1.05903
2013.03.17 22:17:19.505,1.05862,1.05908
2013.03.17 22:17:19.685,1.05862,1.05909
2013.03.17 22:17:20.123,1.05862,1.05907
2013.03.17 22:17:20.859,1.05862,1.05905
2013.03.17 22:17:21.206,1.05862,1.05904
2013.03.17 22:17:21.506,1.0585,1.05902
2013.03.17 22:17:21.626,1.05851,1.05904
2013.03.17 22:17:23.833,1.05851,1.05903
2013.03.17 22:17:24.086,1.05851,1.05903
2013.03.17 22:17:24.446,1.05842,1.05891
2013.03.17 22:17:24.636,1.05837,1.0589
2013.03.17 22:17:25.856,1.05837,1.05889
2013.03.17 22:17:28.439,1.0585,1.05894
2013.03.17 22:17:28.748,1.05846,1.05898
2013.03.17 22:17:29.147,1.05846,1.05898
2013.03.17 22:17:30.093,1.05851,1.05898
2013.03.17 22:17:30.769,1.05844,1.05889
2013.03.17 22:17:32.073,1.05846,1.05889
2013.03.17 22:17:36.345,1.05846,1.0589
2013.03.17 22:17:36.956,1.05846,1.05889
2013.03.17 22:17:45.488,1.05846,1.0589
2013.03.17 22:17:49.363,1.05844,1.0589
2013.03.17 22:17:50.396,1.0585,1.05894
2013.03.17 22:17:50.456,1.0585,1.05894
2013.03.17 22:17:50.996,1.0585,1.05895
2013.03.17 22:17:54.776,1.05853,1.05898
2013.03.17 22:17:55.136,1.05856,1.05902
2013.03.17 22:17:55.196,1.05856,1.05898
2013.03.17 22:17:55.376,1.05852,1.05895
2013.03.17 22:17:55.496,1.05852,1.05898
2013.03.17 22:17:55.555,1.05856,1.05898
2013.03.17 22:17:55.676,1.05856,1.05903
2013.03.17 22:17:55.916,1.05858,1.05903
2013.03.17 22:17:56.095,1.05861,1.05908
2013.03.17 22:17:56.678,1.0586,1.05909
2013.03.17 22:17:57.283,1.05861,1.05909
2013.03.17 22:17:58.235,1.05861,1.05904
2013.03.17 22:17:58.785,1.05861,1.05905
2013.03.17 22:17:58.845,1.05861,1.05905
2013.03.17 22:17:59.026,1.05866,1.05914
2013.03.17 22:18:00.088,1.05863,1.05908
2013.03.17 22:18:00.426,1.05862,1.05908
2013.03.17 22:18:00.823,1.0586,1.05909
2013.03.17 22:18:03.684,1.05855,1.05906
2013.03.17 22:18:03.793,1.05855,1.05906
2013.03.17 22:18:04.156,1.05854,1.05904
2013.03.17 22:18:04.215,1.05854,1.05903
2013.03.17 22:18:05.368,1.05854,1.05897
2013.03.17 22:18:05.666,1.05841,1.05883
2013.03.17 22:18:06.277,1.05839,1.05882
2013.03.17 22:18:10.250,1.05834,1.05879
2013.03.17 22:18:11.815,1.05837,1.05878
2013.03.17 22:18:11.996,1.05837,1.05878
2013.03.17 22:18:13.625,1.05834,1.05879
2013.03.17 22:18:14.165,1.05833,1.05874
2013.03.17 22:18:14.716,1.05833,1.05874
2013.03.17 22:18:15.926,1.05837,1.05875
2013.03.17 22:18:20.006,1.05837,1.05878
2013.03.17 22:18:24.996,1.05831,1.05881
2013.03.17 22:18:25.055,1.05831,1.05877
2013.03.17 22:18:26.186,1.05837,1.05883
2013.03.17 22:18:26.425,1.05841,1.0589
2013.03.17 22:18:26.546,1.05841,1.05893
2013.03.17 22:18:26.665,1.05841,1.05894
2013.03.17 22:18:27.122,1.05841,1.05893
2013.03.17 22:18:27.662,1.05841,1.05893
2013.03.17 22:18:28.236,1.0585,1.05893
2013.03.17 22:18:28.355,1.0585,1.05894
2013.03.17 22:18:29.405,1.05854,1.05906
2013.03.17 22:18:31.086,1.05854,1.05906
2013.03.17 22:18:31.206,1.05854,1.0589
2013.03.17 22:18:31.326,1.05847,1.0589
2013.03.17 22:18:31.506,1.05838,1.05885
2013.03.17 22:18:31.805,1.05843,1.05885
2013.03.17 22:18:32.046,1.05834,1.05885
2013.03.17 22:18:32.226,1.05833,1.05885
2013.03.17 22:18:32.766,1.05834,1.05885
2013.03.17 22:18:33.626,1.05834,1.05885
2013.03.17 22:18:34.157,1.05834,1.05879
2013.03.17 22:18:34.905,1.05834,1.05879
2013.03.17 22:18:40.377,1.05837,1.0588
2013.03.17 22:18:41.093,1.05836,1.05873
2013.03.17 22:18:45.386,1.0584,1.05874
2013.03.17 22:18:45.936,1.05846,1.05881
2013.03.17 22:18:47.584,1.05843,1.05881
2013.03.17 22:18:47.706,1.05842,1.05881
2013.03.17 22:18:47.826,1.05834,1.05873
2013.03.17 22:18:48.186,1.05846,1.05879
2013.03.17 22:18:49.565,1.05837,1.05885
2013.03.17 22:18:49.746,1.05837,1.05882
2013.03.17 22:18:50.285,1.05837,1.05878
2013.03.17 22:19:00.733,1.05837,1.05882
2013.03.17 22:19:02.106,1.05837,1.05882
2013.03.17 22:19:03.742,1.05837,1.05873
2013.03.17 22:19:04.295,1.05836,1.05869
2013.03.17 22:19:04.416,1.05837,1.05869
2013.03.17 22:19:04.536,1.05837,1.05878
2013.03.17 22:19:05.075,1.05837,1.05881
2013.03.17 22:19:07.585,1.05837,1.05881
2013.03.17 22:19:08.686,1.05837,1.05877
2013.03.17 22:19:08.746,1.05841,1.0587
2013.03.17 22:19:09.298,1.05837,1.05878
2013.03.17 22:19:09.358,1.05839,1.05878
2013.03.17 22:19:09.617,1.05838,1.05881
2013.03.17 22:19:10.086,1.05842,1.05881
2013.03.17 22:19:10.406,1.05837,1.05881
2013.03.17 22:19:11.126,1.05841,1.05881
2013.03.17 22:19:12.313,1.05838,1.05874
2013.03.17 22:19:13.640,1.05842,1.05881
2013.03.17 22:19:13.947,1.05843,1.05878
2013.03.17 22:19:14.126,1.05838,1.05882
2013.03.17 22:19:14.847,1.05852,1.05885
2013.03.17 22:19:17.047,1.05852,1.05885
2013.03.17 22:19:17.406,1.05852,1.05881
2013.03.17 22:19:17.593,1.05852,1.05888
2013.03.17 22:19:17.717,1.05852,1.0589
2013.03.17 22:19:18.076,1.05855,1.05893
2013.03.17 22:19:18.802,1.05857,1.05897
2013.03.17 22:19:20.155,1.05857,1.05899
2013.03.17 22:19:20.811,1.05857,1.05898
2013.03.17 22:19:21.246,1.05857,1.05897
2013.03.17 22:19:27.886,1.05857,1.05893
2013.03.17 22:19:28.006,1.05858,1.05897
2013.03.17 22:19:28.066,1.05856,1.05897
2013.03.17 22:19:28.126,1.05856,1.05897
2013.03.17 22:19:28.789,1.05856,1.05894
2013.03.17 22:19:38.366,1.05856,1.05894
2013.03.17 22:19:40.337,1.05856,1.05894
2013.03.17 22:19:47.556,1.05858,1.05897
2013.03.17 22:19:47.796,1.05859,1.05901
2013.03.17 22:19:47.976,1.05861,1.05901
2013.03.17 22:19:48.589,1.05861,1.05902
2013.03.17 22:19:51.757,1.05861,1.05899
2013.03.17 22:19:52.286,1.05852,1.05902
2013.03.17 22:19:53.300,1.05852,1.05902
2013.03.17 22:19:53.436,1.05871,1.05913
2013.03.17 22:19:53.676,1.05881,1.05919
2013.03.17 22:19:53.928,1.05882,1.05921
2013.03.17 22:19:54.138,1.05886,1.05924
2013.03.17 22:19:56.117,1.05881,1.05921
2013.03.17 22:19:57.311,1.05881,1.05919
2013.03.17 22:19:57.576,1.05879,1.05919
2013.03.17 22:20:00.196,1.05881,1.05925
2013.03.17 22:20:00.316,1.05889,1.05929
2013.03.17 22:20:00.617,1.05891,1.05922
2013.03.17 22:20:00.677,1.05891,1.05929
2013.03.17 22:20:01.127,1.05889,1.05929
2013.03.17 22:20:01.486,1.05888,1.0593
2013.03.17 22:20:01.546,1.05886,1.05926
2013.03.17 22:20:02.239,1.05886,1.05926
2013.03.17 22:20:02.916,1.05886,1.05924
2013.03.17 22:20:03.336,1.05881,1.05924
2013.03.17 22:20:03.906,1.0588,1.05924
2013.03.17 22:20:04.606,1.05881,1.05924
2013.03.17 22:20:06.082,1.0588,1.05921
2013.03.17 22:20:06.426,1.05882,1.05921
2013.03.17 22:20:06.546,1.05882,1.05925
2013.03.17 22:20:06.666,1.05883,1.05927
2013.03.17 22:20:06.966,1.05886,1.0593
2013.03.17 22:20:07.656,1.05886,1.0593
2013.03.17 22:20:07.857,1.05887,1.05921
2013.03.17 22:20:08.276,1.05881,1.05926
2013.03.17 22:20:08.336,1.05881,1.05925
2013.03.17 22:20:08.696,1.05889,1.05929
2013.03.17 22:20:08.876,1.05892,1.05929
2013.03.17 22:20:08.937,1.05892,1.05931
2013.03.17 22:20:09.376,1.05894,1.05938
2013.03.17 22:20:15.091,1.05889,1.05938
2013.03.17 22:20:20.046,1.05895,1.05937
2013.03.17 22:20:20.166,1.05901,1.05938
2013.03.17 22:20:20.286,1.05901,1.05939
2013.03.17 22:20:20.407,1.05893,1.05937
2013.03.17 22:20:20.706,1.05889,1.05936
2013.03.17 22:20:20.826,1.05889,1.05932
2013.03.17 22:20:20.907,1.0589,1.05932
2013.03.17 22:20:20.966,1.05889,1.05932
2013.03.17 22:20:21.086,1.05889,1.05932
2013.03.17 22:20:21.639,1.0589,1.05935
2013.03.17 22:20:24.446,1.05889,1.05934
2013.03.17 22:20:24.806,1.05889,1.0593
2013.03.17 22:20:26.606,1.05889,1.05929
2013.03.17 22:20:27.995,1.05886,1.0593
2013.03.17 22:20:28.376,1.05887,1.05923
2013.03.17 22:20:28.686,1.05877,1.05913
2013.03.17 22:20:28.866,1.0587,1.05914
2013.03.17 22:20:33.067,1.05875,1.05913
2013.03.17 22:20:35.166,1.05875,1.05914
2013.03.17 22:20:35.917,1.05878,1.05918
2013.03.17 22:20:36.157,1.05883,1.05925
2013.03.17 22:20:43.436,1.05887,1.05933
2013.03.17 22:20:45.396,1.05893,1.05934
2013.03.17 22:20:46.030,1.05896,1.05937
2013.03.17 22:20:47.562,1.05891,1.05937
2013.03.17 22:20:47.806,1.05897,1.05937
2013.03.17 22:20:48.167,1.059,1.05949
2013.03.17 22:20:48.286,1.059,1.05945
2013.03.17 22:20:48.347,1.05905,1.05945
2013.03.17 22:20:48.706,1.05907,1.05945
2013.03.17 22:20:51.081,1.05901,1.05949
2013.03.17 22:20:51.317,1.05904,1.05949
2013.03.17 22:20:51.377,1.05896,1.05945
2013.03.17 22:20:51.736,1.05896,1.05937
2013.03.17 22:20:52.876,1.05892,1.05937
2013.03.17 22:20:53.056,1.05894,1.05937
2013.03.17 22:20:53.627,1.05892,1.05938
2013.03.17 22:20:53.836,1.05894,1.05937
2013.03.17 22:20:54.196,1.05901,1.05941
2013.03.17 22:21:00.611,1.05893,1.05945
2013.03.17 22:21:00.787,1.05893,1.05946
2013.03.17 22:21:01.276,1.05892,1.05938
2013.03.17 22:21:03.506,1.05892,1.05941
2013.03.17 22:21:04.008,1.05892,1.05942
2013.03.17 22:21:05.819,1.05892,1.05942
2013.03.17 22:21:06.881,1.059,1.05952
2013.03.17 22:21:07.236,1.05896,1.05943
2013.03.17 22:21:07.297,1.05895,1.05941
2013.03.17 22:21:07.596,1.05892,1.05939
2013.03.17 22:21:11.293,1.05892,1.05939
2013.03.17 22:21:11.716,1.05891,1.05937
2013.03.17 22:21:13.647,1.05891,1.05936
2013.03.17 22:21:13.836,1.05891,1.05936
2013.03.17 22:21:15.176,1.05901,1.05952
2013.03.17 22:21:15.496,1.05896,1.05949
2013.03.17 22:21:17.884,1.05896,1.05949
2013.03.17 22:21:18.694,1.05896,1.05945
2013.03.17 22:21:19.056,1.0589,1.05937
2013.03.17 22:21:26.576,1.05891,1.05937
2013.03.17 22:21:28.101,1.05897,1.05948
2013.03.17 22:21:28.216,1.05897,1.05948
2013.03.17 22:21:28.336,1.05896,1.05944
2013.03.17 22:21:28.577,1.05896,1.0594
2013.03.17 22:21:29.152,1.0589,1.05938
2013.03.17 22:21:30.817,1.05891,1.05934
2013.03.17 22:21:31.987,1.05891,1.05933
2013.03.17 22:21:34.370,1.05891,1.05934
2013.03.17 22:21:34.940,1.05906,1.05949
2013.03.17 22:21:38.110,1.05897,1.05949
2013.03.17 22:21:38.347,1.05893,1.05941
2013.03.17 22:21:38.477,1.05891,1.05937
2013.03.17 22:21:38.537,1.05891,1.05937
2013.03.17 22:21:40.091,1.05891,1.05934
2013.03.17 22:21:40.657,1.05906,1.05946
2013.03.17 22:21:41.357,1.05906,1.05946
2013.03.17 22:21:43.839,1.05897,1.05945
2013.03.17 22:21:44.018,1.05897,1.05941
2013.03.17 22:21:44.256,1.05892,1.05942
2013.03.17 22:21:44.316,1.05892,1.05942
2013.03.17 22:21:48.717,1.05891,1.05938
2013.03.17 22:21:52.136,1.0589,1.05934
2013.03.17 22:21:52.196,1.05894,1.05934
2013.03.17 22:21:52.710,1.05903,1.05941
2013.03.17 22:21:54.279,1.05903,1.05941
2013.03.17 22:21:54.866,1.05903,1.05941
2013.03.17 22:21:59.340,1.059,1.05949
2013.03.17 22:21:59.636,1.05899,1.05949
2013.03.17 22:21:59.757,1.05898,1.05947
2013.03.17 22:22:01.996,1.05892,1.05946
2013.03.17 22:22:03.637,1.05894,1.05946
2013.03.17 22:22:06.796,1.05892,1.05945
2013.03.17 22:22:06.856,1.05892,1.05945
2013.03.17 22:22:07.096,1.05892,1.05945
2013.03.17 22:22:08.815,1.05892,1.05946
2013.03.17 22:22:11.996,1.05892,1.05942
2013.03.17 22:22:14.076,1.05893,1.05942
2013.03.17 22:22:14.337,1.05898,1.05945
2013.03.17 22:22:15.276,1.05895,1.05943
2013.03.17 22:22:18.857,1.05895,1.05941
2013.03.17 22:22:19.156,1.05894,1.05938
2013.03.17 22:22:21.976,1.05893,1.0594
2013.03.17 22:22:25.936,1.05902,1.05941
2013.03.17 22:22:26.116,1.05902,1.05941
2013.03.17 22:22:26.356,1.05899,1.05949
2013.03.17 22:22:31.127,1.05896,1.05945
2013.03.17 22:22:34.608,1.05899,1.05944
2013.03.17 22:22:35.151,1.05903,1.05952
2013.03.17 22:22:35.276,1.05911,1.05951
2013.03.17 22:22:37.516,1.05911,1.05954
2013.03.17 22:22:42.997,1.05911,1.05955
2013.03.17 22:22:43.599,1.05911,1.05955
2013.03.17 22:22:48.869,1.05912,1.05955
2013.03.17 22:22:49.216,1.05905,1.05954
2013.03.17 22:22:56.590,1.05904,1.05948
2013.03.17 22:22:58.587,1.05904,1.05954
2013.03.17 22:22:58.946,1.05907,1.05954
2013.03.17 22:22:59.066,1.05911,1.05954
2013.03.17 22:22:59.278,1.0591,1.05956
2013.03.17 22:22:59.896,1.0591,1.05956
2013.03.17 22:23:00.226,1.05916,1.05956
2013.03.17 22:23:05.867,1.0592,1.05959
2013.03.17 22:23:05.986,1.05921,1.05959
2013.03.17 22:23:06.287,1.05919,1.05957
2013.03.17 22:23:07.826,1.05911,1.05957
2013.03.17 22:23:08.196,1.05914,1.05961
2013.03.17 22:23:08.316,1.05922,1.05961
2013.03.17 22:23:08.688,1.05927,1.0596
2013.03.17 22:23:08.806,1.05926,1.0596
2013.03.17 22:23:08.866,1.05921,1.0596
2013.03.17 22:23:08.926,1.05916,1.0596
2013.03.17 22:23:09.166,1.05911,1.05956
2013.03.17 22:23:09.406,1.05911,1.05956
2013.03.17 22:23:10.347,1.0591,1.05957
2013.03.17 22:23:10.647,1.05922,1.05958
2013.03.17 22:23:11.007,1.05921,1.05957
2013.03.17 22:23:11.067,1.0591,1.05957
2013.03.17 22:23:15.906,1.0591,1.05956
2013.03.17 22:23:20.318,1.05911,1.05954
2013.03.17 22:23:21.937,1.0591,1.05951
2013.03.17 22:23:22.296,1.05906,1.0595
2013.03.17 22:23:27.058,1.05906,1.05951
2013.03.17 22:23:27.476,1.05923,1.05961
2013.03.17 22:23:27.836,1.05926,1.05964
2013.03.17 22:23:27.896,1.05926,1.05966
2013.03.17 22:23:28.217,1.05931,1.05974
2013.03.17 22:23:28.927,1.0593,1.05974
2013.03.17 22:23:29.046,1.0593,1.05974
2013.03.17 22:23:29.346,1.05936,1.05973
2013.03.17 22:23:29.647,1.05938,1.05981
2013.03.17 22:23:30.198,1.05946,1.05983
2013.03.17 22:23:30.517,1.05951,1.05999
2013.03.17 22:23:30.818,1.05961,1.05999
2013.03.17 22:23:31.176,1.05956,1.05999
2013.03.17 22:23:31.302,1.0595,1.05998
2013.03.17 22:23:31.826,1.0595,1.05994
2013.03.17 22:23:32.007,1.05957,1.05998
2013.03.17 22:23:32.426,1.05959,1.06001
2013.03.17 22:23:32.606,1.05959,1.06002
2013.03.17 22:23:33.147,1.05959,1.06
2013.03.17 22:23:34.157,1.05962,1.06006
2013.03.17 22:23:34.277,1.05974,1.06008
2013.03.17 22:23:34.336,1.05974,1.06009
2013.03.17 22:23:34.576,1.05967,1.06007
2013.03.17 22:23:34.877,1.05958,1.06007
2013.03.17 22:23:35.178,1.05957,1.05988
2013.03.17 22:23:35.716,1.05943,1.05985
2013.03.17 22:23:36.026,1.05943,1.05988
2013.03.17 22:23:36.436,1.05942,1.05988
2013.03.17 22:23:36.648,1.05942,1.05983
2013.03.17 22:23:39.176,1.05942,1.05983
2013.03.17 22:23:40.646,1.05942,1.05984
2013.03.17 22:23:41.217,1.05939,1.05988
2013.03.17 22:23:42.106,1.05938,1.05988
2013.03.17 22:23:42.572,1.05938,1.05987
2013.03.17 22:23:42.908,1.05939,1.05984
2013.03.17 22:23:43.298,1.05931,1.05984
2013.03.17 22:23:46.088,1.05931,1.05984
2013.03.17 22:23:46.327,1.0593,1.05978
2013.03.17 22:23:46.566,1.05926,1.05979
2013.03.17 22:23:49.837,1.05925,1.05979
2013.03.17 22:23:51.287,1.05927,1.05979
2013.03.17 22:23:52.299,1.05926,1.05979
2013.03.17 22:23:52.360,1.05926,1.0597
2013.03.17 22:23:52.428,1.05926,1.05968
2013.03.17 22:23:52.487,1.05922,1.05964
2013.03.17 22:23:52.908,1.05911,1.05966
2013.03.17 22:23:53.452,1.05914,1.05968
2013.03.17 22:23:55.376,1.05914,1.05968
2013.03.17 22:24:01.787,1.05915,1.05968
2013.03.17 22:24:02.336,1.05914,1.05966
2013.03.17 22:24:03.607,1.05914,1.05964
2013.03.17 22:24:07.227,1.05915,1.05964
2013.03.17 22:24:07.407,1.05915,1.05968
2013.03.17 22:24:07.468,1.05918,1.05968
2013.03.17 22:24:07.587,1.05927,1.05969
2013.03.17 22:24:08.147,1.05926,1.0597
2013.03.17 22:24:19.676,1.05926,1.0597
2013.03.17 22:24:32.245,1.0593,1.05975
2013.03.17 22:24:33.887,1.0594,1.05978
2013.03.17 22:24:39.387,1.05941,1.05981
2013.03.17 22:24:40.047,1.05941,1.05981
2013.03.17 22:24:40.406,1.05941,1.05988
2013.03.17 22:24:44.557,1.05951,1.05989
2013.03.17 22:24:44.916,1.05955,1.05995
2013.03.17 22:24:45.336,1.05961,1.05998
2013.03.17 22:24:45.696,1.05967,1.06007
2013.03.17 22:24:47.366,1.05956,1.06007
2013.03.17 22:24:47.496,1.05956,1.06006
2013.03.17 22:24:49.567,1.05959,1.05997
2013.03.17 22:24:50.046,1.05955,1.05997
2013.03.17 22:24:53.600,1.05951,1.05998
2013.03.17 22:24:53.956,1.05962,1.06014
2013.03.17 22:24:54.016,1.05961,1.0601
2013.03.17 22:24:54.136,1.05965,1.0601
2013.03.17 22:24:54.316,1.05966,1.06011
2013.03.17 22:24:54.787,1.0597,1.06011
2013.03.17 22:24:55.086,1.05977,1.06015
2013.03.17 22:24:55.467,1.05971,1.06018
2013.03.17 22:24:57.277,1.05971,1.06013
2013.03.17 22:24:57.738,1.05977,1.06013
2013.03.17 22:24:57.987,1.05971,1.06014
2013.03.17 22:24:58.716,1.05971,1.06016
2013.03.17 22:24:59.837,1.05966,1.06006
2013.03.17 22:24:59.897,1.05966,1.06006
2013.03.17 22:24:59.958,1.05965,1.06004
2013.03.17 22:25:00.267,1.05956,1.06
2013.03.17 22:25:00.326,1.05956,1.06
2013.03.17 22:25:00.448,1.05951,1.05999
2013.03.17 22:25:00.566,1.05946,1.05998
2013.03.17 22:25:00.866,1.05946,1.05999
2013.03.17 22:25:01.107,1.05946,1.05998
2013.03.17 22:25:01.636,1.05945,1.05998
2013.03.17 22:25:02.066,1.05947,1.05997
2013.03.17 22:25:02.797,1.05945,1.05993
2013.03.17 22:25:03.354,1.05938,1.05988
2013.03.17 22:25:03.656,1.0596,1.05993
2013.03.17 22:25:05.027,1.05959,1.05993
2013.03.17 22:25:05.507,1.05959,1.05989
2013.03.17 22:25:05.849,1.0595,1.05982
2013.03.17 22:25:06.367,1.0595,1.05983
2013.03.17 22:25:06.726,1.0595,1.05978
2013.03.17 22:25:06.987,1.0594,1.05978
2013.03.17 22:25:07.166,1.0595,1.05989
2013.03.17 22:25:09.888,1.05934,1.05989
2013.03.17 22:25:09.971,1.05934,1.05985
2013.03.17 22:25:10.668,1.05941,1.05993
2013.03.17 22:25:10.796,1.05948,1.05993
2013.03.17 22:25:11.332,1.05948,1.05993
2013.03.17 22:25:12.838,1.05948,1.05991
2013.03.17 22:25:13.076,1.05941,1.05989
2013.03.17 22:25:13.387,1.05941,1.05989
2013.03.17 22:25:13.806,1.05933,1.05983
2013.03.17 22:25:16.907,1.05938,1.05993
2013.03.17 22:25:17.096,1.05949,1.05993
2013.03.17 22:25:17.336,1.05952,1.05999
2013.03.17 22:25:17.397,1.05952,1.05999
2013.03.17 22:25:23.337,1.05951,1.05999
2013.03.17 22:25:25.947,1.05951,1.05999
2013.03.17 22:25:26.667,1.05948,1.05999
2013.03.17 22:25:27.846,1.05938,1.0599
2013.03.17 22:25:28.067,1.05938,1.0599
2013.03.17 22:25:28.706,1.05938,1.0599
2013.03.17 22:25:29.607,1.05938,1.05985
2013.03.17 22:25:30.816,1.05932,1.05983
2013.03.17 22:25:31.587,1.05932,1.05982
2013.03.17 22:25:49.957,1.05941,1.05979
2013.03.17 22:25:50.257,1.0594,1.0598
2013.03.17 22:25:50.317,1.0594,1.0598
2013.03.17 22:25:52.187,1.05935,1.05978
2013.03.17 22:25:52.366,1.05935,1.0598
2013.03.17 22:25:52.598,1.05935,1.0598
2013.03.17 22:26:08.896,1.05936,1.05983
2013.03.17 22:26:12.287,1.05935,1.05983
2013.03.17 22:26:12.616,1.05935,1.05983
2013.03.17 22:26:12.887,1.05936,1.05983
2013.03.17 22:26:13.066,1.05931,1.05982
2013.03.17 22:26:13.246,1.0593,1.05977
2013.03.17 22:26:13.426,1.05927,1.05974
2013.03.17 22:26:13.487,1.05926,1.05973
2013.03.17 22:26:16.586,1.05926,1.05974
2013.03.17 22:26:16.827,1.05933,1.05978
2013.03.17 22:26:17.217,1.05935,1.05977
2013.03.17 22:26:17.397,1.05929,1.0597
2013.03.17 22:26:17.577,1.05926,1.05965
2013.03.17 22:26:17.757,1.05922,1.05968
2013.03.17 22:26:18.272,1.05922,1.05972
2013.03.17 22:26:19.346,1.05931,1.05974
2013.03.17 22:26:19.467,1.05931,1.05978
2013.03.17 22:26:20.137,1.05934,1.0598
2013.03.17 22:26:23.568,1.05931,1.05978
2013.03.17 22:26:23.886,1.05931,1.05978
2013.03.17 22:26:25.426,1.05928,1.05976
2013.03.17 22:26:29.907,1.05931,1.05978
2013.03.17 22:26:30.771,1.05935,1.05979
2013.03.17 22:26:34.065,1.05935,1.05978
2013.03.17 22:26:36.600,1.05935,1.05978
2013.03.17 22:26:37.819,1.05935,1.05978
2013.03.17 22:26:56.427,1.0594,1.05986
2013.03.17 22:26:57.417,1.05955,1.05993
2013.03.17 22:26:57.825,1.05955,1.05998
2013.03.17 22:26:59.607,1.05955,1.05994
2013.03.17 22:27:01.348,1.0595,1.05991
2013.03.17 22:27:04.057,1.0595,1.05991
2013.03.17 22:27:04.408,1.05955,1.05996
2013.03.17 22:27:04.587,1.05966,1.05999
2013.03.17 22:27:04.767,1.05966,1.06004
2013.03.17 22:27:04.827,1.05966,1.06004
2013.03.17 22:27:05.187,1.05966,1.0601
2013.03.17 22:27:05.690,1.05976,1.0601
2013.03.17 22:27:09.017,1.05971,1.06011
2013.03.17 22:27:09.318,1.05982,1.06024
2013.03.17 22:27:09.377,1.05982,1.06024
2013.03.17 22:27:09.559,1.05987,1.06029
2013.03.17 22:27:09.877,1.05987,1.06029
2013.03.17 22:27:10.357,1.05984,1.06031
2013.03.17 22:27:10.677,1.05982,1.06029
2013.03.17 22:27:13.497,1.05989,1.06022
2013.03.17 22:27:13.616,1.05989,1.06022
2013.03.17 22:27:13.858,1.05982,1.06022
2013.03.17 22:27:16.795,1.05987,1.06029
2013.03.17 22:27:21.038,1.05985,1.06014
2013.03.17 22:27:21.459,1.05971,1.06013
2013.03.17 22:27:22.076,1.05971,1.06012
2013.03.17 22:27:24.487,1.0597,1.0601
2013.03.17 22:27:24.889,1.05978,1.06012
2013.03.17 22:27:25.477,1.05985,1.06021
2013.03.17 22:27:25.657,1.0598,1.06021
2013.03.17 22:27:42.698,1.05971,1.0601
2013.03.17 22:27:43.367,1.05967,1.06009
2013.03.17 22:27:43.487,1.05967,1.0601
2013.03.17 22:27:43.668,1.05961,1.06009
2013.03.17 22:27:44.187,1.05957,1.06002
2013.03.17 22:27:44.427,1.05956,1.06002
2013.03.17 22:27:51.157,1.05958,1.06004
2013.03.17 22:27:52.907,1.05955,1.06004
2013.03.17 22:27:53.447,1.05954,1.06003
2013.03.17 22:27:53.897,1.05971,1.06012
2013.03.17 22:27:53.957,1.05971,1.06018
2013.03.17 22:27:54.016,1.05974,1.06018
2013.03.17 22:27:54.077,1.05974,1.06017
2013.03.17 22:27:54.437,1.05975,1.06022
2013.03.17 22:27:54.616,1.05975,1.06024
2013.03.17 22:27:56.814,1.05971,1.06018
2013.03.17 22:27:59.837,1.05971,1.06018
2013.03.17 22:28:00.377,1.05966,1.06013
2013.03.17 22:28:00.554,1.05966,1.06013
2013.03.17 22:28:02.147,1.05966,1.06013
2013.03.17 22:28:06.647,1.05966,1.06008
2013.03.17 22:28:06.827,1.05966,1.06006
2013.03.17 22:28:07.427,1.05957,1.06
2013.03.17 22:28:08.037,1.05953,1.05998
2013.03.17 22:28:08.397,1.05957,1.06005
2013.03.17 22:28:10.344,1.05963,1.06012
2013.03.17 22:28:21.018,1.05961,1.06004
2013.03.17 22:28:21.077,1.0596,1.06002
2013.03.17 22:28:21.437,1.0596,1.06007
2013.03.17 22:28:22.170,1.05961,1.06001
2013.03.17 22:28:24.187,1.05958,1.05998
2013.03.17 22:28:30.047,1.05962,1.06003
2013.03.17 22:28:30.167,1.05962,1.06003
2013.03.17 22:28:30.227,1.05966,1.06008
2013.03.17 22:28:31.407,1.05971,1.06012
