Time,Bid,Ask
2013.03.01 00:00:04.897,1.05293,1.05318
2013.03.01 00:00:04.957,1.05291,1.05318
2013.03.01 00:00:05.287,1.05294,1.05318
2013.03.01 00:00:05.468,1.05296,1.05324
2013.03.01 00:00:05.587,1.05296,1.05322
2013.03.01 00:00:05.717,1.05296,1.05322
2013.03.01 00:00:07.967,1.05292,1.05319
2013.03.01 00:00:08.028,1.05292,1.05319
2013.03.01 00:00:08.568,1.05291,1.05319
2013.03.01 00:00:12.608,1.05292,1.05319
2013.03.01 00:00:12.908,1.05294,1.0532
2013.03.01 00:00:14.557,1.05292,1.05318
2013.03.01 00:00:15.113,1.05292,1.05318
2013.03.01 00:00:34.758,1.05292,1.05319
2013.03.01 00:00:43.928,1.05288,1.05315
2013.03.01 00:00:57.478,1.05292,1.05319
2013.03.01 00:01:01.868,1.05294,1.0532
2013.03.01 00:01:03.868,1.05293,1.05321
2013.03.01 00:01:15.000,1.05293,1.05321
2013.03.01 00:01:23.967,1.05293,1.05321
2013.03.01 00:01:36.108,1.05291,1.05317
2013.03.01 00:01:54.358,1.05289,1.05317
2013.03.01 00:01:54.419,1.05289,1.05315
2013.03.01 00:01:54.478,1.05288,1.05317
2013.03.01 00:01:55.949,1.0529,1.05317
2013.03.01 00:01:56.008,1.05287,1.05316
2013.03.01 00:01:56.369,1.05286,1.05314
2013.03.01 00:01:56.818,1.05288,1.05314
2013.03.01 00:02:16.835,1.05291,1.05314
2013.03.01 00:02:17.560,1.0529,1.05314
2013.03.01 00:02:27.528,1.0529,1.05308
2013.03.01 00:02:30.919,1.05291,1.05311
2013.03.01 00:02:31.279,1.05291,1.05317
2013.03.01 00:02:31.908,1.0529,1.05313
2013.03.01 00:02:32.409,1.05285,1.05312
2013.03.01 00:02:36.501,1.05287,1.05312
2013.03.01 00:02:37.593,1.05288,1.05309
2013.03.01 00:02:39.679,1.05288,1.0531
2013.03.01 00:02:39.859,1.05292,1.0531
2013.03.01 00:02:40.209,1.05293,1.05321
2013.03.01 00:02:42.320,1.05292,1.05321
2013.03.01 00:02:42.438,1.05292,1.05319
2013.03.01 00:02:43.359,1.05293,1.05321
2013.03.01 00:02:43.494,1.05293,1.05322
2013.03.01 00:02:43.560,1.05293,1.05322
2013.03.01 00:02:43.739,1.05299,1.05327
2013.03.01 00:02:51.489,1.05302,1.05328
2013.03.01 00:03:07.849,1.05305,1.05324
2013.03.01 00:03:08.038,1.05302,1.05324
2013.03.01 00:03:28.080,1.053,1.05324
2013.03.01 00:03:54.159,1.053,1.05318
2013.03.01 00:03:55.839,1.053,1.05323
2013.03.01 00:04:08.198,1.05298,1.05323
2013.03.01 00:04:20.619,1.053,1.05324
2013.03.01 00:04:20.738,1.05301,1.05324
2013.03.01 00:04:21.098,1.05298,1.05323
2013.03.01 00:04:23.038,1.053,1.05323
2013.03.01 00:04:23.252,1.05303,1.05323
2013.03.01 00:04:23.794,1.05301,1.05323
2013.03.01 00:04:23.858,1.05301,1.05324
2013.03.01 00:04:23.918,1.05301,1.05324
2013.03.01 00:04:24.248,1.05297,1.05323
2013.03.01 00:04:24.549,1.05304,1.05326
2013.03.01 00:04:24.729,1.05306,1.0533
2013.03.01 00:04:24.848,1.0531,1.05331
2013.03.01 00:04:24.908,1.0531,1.05331
2013.03.01 00:04:25.030,1.0531,1.05331
2013.03.01 00:04:25.183,1.0531,1.05331
2013.03.01 00:04:26.660,1.05306,1.05331
2013.03.01 00:04:26.719,1.05306,1.05331
2013.03.01 00:04:26.779,1.05306,1.05331
2013.03.01 00:04:35.389,1.05307,1.05332
2013.03.01 00:04:35.509,1.0531,1.05336
2013.03.01 00:04:35.628,1.0531,1.05333
2013.03.01 00:04:35.749,1.05306,1.05331
2013.03.01 00:04:35.808,1.05306,1.05331
2013.03.01 00:04:43.045,1.05306,1.05331
2013.03.01 00:04:45.452,1.05311,1.05331
2013.03.01 00:04:45.761,1.05314,1.05333
2013.03.01 00:04:45.831,1.05314,1.05335
2013.03.01 00:04:46.530,1.05314,1.05335
2013.03.01 00:04:46.589,1.05314,1.05335
2013.03.01 00:04:47.679,1.05311,1.05337
2013.03.01 00:04:47.919,1.05308,1.05333
2013.03.01 00:04:48.038,1.05306,1.05331
2013.03.01 00:04:48.098,1.05308,1.05331
2013.03.01 00:04:48.279,1.05308,1.05331
2013.03.01 00:04:48.340,1.05305,1.05331
2013.03.01 00:04:48.492,1.05304,1.05331
2013.03.01 00:04:48.709,1.05308,1.05331
2013.03.01 00:04:48.895,1.05306,1.05331
2013.03.01 00:04:49.199,1.05307,1.05331
2013.03.01 00:04:49.258,1.05307,1.05331
2013.03.01 00:04:54.609,1.05309,1.05335
2013.03.01 00:04:54.728,1.05313,1.05335
2013.03.01 00:05:00.851,1.05311,1.05335
2013.03.01 00:05:00.912,1.0531,1.05335
2013.03.01 00:05:01.099,1.0531,1.05335
2013.03.01 00:05:02.639,1.05308,1.05334
2013.03.01 00:05:02.859,1.05308,1.0533
2013.03.01 00:05:04.949,1.05302,1.05329
2013.03.01 00:05:05.009,1.05302,1.05328
2013.03.01 00:05:05.369,1.05301,1.05323
2013.03.01 00:05:05.490,1.053,1.05325
2013.03.01 00:05:05.729,1.05299,1.05323
2013.03.01 00:05:05.930,1.05299,1.05323
2013.03.01 00:05:05.999,1.05299,1.05323
2013.03.01 00:05:06.118,1.05302,1.05323
2013.03.01 00:05:20.091,1.05302,1.05323
2013.03.01 00:05:20.320,1.05303,1.05328
2013.03.01 00:05:20.380,1.05303,1.05328
2013.03.01 00:05:20.740,1.05298,1.05325
2013.03.01 00:05:20.860,1.05298,1.05324
2013.03.01 00:05:20.979,1.05297,1.05319
2013.03.01 00:05:21.491,1.05298,1.05319
2013.03.01 00:05:26.308,1.05299,1.05324
2013.03.01 00:05:26.490,1.05299,1.05324
2013.03.01 00:05:33.359,1.05298,1.05324
2013.03.01 00:05:33.420,1.053,1.05324
2013.03.01 00:05:34.480,1.053,1.05325
2013.03.01 00:05:34.720,1.053,1.05325
2013.03.01 00:05:35.266,1.053,1.05325
2013.03.01 00:05:35.649,1.05298,1.05325
2013.03.01 00:05:35.709,1.05298,1.05325
2013.03.01 00:05:44.669,1.053,1.05326
2013.03.01 00:05:44.789,1.05305,1.05329
2013.03.01 00:05:47.679,1.05303,1.05328
2013.03.01 00:05:47.739,1.05303,1.05328
2013.03.01 00:05:54.462,1.05302,1.05327
2013.03.01 00:05:55.009,1.053,1.05327
2013.03.01 00:06:07.369,1.05299,1.05326
2013.03.01 00:06:07.549,1.05299,1.0532
2013.03.01 00:06:09.469,1.05295,1.05318
2013.03.01 00:06:20.129,1.05294,1.05317
2013.03.01 00:06:20.309,1.05291,1.05316
2013.03.01 00:06:20.670,1.05291,1.05313
2013.03.01 00:06:20.999,1.05291,1.05313
2013.03.01 00:06:26.860,1.05288,1.05312
2013.03.01 00:06:27.395,1.05286,1.0531
2013.03.01 00:06:32.618,1.05286,1.0531
2013.03.01 00:06:32.679,1.05287,1.05311
2013.03.01 00:06:33.099,1.05291,1.05317
2013.03.01 00:06:33.219,1.05292,1.05317
2013.03.01 00:06:34.344,1.05291,1.05317
2013.03.01 00:06:40.099,1.05292,1.05318
2013.03.01 00:06:40.159,1.05296,1.05322
2013.03.01 00:06:40.339,1.05296,1.05321
2013.03.01 00:06:40.543,1.05296,1.0532
2013.03.01 00:06:46.059,1.05293,1.05318
2013.03.01 00:06:46.179,1.05299,1.05318
2013.03.01 00:06:46.419,1.053,1.05324
2013.03.01 00:06:52.107,1.053,1.05324
2013.03.01 00:06:52.291,1.053,1.05324
2013.03.01 00:07:05.139,1.05297,1.05323
2013.03.01 00:07:05.440,1.05299,1.05323
2013.03.01 00:07:05.499,1.05299,1.05324
2013.03.01 00:07:09.669,1.05296,1.05322
2013.03.01 00:07:09.789,1.05293,1.05318
2013.03.01 00:07:09.849,1.05295,1.05319
2013.03.01 00:07:10.439,1.05299,1.05324
2013.03.01 00:07:17.829,1.05302,1.05325
2013.03.01 00:07:18.130,1.05306,1.05328
2013.03.01 00:07:18.679,1.0531,1.05334
2013.03.01 00:07:18.859,1.0531,1.05335
2013.03.01 00:07:18.979,1.05311,1.05334
2013.03.01 00:07:19.099,1.05311,1.05334
2013.03.01 00:07:19.222,1.0531,1.05334
2013.03.01 00:07:19.580,1.05315,1.05339
2013.03.01 00:07:19.641,1.05315,1.05339
2013.03.01 00:07:19.769,1.05315,1.05337
2013.03.01 00:07:20.089,1.05316,1.05339
2013.03.01 00:07:20.700,1.05316,1.05339
2013.03.01 00:07:20.827,1.05316,1.05339
2013.03.01 00:07:20.949,1.05315,1.05339
2013.03.01 00:07:23.589,1.05313,1.05334
2013.03.01 00:07:23.709,1.05311,1.05334
2013.03.01 00:07:24.129,1.05308,1.05334
2013.03.01 00:07:24.249,1.05308,1.05333
2013.03.01 00:07:24.489,1.05308,1.05334
2013.03.01 00:07:25.556,1.05308,1.05334
2013.03.01 00:07:25.679,1.05308,1.05334
2013.03.01 00:07:26.379,1.05308,1.05334
2013.03.01 00:07:26.455,1.05308,1.05334
2013.03.01 00:07:46.358,1.05311,1.05334
2013.03.01 00:07:46.599,1.05314,1.05334
2013.03.01 00:07:46.720,1.05314,1.05335
2013.03.01 00:07:46.961,1.05317,1.0534
2013.03.01 00:07:47.081,1.05315,1.05335
2013.03.01 00:07:47.140,1.05314,1.05335
2013.03.01 00:07:47.499,1.05316,1.05338
2013.03.01 00:07:47.619,1.05316,1.05338
2013.03.01 00:07:47.740,1.05316,1.05338
2013.03.01 00:07:47.939,1.05315,1.05338
2013.03.01 00:07:48.179,1.05317,1.05338
2013.03.01 00:07:48.540,1.05322,1.05343
2013.03.01 00:07:48.600,1.05321,1.05343
2013.03.01 00:07:48.659,1.05321,1.05343
2013.03.01 00:07:48.720,1.05321,1.0534
2013.03.01 00:07:52.494,1.0532,1.05344
2013.03.01 00:07:52.560,1.05316,1.05343
2013.03.01 00:07:52.740,1.05316,1.05343
2013.03.01 00:07:52.800,1.05316,1.05343
2013.03.01 00:07:53.207,1.05316,1.0534
2013.03.01 00:08:10.137,1.05316,1.05341
2013.03.01 00:08:10.200,1.05316,1.05341
2013.03.01 00:08:10.540,1.05317,1.05341
2013.03.01 00:08:14.389,1.05317,1.05343
2013.03.01 00:08:14.449,1.05317,1.05343
2013.03.01 00:08:14.809,1.05317,1.05343
2013.03.01 00:08:17.095,1.05317,1.05343
2013.03.01 00:08:17.219,1.05317,1.05343
2013.03.01 00:08:17.579,1.05317,1.05343
2013.03.01 00:08:18.846,1.05317,1.05343
2013.03.01 00:08:19.090,1.05317,1.05343
2013.03.01 00:08:19.449,1.05312,1.05335
2013.03.01 00:08:19.509,1.05311,1.05335
2013.03.01 00:08:22.150,1.05311,1.05336
2013.03.01 00:08:22.280,1.05312,1.05338
2013.03.01 00:08:23.135,1.05311,1.05335
2013.03.01 00:08:23.200,1.05311,1.05335
2013.03.01 00:08:23.380,1.05311,1.05338
2013.03.01 00:08:25.301,1.05316,1.05338
2013.03.01 00:08:25.359,1.05317,1.05338
2013.03.01 00:08:25.479,1.05318,1.05338
2013.03.01 00:08:33.369,1.05316,1.05338
2013.03.01 00:08:33.489,1.05314,1.05338
2013.03.01 00:08:33.549,1.05314,1.05338
2013.03.01 00:08:35.369,1.05311,1.05335
2013.03.01 00:08:36.079,1.05308,1.05333
2013.03.01 00:08:39.401,1.05307,1.05331
2013.03.01 00:08:40.075,1.05307,1.05331
2013.03.01 00:08:52.846,1.05307,1.05331
2013.03.01 00:08:52.969,1.05309,1.05333
2013.03.01 00:08:53.781,1.05311,1.05336
2013.03.01 00:08:58.240,1.05309,1.05333
2013.03.01 00:09:17.786,1.05311,1.05333
2013.03.01 00:09:18.091,1.05316,1.05339
2013.03.01 00:09:25.000,1.05318,1.05341
2013.03.01 00:09:27.930,1.05322,1.05343
2013.03.01 00:09:28.352,1.05324,1.0535
2013.03.01 00:09:28.424,1.05329,1.05353
2013.03.01 00:09:28.491,1.05329,1.05353
2013.03.01 00:09:29.376,1.05329,1.05353
2013.03.01 00:09:31.051,1.05329,1.05356
2013.03.01 00:09:47.980,1.05332,1.05356
2013.03.01 00:09:48.100,1.05334,1.05358
2013.03.01 00:09:48.221,1.05334,1.0536
2013.03.01 00:09:48.680,1.05335,1.05358
2013.03.01 00:09:48.740,1.05337,1.05358
2013.03.01 00:09:49.241,1.05338,1.05358
2013.03.01 00:09:49.500,1.05337,1.05358
2013.03.01 00:09:49.559,1.05335,1.05358
2013.03.01 00:10:16.346,1.05337,1.05358
2013.03.01 00:10:16.651,1.05335,1.05358
2013.03.01 00:10:18.811,1.05335,1.05361
2013.03.01 00:10:19.050,1.05335,1.05361
2013.03.01 00:10:19.171,1.05335,1.05361
2013.03.01 00:10:21.111,1.05332,1.05356
2013.03.01 00:10:35.331,1.0533,1.05354
2013.03.01 00:10:36.162,1.0533,1.05354
2013.03.01 00:10:41.682,1.05328,1.05354
2013.03.01 00:10:42.249,1.05327,1.05354
2013.03.01 00:10:43.453,1.05328,1.05354
2013.03.01 00:10:43.781,1.05332,1.05358
2013.03.01 00:10:43.841,1.05332,1.05358
2013.03.01 00:10:44.343,1.05336,1.05359
2013.03.01 00:10:48.342,1.05337,1.05359
2013.03.01 00:10:49.181,1.05336,1.05363
2013.03.01 00:10:58.300,1.05336,1.0536
2013.03.01 00:10:59.980,1.05336,1.05363
2013.03.01 00:11:01.077,1.05338,1.05365
2013.03.01 00:11:03.280,1.0534,1.05364
2013.03.01 00:11:04.016,1.05338,1.05364
2013.03.01 00:11:06.174,1.05338,1.05362
2013.03.01 00:11:06.710,1.05337,1.0536
2013.03.01 00:11:14.490,1.05337,1.0536
2013.03.01 00:11:23.570,1.05337,1.05364
2013.03.01 00:11:27.886,1.05338,1.05362
2013.03.01 00:11:27.950,1.05334,1.0536
2013.03.01 00:11:28.489,1.05332,1.0536
2013.03.01 00:11:28.551,1.0533,1.05353
2013.03.01 00:11:29.040,1.05323,1.05349
2013.03.01 00:11:29.760,1.05326,1.0535
2013.03.01 00:11:30.071,1.05326,1.0535
2013.03.01 00:11:40.100,1.05323,1.0535
2013.03.01 00:11:40.401,1.0532,1.05344
2013.03.01 00:11:41.552,1.05318,1.05344
2013.03.01 00:11:41.711,1.05314,1.05341
2013.03.01 00:11:42.013,1.05317,1.05341
2013.03.01 00:11:42.130,1.05316,1.05341
2013.03.01 00:11:42.323,1.05313,1.05341
2013.03.01 00:11:42.544,1.05316,1.05341
2013.03.01 00:11:42.750,1.05313,1.05341
2013.03.01 00:11:44.547,1.05316,1.05341
2013.03.01 00:11:44.870,1.05319,1.05343
2013.03.01 00:11:46.047,1.05316,1.05343
2013.03.01 00:11:47.383,1.05319,1.05343
2013.03.01 00:11:47.671,1.05319,1.05343
2013.03.01 00:11:48.051,1.05317,1.05344
2013.03.01 00:11:48.260,1.05316,1.05343
2013.03.01 00:11:52.710,1.05312,1.05339
2013.03.01 00:11:52.770,1.05313,1.05335
2013.03.01 00:11:53.160,1.05311,1.05335
2013.03.01 00:11:53.221,1.05311,1.05334
2013.03.01 00:11:53.340,1.05309,1.05333
2013.03.01 00:11:53.521,1.05309,1.05333
2013.03.01 00:11:53.880,1.05312,1.05335
2013.03.01 00:11:54.120,1.05312,1.05338
2013.03.01 00:11:54.240,1.05309,1.05334
2013.03.01 00:11:54.309,1.05309,1.05333
2013.03.01 00:11:55.592,1.05309,1.05333
2013.03.01 00:11:55.951,1.05307,1.05333
2013.03.01 00:11:56.011,1.05314,1.05334
2013.03.01 00:11:56.130,1.05312,1.05334
2013.03.01 00:11:56.190,1.05308,1.05335
2013.03.01 00:11:56.360,1.05307,1.05333
2013.03.01 00:11:56.420,1.05306,1.05331
2013.03.01 00:11:57.220,1.05302,1.05328
2013.03.01 00:11:58.054,1.05302,1.05328
2013.03.01 00:11:58.532,1.05302,1.05328
2013.03.01 00:11:58.650,1.05308,1.05329
2013.03.01 00:11:58.891,1.05308,1.05329
2013.03.01 00:11:59.251,1.05312,1.05334
2013.03.01 00:11:59.790,1.05312,1.05336
2013.03.01 00:12:00.816,1.0531,1.05334
2013.03.01 00:12:01.171,1.05308,1.05327
2013.03.01 00:12:01.291,1.05307,1.0533
2013.03.01 00:12:01.350,1.05307,1.0533
2013.03.01 00:12:02.515,1.05308,1.0533
2013.03.01 00:12:03.050,1.05305,1.0533
2013.03.01 00:12:08.861,1.05301,1.05327
2013.03.01 00:12:08.980,1.05301,1.05326
2013.03.01 00:12:09.400,1.05301,1.05323
2013.03.01 00:12:09.761,1.05302,1.05327
2013.03.01 00:12:12.120,1.05303,1.05327
2013.03.01 00:12:12.180,1.05304,1.05327
2013.03.01 00:12:12.301,1.05304,1.05329
2013.03.01 00:12:18.074,1.05304,1.05327
2013.03.01 00:12:18.194,1.05303,1.05326
2013.03.01 00:12:18.260,1.05302,1.05326
2013.03.01 00:12:19.630,1.05301,1.0532
2013.03.01 00:12:19.754,1.05293,1.05317
2013.03.01 00:12:20.181,1.05293,1.05315
2013.03.01 00:12:20.661,1.05293,1.05315
2013.03.01 00:12:20.781,1.05292,1.05314
2013.03.01 00:12:21.398,1.05292,1.05314
2013.03.01 00:12:22.012,1.05292,1.05315
2013.03.01 00:12:22.190,1.05293,1.05317
2013.03.01 00:12:22.311,1.05296,1.0532
2013.03.01 00:12:22.822,1.05296,1.05324
2013.03.01 00:12:23.352,1.05296,1.05324
2013.03.01 00:12:23.411,1.05294,1.05315
2013.03.01 00:12:23.470,1.05293,1.05315
2013.03.01 00:12:23.590,1.05294,1.05317
2013.03.01 00:12:26.110,1.05296,1.05317
2013.03.01 00:12:26.171,1.05296,1.05317
2013.03.01 00:12:26.734,1.05296,1.05324
2013.03.01 00:12:28.852,1.05296,1.05323
2013.03.01 00:12:28.910,1.05296,1.05322
2013.03.01 00:12:31.443,1.05294,1.05319
2013.03.01 00:12:31.842,1.05294,1.05321
2013.03.01 00:12:31.900,1.05294,1.05321
2013.03.01 00:12:32.100,1.05294,1.05321
2013.03.01 00:12:32.260,1.05294,1.05319
2013.03.01 00:12:32.951,1.05294,1.05319
2013.03.01 00:12:34.051,1.05292,1.05317
2013.03.01 00:12:35.421,1.05292,1.05309
2013.03.01 00:12:35.961,1.0529,1.05309
2013.03.01 00:12:37.060,1.05292,1.05314
2013.03.01 00:12:37.180,1.0529,1.05309
2013.03.01 00:12:37.420,1.05292,1.05316
2013.03.01 00:12:37.724,1.05289,1.0531
2013.03.01 00:12:38.328,1.0529,1.0531
2013.03.01 00:12:38.691,1.05292,1.05316
2013.03.01 00:12:38.930,1.05293,1.05317
2013.03.01 00:12:38.991,1.05293,1.05318
2013.03.01 00:12:39.641,1.05298,1.05321
2013.03.01 00:12:39.900,1.05298,1.05322
2013.03.01 00:12:39.961,1.05301,1.05326
2013.03.01 00:13:00.680,1.05302,1.05329
2013.03.01 00:13:21.456,1.05305,1.05329
2013.03.01 00:13:33.421,1.05305,1.0532
2013.03.01 00:13:33.660,1.05305,1.05327
2013.03.01 00:13:41.707,1.05305,1.05329
2013.03.01 00:13:50.286,1.05307,1.05329
2013.03.01 00:13:51.641,1.0531,1.05331
2013.03.01 00:13:52.160,1.05311,1.05337
2013.03.01 00:13:52.410,1.05314,1.05337
2013.03.01 00:13:52.470,1.05314,1.05338
2013.03.01 00:13:52.650,1.05313,1.05338
2013.03.01 00:13:52.710,1.05312,1.05337
2013.03.01 00:13:52.770,1.05312,1.05337
2013.03.01 00:14:11.630,1.05312,1.05338
2013.03.01 00:14:14.393,1.05312,1.05338
2013.03.01 00:14:16.619,1.05308,1.05331
2013.03.01 00:14:16.681,1.05307,1.05331
2013.03.01 00:14:17.200,1.05306,1.05329
2013.03.01 00:14:37.691,1.05306,1.05331
2013.03.01 00:14:49.872,1.05302,1.05326
2013.03.01 00:14:50.121,1.05299,1.05326
2013.03.01 00:14:50.781,1.05299,1.0532
2013.03.01 00:14:58.560,1.05298,1.0532
2013.03.01 00:14:58.681,1.05297,1.0532
2013.03.01 00:15:18.770,1.05297,1.0532
2013.03.01 00:15:27.050,1.05295,1.0532
2013.03.01 00:15:29.671,1.05297,1.0532
2013.03.01 00:15:30.321,1.05292,1.05316
2013.03.01 00:16:13.411,1.05289,1.05315
2013.03.01 00:16:13.721,1.05289,1.05314
2013.03.01 00:16:14.081,1.0529,1.0531
2013.03.01 00:16:14.200,1.0529,1.05311
2013.03.01 00:16:14.440,1.05292,1.05316
2013.03.01 00:16:14.681,1.0529,1.05313
2013.03.01 00:16:15.249,1.0529,1.05313
2013.03.01 00:16:15.450,1.0529,1.05316
2013.03.01 00:16:16.370,1.05293,1.05316
2013.03.01 00:16:16.991,1.05296,1.0532
2013.03.01 00:16:17.450,1.05299,1.05326
2013.03.01 00:16:17.810,1.05302,1.05323
2013.03.01 00:16:21.271,1.05302,1.05326
2013.03.01 00:16:21.451,1.05303,1.05326
2013.03.01 00:16:21.752,1.05307,1.05333
2013.03.01 00:16:22.501,1.05307,1.05332
2013.03.01 00:16:23.136,1.05307,1.05331
2013.03.01 00:16:30.330,1.05306,1.05331
2013.03.01 00:16:30.632,1.05302,1.05326
2013.03.01 00:16:31.218,1.05301,1.05321
2013.03.01 00:16:32.131,1.05302,1.05321
2013.03.01 00:16:32.460,1.05301,1.05316
2013.03.01 00:16:34.067,1.05301,1.05315
2013.03.01 00:16:35.144,1.05301,1.05316
2013.03.01 00:16:43.429,1.05301,1.05322
2013.03.01 00:16:50.701,1.05302,1.05324
2013.03.01 00:16:51.271,1.05304,1.05324
2013.03.01 00:16:58.991,1.05301,1.05316
2013.03.01 00:17:07.680,1.05304,1.05321
2013.03.01 00:17:11.666,1.05304,1.05323
2013.03.01 00:17:13.221,1.05303,1.05325
2013.03.01 00:17:15.303,1.05308,1.05325
2013.03.01 00:17:17.251,1.05312,1.05325
2013.03.01 00:17:17.511,1.05312,1.05334
2013.03.01 00:17:17.751,1.05312,1.05334
2013.03.01 00:17:25.650,1.05312,1.05334
2013.03.01 00:17:32.721,1.0531,1.05325
2013.03.01 00:17:34.451,1.05308,1.05325
2013.03.01 00:17:34.542,1.05307,1.05325
2013.03.01 00:17:35.801,1.05307,1.0533
2013.03.01 00:17:43.557,1.05309,1.05335
2013.03.01 00:17:43.751,1.05309,1.05335
2013.03.01 00:17:43.942,1.05307,1.05331
2013.03.01 00:17:54.615,1.05307,1.05331
2013.03.01 00:18:07.765,1.05307,1.05331
2013.03.01 00:18:08.106,1.05311,1.05331
2013.03.01 00:18:10.210,1.05312,1.05335
2013.03.01 00:18:10.331,1.05312,1.05335
2013.03.01 00:18:10.433,1.05312,1.05335
2013.03.01 00:18:23.752,1.05309,1.05331
2013.03.01 00:18:25.521,1.05306,1.0533
2013.03.01 00:18:30.171,1.05305,1.05329
2013.03.01 00:18:30.464,1.05306,1.0533
2013.03.01 00:18:32.681,1.05306,1.05331
2013.03.01 00:18:33.012,1.0531,1.05336
2013.03.01 00:18:50.641,1.05306,1.0533
2013.03.01 00:18:55.471,1.05305,1.0533
2013.03.01 00:18:56.097,1.05306,1.0533
2013.03.01 00:19:01.120,1.05305,1.0533
2013.03.01 00:19:02.597,1.05305,1.0533
2013.03.01 00:19:06.661,1.05305,1.05329
2013.03.01 00:19:07.318,1.05305,1.0533
2013.03.01 00:19:07.652,1.05305,1.05329
2013.03.01 00:19:10.671,1.05302,1.05328
2013.03.01 00:19:47.105,1.05297,1.05322
2013.03.01 00:19:47.798,1.05297,1.05317
2013.03.01 00:19:52.560,1.05297,1.05313
2013.03.01 00:19:52.890,1.05296,1.05313
2013.03.01 00:19:53.242,1.05296,1.05308
2013.03.01 00:19:53.916,1.05296,1.05303
2013.03.01 00:19:54.094,1.05287,1.05303
2013.03.01 00:19:55.130,1.05287,1.05309
2013.03.01 00:19:56.310,1.05292,1.05313
2013.03.01 00:19:56.374,1.05287,1.05313
2013.03.01 00:19:58.138,1.05292,1.05313
2013.03.01 00:19:58.830,1.05296,1.0532
2013.03.01 00:20:02.140,1.05293,1.05317
2013.03.01 00:20:02.926,1.05289,1.05312
2013.03.01 00:20:03.050,1.05286,1.05312
2013.03.01 00:20:03.304,1.05286,1.05314
2013.03.01 00:20:03.419,1.05291,1.05319
2013.03.01 00:20:04.099,1.05289,1.05317
2013.03.01 00:20:04.159,1.05284,1.05312
2013.03.01 00:20:07.340,1.05286,1.05312
2013.03.01 00:20:07.399,1.05287,1.05314
2013.03.01 00:20:07.460,1.05291,1.05318
2013.03.01 00:20:07.594,1.05291,1.05317
2013.03.01 00:20:07.971,1.05295,1.05322
2013.03.01 00:20:09.793,1.05296,1.05322
2013.03.01 00:20:10.343,1.05296,1.05323
2013.03.01 00:20:12.120,1.05297,1.05327
2013.03.01 00:20:12.735,1.05302,1.05329
2013.03.01 00:20:13.950,1.05304,1.05329
2013.03.01 00:20:14.394,1.05309,1.05329
2013.03.01 00:20:18.290,1.05304,1.05329
2013.03.01 00:20:38.650,1.05306,1.05329
2013.03.01 00:20:50.739,1.05299,1.05328
2013.03.01 00:20:54.772,1.05299,1.05323
2013.03.01 00:20:57.634,1.05299,1.05323
2013.03.01 00:20:58.051,1.05298,1.05323
2013.03.01 00:21:08.486,1.05302,1.05325
2013.03.01 00:21:09.005,1.05306,1.05325
2013.03.01 00:21:12.396,1.05306,1.05329
2013.03.01 00:21:49.659,1.05305,1.05329
2013.03.01 00:21:58.154,1.05301,1.05327
2013.03.01 00:21:58.224,1.053,1.05327
2013.03.01 00:22:04.083,1.05302,1.05328
2013.03.01 00:22:04.439,1.05309,1.05329
2013.03.01 00:22:09.280,1.05304,1.05329
2013.03.01 00:22:15.970,1.05309,1.05329
2013.03.01 00:22:16.671,1.05304,1.05329
2013.03.01 00:22:18.130,1.05302,1.05325
2013.03.01 00:22:18.190,1.053,1.05325
2013.03.01 00:22:18.250,1.05304,1.05325
2013.03.01 00:22:20.020,1.05307,1.05331
2013.03.01 00:22:20.405,1.05313,1.05335
2013.03.01 00:22:20.470,1.05309,1.05335
2013.03.01 00:22:21.591,1.05309,1.05336
2013.03.01 00:22:28.399,1.05309,1.05334
2013.03.01 00:22:28.519,1.05304,1.0533
2013.03.01 00:22:31.149,1.05306,1.05332
2013.03.01 00:22:32.559,1.05304,1.0533
2013.03.01 00:22:32.679,1.053,1.05326
2013.03.01 00:22:32.919,1.05299,1.05326
2013.03.01 00:22:33.755,1.05301,1.05327
2013.03.01 00:22:35.300,1.05303,1.05329
2013.03.01 00:22:35.419,1.05296,1.05325
2013.03.01 00:22:35.631,1.05297,1.05325
2013.03.01 00:22:35.749,1.05304,1.05326
2013.03.01 00:22:38.601,1.05305,1.05332
2013.03.01 00:22:38.831,1.05305,1.05333
2013.03.01 00:22:38.900,1.05309,1.05335
2013.03.01 00:22:48.239,1.05306,1.05333
2013.03.01 00:22:49.610,1.05306,1.05333
2013.03.01 00:22:50.200,1.05311,1.05334
2013.03.01 00:22:50.379,1.05311,1.05338
2013.03.01 00:22:52.139,1.05311,1.05338
2013.03.01 00:22:53.799,1.05316,1.05341
2013.03.01 00:22:54.940,1.05316,1.05344
2013.03.01 00:22:56.149,1.05314,1.05341
2013.03.01 00:22:56.459,1.05312,1.05336
2013.03.01 00:22:56.948,1.05312,1.05336
2013.03.01 00:22:57.403,1.05315,1.05341
2013.03.01 00:22:58.119,1.05315,1.05338
2013.03.01 00:22:58.541,1.05311,1.05337
2013.03.01 00:22:58.684,1.05309,1.05337
2013.03.01 00:22:58.842,1.05309,1.05337
2013.03.01 00:23:00.582,1.05309,1.05334
2013.03.01 00:23:00.699,1.05311,1.05334
2013.03.01 00:23:01.054,1.05314,1.05338
2013.03.01 00:23:01.790,1.05314,1.05338
2013.03.01 00:23:02.589,1.05317,1.05343
2013.03.01 00:23:02.760,1.05317,1.05343
2013.03.01 00:23:03.089,1.0532,1.05346
2013.03.01 00:23:04.217,1.0532,1.05343
2013.03.01 00:23:08.760,1.05314,1.05342
2013.03.01 00:23:09.079,1.05311,1.05337
2013.03.01 00:23:09.420,1.05311,1.05336
2013.03.01 00:23:10.050,1.05311,1.05337
2013.03.01 00:23:10.655,1.05316,1.05339
2013.03.01 00:23:18.747,1.05316,1.05341
2013.03.01 00:23:23.651,1.05316,1.05339
2013.03.01 00:23:31.189,1.05316,1.05339
2013.03.01 00:23:31.301,1.05316,1.05339
2013.03.01 00:23:32.526,1.05316,1.0534
2013.03.01 00:23:36.926,1.05316,1.05339
2013.03.01 00:23:37.710,1.05316,1.0534
2013.03.01 00:23:43.011,1.05317,1.0534
2013.03.01 00:23:43.202,1.05316,1.0534
2013.03.01 00:23:43.260,1.05314,1.0534
2013.03.01 00:23:45.000,1.05314,1.05337
2013.03.01 00:23:46.067,1.05314,1.05336
2013.03.01 00:23:47.596,1.05312,1.05334
2013.03.01 00:23:47.720,1.05308,1.05334
2013.03.01 00:23:48.439,1.05307,1.05333
2013.03.01 00:23:50.580,1.05307,1.05334
2013.03.01 00:23:50.800,1.05307,1.05334
2013.03.01 00:23:52.560,1.05307,1.05333
2013.03.01 00:23:55.038,1.05311,1.05336
2013.03.01 00:23:55.340,1.05321,1.05345
2013.03.01 00:23:55.860,1.05321,1.05345
2013.03.01 00:23:56.081,1.05321,1.05345
2013.03.01 00:24:00.368,1.05312,1.05336
2013.03.01 00:24:00.590,1.05319,1.05343
2013.03.01 00:24:01.199,1.05317,1.05338
2013.03.01 00:24:01.477,1.05319,1.05338
2013.03.01 00:24:02.581,1.05319,1.05345
2013.03.01 00:24:02.790,1.05321,1.05347
2013.03.01 00:24:03.031,1.05321,1.05345
2013.03.01 00:24:04.121,1.05321,1.05345
2013.03.01 00:24:04.251,1.05321,1.05345
2013.03.01 00:24:04.332,1.05321,1.05345
2013.03.01 00:24:04.510,1.05325,1.05351
2013.03.01 00:24:11.084,1.05324,1.05351
2013.03.01 00:24:11.531,1.05318,1.05346
2013.03.01 00:24:13.571,1.0532,1.05348
2013.03.01 00:24:13.790,1.05318,1.05346
2013.03.01 00:24:14.120,1.0532,1.05348
2013.03.01 00:24:14.361,1.05318,1.05346
2013.03.01 00:24:14.421,1.05314,1.0534
2013.03.01 00:24:14.561,1.05313,1.0534
2013.03.01 00:24:14.685,1.05311,1.05339
2013.03.01 00:24:14.750,1.0531,1.05337
2013.03.01 00:24:14.810,1.05312,1.05339
2013.03.01 00:24:14.871,1.05315,1.05341
2013.03.01 00:24:15.011,1.05312,1.05339
2013.03.01 00:24:15.071,1.05311,1.05338
2013.03.01 00:24:15.131,1.05311,1.05339
2013.03.01 00:24:15.190,1.05316,1.05343
2013.03.01 00:24:20.420,1.05316,1.05343
2013.03.01 00:24:23.581,1.05316,1.05343
2013.03.01 00:24:23.850,1.05322,1.05348
2013.03.01 00:24:24.570,1.05319,1.05345
2013.03.01 00:24:24.751,1.05316,1.05341
2013.03.01 00:24:25.619,1.05317,1.05341
2013.03.01 00:24:32.181,1.05311,1.05337
2013.03.01 00:24:32.410,1.05318,1.05338
2013.03.01 00:24:32.531,1.05318,1.05344
2013.03.01 00:24:33.146,1.05321,1.05344
2013.03.01 00:24:36.131,1.05322,1.05347
2013.03.01 00:24:36.310,1.05324,1.05352
2013.03.01 00:24:36.815,1.05326,1.05352
2013.03.01 00:24:37.630,1.0532,1.05346
2013.03.01 00:24:37.841,1.0532,1.05348
2013.03.01 00:24:38.631,1.0532,1.05348
2013.03.01 00:24:38.770,1.05322,1.05348
2013.03.01 00:24:39.178,1.05326,1.0535
2013.03.01 00:24:44.580,1.05324,1.0535
2013.03.01 00:24:45.160,1.0532,1.05348
2013.03.01 00:24:46.076,1.0532,1.05347
2013.03.01 00:24:47.289,1.05318,1.05346
2013.03.01 00:24:47.953,1.05318,1.0534
2013.03.01 00:24:48.471,1.05318,1.05341
2013.03.01 00:25:01.703,1.05316,1.05343
2013.03.01 00:25:01.928,1.05316,1.0534
2013.03.01 00:25:02.703,1.05312,1.05336
2013.03.01 00:25:03.125,1.05312,1.05336
2013.03.01 00:25:07.195,1.05308,1.05333
2013.03.01 00:25:26.680,1.05311,1.05334
2013.03.01 00:25:27.300,1.05311,1.05334
2013.03.01 00:25:40.917,1.05311,1.05334
2013.03.01 00:25:41.386,1.05311,1.05334
2013.03.01 00:25:51.100,1.05307,1.05333
2013.03.01 00:25:51.410,1.05304,1.05322
2013.03.01 00:25:58.606,1.05304,1.0532
2013.03.01 00:26:18.973,1.05294,1.05319
2013.03.01 00:26:23.950,1.05289,1.05314
2013.03.01 00:26:24.070,1.05289,1.05314
2013.03.01 00:26:24.993,1.05286,1.05315
2013.03.01 00:26:28.877,1.05283,1.05309
2013.03.01 00:26:29.181,1.05281,1.05305
2013.03.01 00:26:29.760,1.05282,1.0531
2013.03.01 00:26:29.831,1.05283,1.05311
2013.03.01 00:26:49.800,1.0528,1.05308
2013.03.01 00:26:51.298,1.0528,1.05308
2013.03.01 00:26:51.850,1.0528,1.05308
2013.03.01 00:26:56.201,1.0528,1.05308
2013.03.01 00:27:00.100,1.0528,1.05308
2013.03.01 00:27:09.117,1.05281,1.05308
2013.03.01 00:27:09.706,1.0528,1.05308
2013.03.01 00:27:10.407,1.0528,1.05309
2013.03.01 00:27:15.567,1.0528,1.05308
2013.03.01 00:27:16.157,1.05283,1.05308
2013.03.01 00:27:17.419,1.05283,1.05307
2013.03.01 00:27:19.286,1.05283,1.05307
2013.03.01 00:27:20.312,1.05282,1.05307
2013.03.01 00:27:20.897,1.0528,1.05307
2013.03.01 00:27:24.390,1.05278,1.05305
2013.03.01 00:27:24.541,1.05276,1.05301
2013.03.01 00:27:26.786,1.05276,1.05303
2013.03.01 00:27:27.121,1.05276,1.05301
2013.03.01 00:27:27.180,1.05276,1.05301
2013.03.01 00:27:52.520,1.05272,1.05298
2013.03.01 00:27:53.670,1.05272,1.05299
2013.03.01 00:28:13.096,1.05272,1.05297
2013.03.01 00:28:13.160,1.05271,1.05297
2013.03.01 00:28:14.710,1.0527,1.05298
2013.03.01 00:28:22.030,1.05272,1.05298
2013.03.01 00:28:22.090,1.05277,1.05298
2013.03.01 00:28:22.411,1.05275,1.05298
2013.03.01 00:28:23.090,1.05271,1.05298
2013.03.01 00:28:23.669,1.0527,1.05294
2013.03.01 00:28:31.441,1.05267,1.05295
2013.03.01 00:28:31.640,1.05267,1.05292
2013.03.01 00:28:32.307,1.05266,1.05292
2013.03.01 00:28:37.875,1.05267,1.05293
2013.03.01 00:28:38.633,1.05272,1.05298
2013.03.01 00:28:52.398,1.05266,1.05293
2013.03.01 00:29:05.381,1.05272,1.05297
2013.03.01 00:29:14.085,1.05276,1.05299
2013.03.01 00:29:14.260,1.05272,1.05297
2013.03.01 00:29:14.570,1.05269,1.05293
2013.03.01 00:29:17.065,1.05267,1.05293
2013.03.01 00:29:17.875,1.05267,1.05293
2013.03.01 00:29:24.545,1.05266,1.05292
2013.03.01 00:29:25.131,1.05267,1.05293
2013.03.01 00:29:25.191,1.05267,1.05293
2013.03.01 00:29:33.785,1.05266,1.05292
2013.03.01 00:29:33.841,1.05262,1.05288
2013.03.01 00:29:33.901,1.05262,1.05288
2013.03.01 00:29:34.338,1.05262,1.0529
2013.03.01 00:29:34.482,1.05266,1.05292
2013.03.01 00:29:34.541,1.05267,1.05294
2013.03.01 00:29:35.401,1.05267,1.05294
2013.03.01 00:29:35.951,1.05267,1.05294
2013.03.01 00:29:37.773,1.05267,1.05294
2013.03.01 00:29:40.961,1.05267,1.05294
2013.03.01 00:30:05.051,1.05267,1.05294
2013.03.01 00:30:05.391,1.05267,1.05294
2013.03.01 00:30:29.680,1.05267,1.05294
2013.03.01 00:30:34.305,1.05267,1.05294
2013.03.01 00:30:34.784,1.0526,1.05303
2013.03.01 00:30:35.686,1.05264,1.05291
2013.03.01 00:30:45.314,1.05265,1.05291
2013.03.01 00:30:45.531,1.0527,1.05294
2013.03.01 00:30:47.891,1.0527,1.05294
2013.03.01 00:30:48.274,1.05266,1.05294
2013.03.01 00:30:48.336,1.05264,1.0529
2013.03.01 00:30:50.741,1.05264,1.0529
2013.03.01 00:31:00.321,1.05264,1.05288
2013.03.01 00:31:00.750,1.05264,1.0529
2013.03.01 00:31:03.073,1.05264,1.0529
2013.03.01 00:31:04.282,1.05264,1.0529
2013.03.01 00:31:05.537,1.05264,1.0529
2013.03.01 00:31:07.739,1.05264,1.0529
2013.03.01 00:31:08.124,1.05264,1.0529
2013.03.01 00:31:08.238,1.05264,1.0529
2013.03.01 00:31:09.141,1.05264,1.0529
2013.03.01 00:31:13.033,1.05264,1.05289
2013.03.01 00:31:13.212,1.0526,1.05283
2013.03.01 00:31:13.406,1.0526,1.05283
2013.03.01 00:31:14.632,1.05259,1.05278
2013.03.01 00:31:14.971,1.05251,1.05275
2013.03.01 00:31:29.317,1.05253,1.05273
2013.03.01 00:31:31.077,1.05254,1.05274
2013.03.01 00:31:49.371,1.05249,1.05265
2013.03.01 00:31:49.583,1.0525,1.05265
2013.03.01 00:32:11.611,1.0525,1.05269
2013.03.01 00:32:24.352,1.05246,1.05268
2013.03.01 00:32:27.159,1.05245,1.05268
2013.03.01 00:32:29.688,1.05246,1.05269
2013.03.01 00:32:32.601,1.05247,1.05271
2013.03.01 00:32:32.721,1.05252,1.05273
2013.03.01 00:32:33.611,1.05256,1.05277
2013.03.01 00:32:33.730,1.05253,1.05278
2013.03.01 00:32:34.371,1.05256,1.05278
2013.03.01 00:32:39.202,1.05256,1.0528
2013.03.01 00:32:41.414,1.05258,1.05284
2013.03.01 00:32:41.681,1.05261,1.05285
2013.03.01 00:32:46.270,1.05259,1.05279
2013.03.01 00:33:00.821,1.05256,1.05279
2013.03.01 00:33:15.064,1.05256,1.05282
2013.03.01 00:33:22.877,1.05256,1.05279
2013.03.01 00:34:00.944,1.05252,1.05284
2013.03.01 00:34:03.021,1.05257,1.05284
2013.03.01 00:34:03.801,1.05258,1.05284
2013.03.01 00:34:18.731,1.05264,1.05288
2013.03.01 00:34:18.817,1.05264,1.05289
2013.03.01 00:35:04.127,1.05263,1.05291
2013.03.01 00:35:06.689,1.05263,1.0529
2013.03.01 00:35:27.664,1.05262,1.0529
2013.03.01 00:35:44.633,1.05263,1.05287
2013.03.01 00:35:44.694,1.05259,1.05285
2013.03.01 00:35:44.822,1.05259,1.05284
2013.03.01 00:35:45.860,1.05262,1.05288
2013.03.01 00:36:06.252,1.05263,1.05288
2013.03.01 00:36:11.148,1.05263,1.05288
2013.03.01 00:36:14.786,1.05263,1.05285
2013.03.01 00:36:26.751,1.05265,1.05285
2013.03.01 00:36:46.721,1.05262,1.05287
2013.03.01 00:37:07.290,1.05262,1.05288
2013.03.01 00:37:12.361,1.05259,1.05285
2013.03.01 00:37:13.549,1.05259,1.0528
2013.03.01 00:37:13.671,1.05256,1.0528
2013.03.01 00:37:13.731,1.05253,1.05275
2013.03.01 00:37:13.881,1.05253,1.05277
2013.03.01 00:37:15.912,1.05253,1.05274
2013.03.01 00:37:16.077,1.05253,1.05274
2013.03.01 00:37:17.621,1.05253,1.05277
2013.03.01 00:37:33.741,1.05255,1.05273
2013.03.01 00:37:40.652,1.05246,1.05269
2013.03.01 00:37:47.851,1.05247,1.0527
2013.03.01 00:37:48.526,1.05244,1.05266
2013.03.01 00:37:50.962,1.05245,1.05269
2013.03.01 00:37:54.047,1.05246,1.05269
2013.03.01 00:37:59.314,1.05246,1.05268
2013.03.01 00:38:16.707,1.05246,1.05268
2013.03.01 00:38:19.584,1.05242,1.05264
2013.03.01 00:38:20.592,1.05246,1.05265
2013.03.01 00:38:21.578,1.05246,1.05269
2013.03.01 00:38:30.768,1.05246,1.05269
2013.03.01 00:38:33.742,1.05247,1.05269
2013.03.01 00:38:39.766,1.05248,1.05273
2013.03.01 00:38:45.574,1.05248,1.05273
2013.03.01 00:38:46.751,1.05247,1.05273
2013.03.01 00:38:47.085,1.05247,1.05273
2013.03.01 00:38:47.852,1.05247,1.05274
2013.03.01 00:38:47.961,1.05247,1.05273
2013.03.01 00:38:49.089,1.05247,1.05274
2013.03.01 00:38:49.599,1.05248,1.05274
2013.03.01 00:38:54.891,1.05248,1.05274
2013.03.01 00:38:59.611,1.05249,1.05275
2013.03.01 00:39:02.056,1.05253,1.05275
2013.03.01 00:39:13.607,1.05256,1.05282
2013.03.01 00:39:14.006,1.05256,1.05282
2013.03.01 00:39:14.462,1.05256,1.05279
2013.03.01 00:39:17.592,1.05256,1.05279
2013.03.01 00:39:19.112,1.05256,1.05282
2013.03.01 00:39:19.451,1.05256,1.0528
2013.03.01 00:39:32.556,1.05257,1.05282
2013.03.01 00:39:35.492,1.05262,1.05283
2013.03.01 00:39:38.712,1.05256,1.0528
2013.03.01 00:39:39.152,1.05254,1.0528
2013.03.01 00:39:39.632,1.05256,1.0528
2013.03.01 00:39:47.331,1.0525,1.05276
2013.03.01 00:39:48.122,1.05246,1.05272
2013.03.01 00:39:48.389,1.05246,1.05272
2013.03.01 00:39:48.615,1.05246,1.05272
2013.03.01 00:39:48.671,1.05246,1.0527
2013.03.01 00:39:48.902,1.05246,1.0527
2013.03.01 00:39:48.961,1.05246,1.0527
2013.03.01 00:39:49.317,1.05246,1.05269
2013.03.01 00:39:50.401,1.05246,1.05266
2013.03.01 00:39:51.442,1.05246,1.05269
2013.03.01 00:39:53.354,1.05246,1.05269
2013.03.01 00:39:53.471,1.05246,1.05269
2013.03.01 00:39:53.683,1.05246,1.05269
2013.03.01 00:39:56.412,1.05244,1.05268
2013.03.01 00:39:56.473,1.05244,1.05265
2013.03.01 00:39:56.812,1.05247,1.05268
2013.03.01 00:40:00.892,1.05244,1.05268
2013.03.01 00:40:00.952,1.05244,1.05266
2013.03.01 00:40:01.352,1.05241,1.05265
2013.03.01 00:40:01.472,1.0524,1.05265
2013.03.01 00:40:01.592,1.05241,1.05265
2013.03.01 00:40:01.892,1.05239,1.05265
2013.03.01 00:40:03.024,1.05239,1.05264
2013.03.01 00:40:03.449,1.05239,1.05259
2013.03.01 00:40:08.582,1.05241,1.05265
2013.03.01 00:40:09.088,1.05247,1.05268
2013.03.01 00:40:09.212,1.05244,1.05263
2013.03.01 00:40:09.393,1.05246,1.05268
2013.03.01 00:40:10.404,1.05246,1.05269
2013.03.01 00:40:10.632,1.05246,1.05271
2013.03.01 00:40:16.126,1.05246,1.05271
2013.03.01 00:40:28.393,1.05244,1.05271
2013.03.01 00:40:28.512,1.05239,1.05265
2013.03.01 00:40:28.586,1.05241,1.05267
2013.03.01 00:40:28.642,1.05245,1.05268
2013.03.01 00:40:28.822,1.05247,1.05269
2013.03.01 00:40:29.551,1.05247,1.05269
2013.03.01 00:40:29.989,1.05247,1.05269
2013.03.01 00:40:48.120,1.05246,1.05272
2013.03.01 00:40:48.379,1.05246,1.05272
2013.03.01 00:40:48.672,1.05246,1.05274
2013.03.01 00:40:52.354,1.05254,1.05274
2013.03.01 00:40:52.553,1.05256,1.05279
2013.03.01 00:40:59.442,1.05252,1.05276
2013.03.01 00:40:59.502,1.05249,1.05271
2013.03.01 00:40:59.624,1.05245,1.05271
2013.03.01 00:41:00.375,1.05247,1.05271
2013.03.01 00:41:00.941,1.05247,1.05271
2013.03.01 00:41:03.362,1.05245,1.05271
2013.03.01 00:41:03.565,1.05241,1.05267
2013.03.01 00:41:03.995,1.0524,1.05264
2013.03.01 00:41:04.555,1.0524,1.05264
2013.03.01 00:41:04.612,1.0524,1.05264
2013.03.01 00:41:12.038,1.0524,1.05264
2013.03.01 00:41:12.183,1.05241,1.05264
2013.03.01 00:41:12.312,1.0524,1.05264
2013.03.01 00:41:12.373,1.0524,1.05264
2013.03.01 00:41:12.681,1.05244,1.05271
2013.03.01 00:41:20.401,1.05244,1.05267
2013.03.01 00:41:21.403,1.0524,1.05266
2013.03.01 00:41:23.253,1.0524,1.05267
2013.03.01 00:41:35.093,1.05243,1.05268
2013.03.01 00:41:36.284,1.05243,1.05268
2013.03.01 00:41:36.432,1.05241,1.05263
2013.03.01 00:41:36.492,1.05238,1.05263
2013.03.01 00:41:36.614,1.05238,1.05263
2013.03.01 00:41:40.275,1.0524,1.05264
2013.03.01 00:41:40.342,1.0524,1.05265
2013.03.01 00:41:43.544,1.0524,1.05265
2013.03.01 00:41:43.666,1.05241,1.05268
2013.03.01 00:41:50.977,1.05245,1.05272
2013.03.01 00:41:55.403,1.05245,1.05272
2013.03.01 00:42:02.152,1.05247,1.05272
2013.03.01 00:42:02.437,1.05247,1.05272
2013.03.01 00:42:02.613,1.05246,1.05273
2013.03.01 00:42:02.832,1.05252,1.05276
2013.03.01 00:42:03.317,1.05252,1.05276
2013.03.01 00:42:09.092,1.05252,1.05276
2013.03.01 00:42:09.370,1.05249,1.05275
2013.03.01 00:42:09.879,1.05249,1.05275
2013.03.01 00:42:12.602,1.05248,1.05274
2013.03.01 00:42:13.172,1.05248,1.05271
2013.03.01 00:42:13.794,1.05248,1.05271
2013.03.01 00:42:17.863,1.05248,1.05274
2013.03.01 00:42:17.983,1.05249,1.05275
2013.03.01 00:42:27.567,1.05249,1.05275
2013.03.01 00:42:27.868,1.05251,1.05275
2013.03.01 00:42:36.813,1.05253,1.05279
2013.03.01 00:42:44.921,1.05253,1.05278
2013.03.01 00:42:48.652,1.05254,1.05278
2013.03.01 00:43:08.672,1.05254,1.05278
2013.03.01 00:43:29.443,1.05252,1.05278
2013.03.01 00:43:37.026,1.05254,1.05282
2013.03.01 00:43:39.713,1.05254,1.0528
2013.03.01 00:43:49.762,1.05252,1.05279
2013.03.01 00:44:09.741,1.05252,1.05279
2013.03.01 00:44:25.303,1.05252,1.05279
2013.03.01 00:44:25.662,1.05243,1.05268
2013.03.01 00:44:25.992,1.05243,1.05267
2013.03.01 00:44:26.612,1.05243,1.05267
2013.03.01 00:44:27.822,1.05243,1.05267
2013.03.01 00:44:29.822,1.05243,1.05267
2013.03.01 00:44:30.163,1.05243,1.05267
2013.03.01 00:44:33.143,1.05239,1.05259
2013.03.01 00:44:33.343,1.05239,1.05259
2013.03.01 00:44:37.283,1.0524,1.05264
2013.03.01 00:44:38.212,1.0524,1.05264
2013.03.01 00:44:42.562,1.05243,1.05264
2013.03.01 00:44:43.999,1.05244,1.0527
2013.03.01 00:44:48.281,1.05244,1.0527
2013.03.01 00:44:48.402,1.05244,1.0527
2013.03.01 00:44:48.643,1.05241,1.05263
2013.03.01 00:44:48.831,1.05239,1.05261
2013.03.01 00:44:50.384,1.05239,1.05261
2013.03.01 00:44:50.593,1.05239,1.05261
2013.03.01 00:44:51.162,1.05239,1.05261
2013.03.01 00:44:51.833,1.05242,1.05267
2013.03.01 00:44:53.833,1.05241,1.05267
2013.03.01 00:44:54.715,1.05241,1.05267
2013.03.01 00:44:57.303,1.05241,1.05267
2013.03.01 00:44:57.684,1.05242,1.05267
2013.03.01 00:44:57.864,1.05241,1.05267
2013.03.01 00:44:58.113,1.05241,1.05267
2013.03.01 00:44:58.293,1.05241,1.05267
2013.03.01 00:44:58.674,1.05241,1.05267
2013.03.01 00:44:58.895,1.05241,1.05267
2013.03.01 00:44:59.073,1.05241,1.05267
2013.03.01 00:44:59.863,1.05241,1.05267
2013.03.01 00:45:00.104,1.05242,1.05267
2013.03.01 00:45:00.434,1.0524,1.05262
2013.03.01 00:45:00.794,1.05239,1.05262
2013.03.01 00:45:01.104,1.05239,1.05262
2013.03.01 00:45:01.294,1.05242,1.05266
2013.03.01 00:45:01.654,1.05242,1.05266
2013.03.01 00:45:01.833,1.05242,1.05266
2013.03.01 00:45:02.074,1.05242,1.05266
2013.03.01 00:45:02.413,1.05242,1.05266
2013.03.01 00:45:04.233,1.05236,1.0526
2013.03.01 00:45:04.574,1.05236,1.0526
2013.03.01 00:45:04.647,1.05236,1.0526
2013.03.01 00:45:04.972,1.05236,1.0526
2013.03.01 00:45:05.243,1.05236,1.0526
2013.03.01 00:45:05.524,1.05234,1.0526
2013.03.01 00:45:06.824,1.05236,1.0526
2013.03.01 00:45:06.953,1.05236,1.0526
2013.03.01 00:45:07.484,1.05236,1.0526
2013.03.01 00:45:07.902,1.05236,1.0526
2013.03.01 00:45:08.146,1.05236,1.0526
2013.03.01 00:45:08.286,1.05234,1.0526
2013.03.01 00:45:08.349,1.05236,1.0526
2013.03.01 00:45:08.455,1.05239,1.0526
2013.03.01 00:45:09.137,1.05236,1.0526
2013.03.01 00:45:09.208,1.05233,1.0526
2013.03.01 00:45:09.744,1.05236,1.0526
2013.03.01 00:45:20.154,1.05235,1.0526
2013.03.01 00:45:20.684,1.05235,1.0526
2013.03.01 00:45:20.744,1.05238,1.05264
2013.03.01 00:45:22.333,1.05235,1.05261
2013.03.01 00:45:22.453,1.05234,1.0526
2013.03.01 00:45:22.514,1.05234,1.0526
2013.03.01 00:45:22.574,1.05232,1.05258
2013.03.01 00:45:22.893,1.05232,1.05255
2013.03.01 00:45:28.984,1.05232,1.05255
2013.03.01 00:45:31.664,1.05234,1.05257
2013.03.01 00:45:48.264,1.05239,1.05264
2013.03.01 00:45:54.043,1.05236,1.0526
2013.03.01 00:45:55.593,1.05236,1.0526
2013.03.01 00:45:55.915,1.05239,1.05264
2013.03.01 00:46:02.914,1.05241,1.05264
2013.03.01 00:46:03.154,1.05241,1.05264
2013.03.01 00:46:03.286,1.05234,1.0526
2013.03.01 00:46:03.355,1.05234,1.0526
2013.03.01 00:46:03.418,1.05234,1.0526
2013.03.01 00:46:03.484,1.05234,1.05258
2013.03.01 00:46:03.843,1.05234,1.0526
2013.03.01 00:46:04.450,1.05234,1.0526
2013.03.01 00:46:04.975,1.05234,1.0526
2013.03.01 00:46:08.623,1.05232,1.0526
2013.03.01 00:46:11.363,1.05232,1.0526
2013.03.01 00:46:12.093,1.0523,1.05254
2013.03.01 00:46:12.213,1.05227,1.05254
2013.03.01 00:46:12.454,1.05226,1.05249
2013.03.01 00:46:13.295,1.05224,1.05251
2013.03.01 00:46:13.593,1.05223,1.05249
2013.03.01 00:46:13.714,1.05225,1.05251
2013.03.01 00:46:13.954,1.05225,1.05249
2013.03.01 00:46:14.133,1.05221,1.05244
2013.03.01 00:46:14.194,1.05221,1.05244
2013.03.01 00:46:14.878,1.05221,1.05249
2013.03.01 00:46:15.664,1.05223,1.05249
2013.03.01 00:46:16.024,1.05221,1.05249
2013.03.01 00:46:16.631,1.05223,1.05249
2013.03.01 00:46:16.813,1.05224,1.05249
2013.03.01 00:46:20.815,1.05225,1.05251
2013.03.01 00:46:21.201,1.05227,1.05251
2013.03.01 00:46:21.864,1.05227,1.05249
2013.03.01 00:46:21.984,1.05225,1.05249
2013.03.01 00:46:26.573,1.05228,1.05255
2013.03.01 00:46:26.884,1.05232,1.05256
2013.03.01 00:46:27.314,1.05232,1.05255
2013.03.01 00:46:27.614,1.0523,1.05256
2013.03.01 00:46:37.620,1.05232,1.05256
2013.03.01 00:46:37.687,1.05233,1.05261
2013.03.01 00:46:37.860,1.05235,1.05261
2013.03.01 00:46:38.405,1.05235,1.05261
2013.03.01 00:46:59.313,1.05233,1.0526
2013.03.01 00:46:59.493,1.05233,1.05255
2013.03.01 00:46:59.556,1.05231,1.05255
2013.03.01 00:46:59.973,1.05233,1.05257
2013.03.01 00:47:20.299,1.05233,1.05258
2013.03.01 00:47:21.029,1.05236,1.05259
2013.03.01 00:47:21.215,1.05239,1.05259
2013.03.01 00:47:21.723,1.05239,1.05262
2013.03.01 00:47:28.863,1.05239,1.05262
2013.03.01 00:47:41.615,1.05236,1.05262
2013.03.01 00:47:41.733,1.05235,1.05262
2013.03.01 00:48:01.940,1.05234,1.0526
2013.03.01 00:48:02.636,1.05232,1.0526
2013.03.01 00:48:22.164,1.05232,1.05261
2013.03.01 00:48:29.113,1.05234,1.05262
2013.03.01 00:48:42.100,1.05234,1.05261
2013.03.01 00:48:42.464,1.05234,1.05262
2013.03.01 00:48:49.124,1.05238,1.05264
2013.03.01 00:48:49.244,1.05238,1.05264
2013.03.01 00:48:49.663,1.05237,1.05264
2013.03.01 00:48:49.725,1.05237,1.05264
2013.03.01 00:48:52.415,1.05238,1.05264
2013.03.01 00:48:52.594,1.05238,1.05264
2013.03.01 00:48:53.624,1.05237,1.05264
2013.03.01 00:48:53.744,1.05237,1.05264
2013.03.01 00:48:53.960,1.05237,1.05264
2013.03.01 00:49:02.413,1.05237,1.05264
2013.03.01 00:49:02.594,1.05234,1.05261
2013.03.01 00:49:17.144,1.05234,1.05261
2013.03.01 00:49:17.265,1.05232,1.05256
2013.03.01 00:49:17.444,1.05229,1.05256
2013.03.01 00:49:23.308,1.0523,1.05256
2013.03.01 00:49:32.107,1.05236,1.0526
2013.03.01 00:49:32.354,1.05236,1.0526
2013.03.01 00:49:37.100,1.05236,1.0526
2013.03.01 00:50:13.157,1.05236,1.05259
2013.03.01 00:50:13.213,1.05236,1.05258
2013.03.01 00:50:13.514,1.05231,1.05256
2013.03.01 00:50:13.824,1.05231,1.05256
2013.03.01 00:50:16.577,1.05231,1.05256
2013.03.01 00:50:16.814,1.0523,1.05256
2013.03.01 00:50:16.875,1.0523,1.05254
2013.03.01 00:50:17.504,1.0523,1.05256
2013.03.01 00:50:33.644,1.05229,1.05254
2013.03.01 00:50:53.677,1.05227,1.05254
2013.03.01 00:51:14.673,1.05228,1.05252
2013.03.01 00:51:26.385,1.05228,1.05256
2013.03.01 00:51:38.579,1.05228,1.05256
2013.03.01 00:51:38.644,1.05228,1.05255
2013.03.01 00:51:38.704,1.05228,1.05254
2013.03.01 00:51:39.234,1.05227,1.05251
2013.03.01 00:51:39.294,1.05227,1.05251
2013.03.01 00:51:39.655,1.05222,1.05246
2013.03.01 00:51:39.714,1.05222,1.05246
2013.03.01 00:51:39.894,1.05226,1.05248
2013.03.01 00:51:39.954,1.05226,1.05248
2013.03.01 00:51:40.074,1.05226,1.05248
2013.03.01 00:51:40.870,1.05226,1.0525
2013.03.01 00:52:40.070,1.05223,1.05251
2013.03.01 00:52:48.805,1.05226,1.05253
2013.03.01 00:52:48.865,1.0523,1.05254
2013.03.01 00:52:48.984,1.0523,1.05256
2013.03.01 00:52:49.164,1.05233,1.05257
2013.03.01 00:52:49.225,1.0523,1.05256
2013.03.01 00:52:49.414,1.05234,1.05257
2013.03.01 00:52:49.594,1.05231,1.05256
2013.03.01 00:52:49.954,1.05233,1.05258
2013.03.01 00:52:50.394,1.05233,1.05258
2013.03.01 00:52:56.692,1.05231,1.05256
2013.03.01 00:52:58.225,1.0523,1.05256
2013.03.01 00:52:59.694,1.05229,1.05256
2013.03.01 00:53:03.344,1.0523,1.05256
2013.03.01 00:53:03.675,1.05226,1.05246
2013.03.01 00:53:04.250,1.05221,1.05249
2013.03.01 00:53:05.875,1.05221,1.05249
2013.03.01 00:53:06.414,1.05227,1.05252
2013.03.01 00:53:07.884,1.05228,1.05254
2013.03.01 00:53:08.021,1.05228,1.05254
2013.03.01 00:53:34.814,1.05227,1.05254
2013.03.01 00:53:35.065,1.05223,1.05247
2013.03.01 00:53:35.185,1.05227,1.05249
2013.03.01 00:53:35.244,1.05228,1.05253
2013.03.01 00:53:35.364,1.05227,1.05252
2013.03.01 00:53:35.425,1.05227,1.05252
2013.03.01 00:53:35.824,1.05227,1.05252
2013.03.01 00:53:35.884,1.05227,1.05252
2013.03.01 00:53:38.875,1.05228,1.05252
2013.03.01 00:53:39.055,1.05227,1.05252
2013.03.01 00:53:39.114,1.05227,1.05253
2013.03.01 00:53:39.174,1.05228,1.05253
2013.03.01 00:53:42.835,1.05228,1.05252
2013.03.01 00:53:42.954,1.05225,1.05247
2013.03.01 00:53:43.074,1.05222,1.05248
2013.03.01 00:53:43.434,1.05221,1.05247
2013.03.01 00:53:43.764,1.05222,1.05246
2013.03.01 00:53:43.823,1.05222,1.05246
2013.03.01 00:53:45.384,1.05222,1.05248
2013.03.01 00:53:45.505,1.05222,1.05248
2013.03.01 00:53:45.688,1.05222,1.05248
2013.03.01 00:53:45.755,1.05221,1.05246
2013.03.01 00:53:55.315,1.05219,1.05244
2013.03.01 00:53:59.035,1.05221,1.05247
2013.03.01 00:54:00.445,1.05223,1.05247
2013.03.01 00:54:01.454,1.05222,1.05247
2013.03.01 00:54:02.085,1.05221,1.05244
2013.03.01 00:54:02.762,1.05223,1.05247
2013.03.01 00:54:03.625,1.05223,1.05247
2013.03.01 00:54:03.684,1.05223,1.05248
2013.03.01 00:54:06.647,1.05223,1.05247
2013.03.01 00:54:07.065,1.05218,1.05243
2013.03.01 00:54:07.425,1.05217,1.05242
2013.03.01 00:54:08.815,1.05217,1.05243
2013.03.01 00:54:09.054,1.05218,1.05243
2013.03.01 00:54:11.835,1.05221,1.05245
2013.03.01 00:54:12.025,1.05224,1.05249
2013.03.01 00:54:12.264,1.05224,1.05249
2013.03.01 00:54:39.855,1.05227,1.05253
2013.03.01 00:54:40.035,1.05231,1.05253
2013.03.01 00:54:40.858,1.05233,1.05257
2013.03.01 00:54:41.444,1.05236,1.0526
2013.03.01 00:54:42.566,1.05235,1.0526
2013.03.01 00:54:42.684,1.05235,1.05258
2013.03.01 00:54:43.045,1.05229,1.05254
2013.03.01 00:54:43.860,1.05229,1.05255
2013.03.01 00:54:45.534,1.05229,1.05253
2013.03.01 00:54:45.594,1.05229,1.05253
2013.03.01 00:54:45.835,1.05229,1.05255
2013.03.01 00:54:46.136,1.05233,1.05257
2013.03.01 00:54:46.465,1.05229,1.05255
2013.03.01 00:54:47.241,1.05229,1.05255
2013.03.01 00:54:48.905,1.05229,1.05255
2013.03.01 00:54:48.967,1.05229,1.05255
2013.03.01 00:54:49.097,1.05224,1.05248
2013.03.01 00:54:50.075,1.05225,1.05249
2013.03.01 00:54:51.635,1.05222,1.05248
2013.03.01 00:54:52.046,1.05225,1.0525
2013.03.01 00:55:00.366,1.05224,1.0525
2013.03.01 00:55:00.546,1.05223,1.05237
2013.03.01 00:55:00.605,1.05213,1.05237
2013.03.01 00:55:00.845,1.05211,1.05237
2013.03.01 00:55:02.035,1.05213,1.05241
2013.03.01 00:55:05.198,1.05213,1.05239
2013.03.01 00:55:06.376,1.05213,1.05239
2013.03.01 00:55:11.007,1.05212,1.05237
2013.03.01 00:55:11.199,1.05212,1.05238
2013.03.01 00:55:11.434,1.05213,1.05236
2013.03.01 00:55:11.494,1.05212,1.05236
2013.03.01 00:55:13.457,1.05212,1.05237
2013.03.01 00:55:13.888,1.05212,1.0524
2013.03.01 00:55:14.185,1.05215,1.0524
2013.03.01 00:55:14.904,1.05216,1.05239
2013.03.01 00:55:16.302,1.05215,1.05239
2013.03.01 00:55:16.667,1.05217,1.05239
2013.03.01 00:55:16.857,1.05217,1.05243
2013.03.01 00:55:17.296,1.05217,1.05243
2013.03.01 00:55:17.496,1.05216,1.05238
2013.03.01 00:55:18.054,1.05216,1.05238
2013.03.01 00:55:21.405,1.05213,1.05237
2013.03.01 00:55:23.155,1.05213,1.05232
2013.03.01 00:55:23.274,1.05209,1.05227
2013.03.01 00:55:23.708,1.05208,1.05229
2013.03.01 00:55:26.632,1.05208,1.05229
2013.03.01 00:55:26.695,1.05208,1.05232
2013.03.01 00:55:27.290,1.05211,1.05236
2013.03.01 00:55:27.665,1.05213,1.05237
2013.03.01 00:55:29.675,1.05213,1.05237
2013.03.01 00:55:31.175,1.05215,1.05237
2013.03.01 00:55:31.415,1.05218,1.05242
2013.03.01 00:55:31.856,1.05218,1.05244
2013.03.01 00:55:31.921,1.05218,1.05243
2013.03.01 00:55:32.046,1.05221,1.05247
2013.03.01 00:55:38.384,1.05222,1.05247
2013.03.01 00:55:39.116,1.05223,1.05247
2013.03.01 00:55:39.234,1.05223,1.05247
2013.03.01 00:55:41.084,1.05223,1.05246
2013.03.01 00:55:41.834,1.05223,1.05246
2013.03.01 00:55:43.947,1.05223,1.05244
2013.03.01 00:55:44.306,1.05218,1.05242
2013.03.01 00:55:47.596,1.05218,1.05242
2013.03.01 00:55:51.090,1.05218,1.05235
2013.03.01 00:55:51.158,1.05218,1.05235
2013.03.01 00:55:55.134,1.05212,1.05235
2013.03.01 00:55:55.564,1.05212,1.05235
2013.03.01 00:56:00.195,1.05212,1.05235
2013.03.01 00:56:00.315,1.05212,1.05235
2013.03.01 00:56:02.076,1.05212,1.05238
2013.03.01 00:56:02.615,1.05212,1.05237
2013.03.01 00:56:07.263,1.05213,1.05238
2013.03.01 00:56:09.234,1.05213,1.05238
2013.03.01 00:56:09.540,1.05225,1.05246
2013.03.01 00:56:09.605,1.05225,1.05246
2013.03.01 00:56:09.724,1.05225,1.05247
2013.03.01 00:56:09.984,1.05226,1.05251
2013.03.01 00:56:14.294,1.05226,1.05251
2013.03.01 00:56:14.607,1.05227,1.05253
2013.03.01 00:56:14.939,1.05234,1.05258
2013.03.01 00:56:15.611,1.05235,1.05258
2013.03.01 00:56:17.604,1.05234,1.05257
2013.03.01 00:56:18.480,1.05232,1.05256
2013.03.01 00:56:18.897,1.05232,1.05256
2013.03.01 00:56:21.206,1.05232,1.05256
2013.03.01 00:56:22.227,1.05232,1.05254
2013.03.01 00:56:22.285,1.05232,1.05254
2013.03.01 00:56:22.805,1.05228,1.05252
2013.03.01 00:56:24.102,1.05228,1.05252
2013.03.01 00:56:24.226,1.05228,1.05252
2013.03.01 00:56:24.287,1.05227,1.05248
2013.03.01 00:56:24.466,1.05223,1.05247
2013.03.01 00:56:25.312,1.05223,1.05247
2013.03.01 00:56:36.341,1.05223,1.05247
2013.03.01 00:56:36.804,1.05222,1.05243
2013.03.01 00:56:37.542,1.05223,1.05247
2013.03.01 00:56:37.944,1.05222,1.05243
2013.03.01 00:56:38.464,1.05219,1.05245
2013.03.01 00:56:38.765,1.05215,1.05239
2013.03.01 00:56:39.175,1.05215,1.05239
2013.03.01 00:56:39.599,1.05215,1.05239
2013.03.01 00:56:41.195,1.05215,1.05239
2013.03.01 00:56:41.941,1.05211,1.05235
2013.03.01 00:56:42.365,1.05216,1.05239
2013.03.01 00:56:42.425,1.05216,1.05239
2013.03.01 00:56:45.321,1.05215,1.05239
2013.03.01 00:56:45.712,1.05214,1.05239
2013.03.01 00:56:53.156,1.05212,1.05235
2013.03.01 00:56:54.035,1.05212,1.05235
2013.03.01 00:56:54.254,1.05211,1.05235
2013.03.01 00:56:57.216,1.05213,1.05239
2013.03.01 00:56:57.514,1.05212,1.05234
2013.03.01 00:56:58.774,1.05212,1.05239
2013.03.01 00:57:03.697,1.05213,1.05238
2013.03.01 00:57:04.634,1.05211,1.05234
2013.03.01 00:57:13.118,1.05212,1.05234
2013.03.01 00:57:13.425,1.05218,1.05239
2013.03.01 00:57:13.665,1.0522,1.05244
2013.03.01 00:57:14.278,1.0522,1.05244
2013.03.01 00:57:15.076,1.05217,1.0524
2013.03.01 00:57:17.185,1.05217,1.0524
2013.03.01 00:57:17.724,1.05216,1.05241
2013.03.01 00:57:17.785,1.05216,1.05241
2013.03.01 00:57:18.614,1.05212,1.05235
2013.03.01 00:57:18.674,1.05212,1.05235
2013.03.01 00:57:18.735,1.05213,1.05236
2013.03.01 00:57:18.795,1.05213,1.05235
2013.03.01 00:57:19.804,1.05211,1.05235
2013.03.01 00:57:20.134,1.05211,1.05235
2013.03.01 00:57:21.984,1.05211,1.05235
2013.03.01 00:57:22.906,1.05211,1.05235
2013.03.01 00:57:23.235,1.05216,1.05236
2013.03.01 00:57:24.975,1.05216,1.05239
2013.03.01 00:57:25.105,1.05218,1.0524
2013.03.01 00:57:25.593,1.05218,1.0524
2013.03.01 00:57:26.216,1.05218,1.05242
2013.03.01 00:57:27.685,1.0522,1.05242
2013.03.01 00:57:28.635,1.05222,1.05246
2013.03.01 00:57:28.695,1.05224,1.05248
2013.03.01 00:57:28.925,1.05227,1.05248
2013.03.01 00:57:28.985,1.05227,1.05248
2013.03.01 00:57:29.575,1.05227,1.05248
2013.03.01 00:57:29.894,1.05222,1.05248
2013.03.01 00:57:30.363,1.05222,1.05243
2013.03.01 00:57:30.432,1.05222,1.05243
2013.03.01 00:57:31.435,1.05221,1.05243
2013.03.01 00:57:31.975,1.0522,1.05242
2013.03.01 00:57:32.385,1.05225,1.05246
2013.03.01 00:57:32.444,1.05225,1.05246
2013.03.01 00:57:32.564,1.05226,1.05249
2013.03.01 00:57:32.755,1.05226,1.05249
2013.03.01 00:57:33.362,1.05226,1.05251
2013.03.01 00:57:33.556,1.05225,1.05251
2013.03.01 00:57:33.855,1.0522,1.05245
2013.03.01 00:57:34.585,1.05219,1.05245
2013.03.01 00:57:35.209,1.05214,1.05238
2013.03.01 00:57:35.732,1.05212,1.05238
2013.03.01 00:57:37.295,1.05212,1.05238
2013.03.01 00:57:37.635,1.05218,1.05243
2013.03.01 00:57:38.107,1.05218,1.05241
2013.03.01 00:57:38.285,1.05217,1.05238
2013.03.01 00:57:38.847,1.05214,1.05238
2013.03.01 00:57:40.395,1.05212,1.05238
2013.03.01 00:57:40.515,1.05209,1.05233
2013.03.01 00:57:41.465,1.05211,1.05236
2013.03.01 00:57:42.405,1.05213,1.05238
2013.03.01 00:57:42.936,1.05213,1.05238
2013.03.01 00:57:46.435,1.05213,1.05238
2013.03.01 00:57:46.556,1.05213,1.05238
2013.03.01 00:57:47.184,1.05213,1.05239
2013.03.01 00:57:50.835,1.05212,1.05238
2013.03.01 00:57:50.955,1.0521,1.05233
2013.03.01 00:57:52.325,1.0521,1.05236
2013.03.01 00:57:52.504,1.05215,1.05238
2013.03.01 00:57:53.830,1.05215,1.05238
2013.03.01 00:57:54.456,1.0521,1.05234
2013.03.01 00:57:55.285,1.0521,1.05234
2013.03.01 00:57:59.866,1.05209,1.05233
2013.03.01 00:57:59.927,1.05209,1.05232
2013.03.01 00:58:00.284,1.05208,1.05232
2013.03.01 00:58:01.243,1.0521,1.05232
2013.03.01 00:58:01.556,1.05222,1.05243
2013.03.01 00:58:01.765,1.05222,1.05243
2013.03.01 00:58:02.345,1.05222,1.05243
2013.03.01 00:58:04.785,1.05222,1.05244
2013.03.01 00:58:04.865,1.05221,1.05244
2013.03.01 00:58:05.224,1.05214,1.05238
2013.03.01 00:58:05.286,1.05213,1.05238
2013.03.01 00:58:05.524,1.05214,1.0524
2013.03.01 00:58:05.775,1.05214,1.0524
2013.03.01 00:58:10.464,1.05217,1.05241
2013.03.01 00:58:10.766,1.05216,1.05242
2013.03.01 00:58:10.824,1.05215,1.05242
2013.03.01 00:58:10.944,1.05215,1.05242
2013.03.01 00:58:11.528,1.05215,1.05241
2013.03.01 00:58:17.768,1.05216,1.05241
2013.03.01 00:58:18.006,1.05217,1.05242
2013.03.01 00:58:18.066,1.05219,1.05243
2013.03.01 00:58:21.285,1.05218,1.05244
2013.03.01 00:58:21.833,1.05217,1.05244
2013.03.01 00:58:27.807,1.05218,1.05244
2013.03.01 00:58:30.640,1.0522,1.05244
2013.03.01 00:58:30.766,1.05218,1.05244
2013.03.01 00:58:31.145,1.05221,1.05244
2013.03.01 00:58:31.465,1.05224,1.05249
2013.03.01 00:58:31.685,1.0523,1.05252
2013.03.01 00:58:32.025,1.0523,1.05254
2013.03.01 00:58:39.525,1.05228,1.05251
2013.03.01 00:58:40.105,1.05224,1.0525
2013.03.01 00:58:40.566,1.05224,1.0525
2013.03.01 00:58:41.654,1.05223,1.0525
2013.03.01 00:59:01.945,1.05223,1.05248
2013.03.01 00:59:02.559,1.05223,1.05248
2013.03.01 00:59:08.805,1.05221,1.05245
2013.03.01 00:59:08.866,1.05222,1.05245
2013.03.01 00:59:09.046,1.05219,1.05245
2013.03.01 00:59:12.895,1.05222,1.05245
2013.03.01 00:59:14.915,1.05222,1.05243
2013.03.01 00:59:15.095,1.05222,1.05246
2013.03.01 00:59:20.285,1.0522,1.0524
2013.03.01 00:59:20.405,1.0522,1.05243
2013.03.01 00:59:20.465,1.05217,1.05243
2013.03.01 00:59:20.655,1.05215,1.05239
2013.03.01 00:59:20.774,1.05213,1.05239
2013.03.01 00:59:21.604,1.05211,1.05234
2013.03.01 00:59:22.865,1.05211,1.05234
2013.03.01 00:59:22.925,1.05215,1.0524
2013.03.01 00:59:23.885,1.05219,1.0524
2013.03.01 00:59:24.065,1.05224,1.05247
2013.03.01 00:59:24.270,1.05224,1.05241
2013.03.01 00:59:25.425,1.05224,1.05247
2013.03.01 00:59:25.590,1.05219,1.05245
2013.03.01 00:59:25.676,1.05219,1.05244
2013.03.01 00:59:25.975,1.05219,1.05243
2013.03.01 00:59:26.175,1.0522,1.05244
2013.03.01 00:59:26.415,1.05222,1.05248
2013.03.01 00:59:26.595,1.05222,1.05246
2013.03.01 00:59:26.835,1.05222,1.05248
2013.03.01 00:59:27.522,1.05223,1.05248
2013.03.01 00:59:27.681,1.05226,1.05251
2013.03.01 00:59:27.746,1.05226,1.05252
2013.03.01 00:59:28.275,1.05226,1.05253
2013.03.01 00:59:28.636,1.05226,1.05252
2013.03.01 00:59:28.996,1.05215,1.05237
2013.03.01 00:59:29.235,1.05186,1.05215
2013.03.01 00:59:29.477,1.05184,1.052
2013.03.01 00:59:30.096,1.05175,1.05202
2013.03.01 00:59:30.159,1.05175,1.052
2013.03.01 00:59:30.405,1.0518,1.05206
2013.03.01 00:59:30.464,1.05182,1.05207
2013.03.01 00:59:30.584,1.05183,1.05212
2013.03.01 00:59:30.704,1.05182,1.05216
2013.03.01 00:59:30.764,1.05182,1.05217
2013.03.01 00:59:31.005,1.05181,1.05212
2013.03.01 00:59:31.064,1.05179,1.05212
2013.03.01 00:59:31.185,1.05176,1.05217
2013.03.01 00:59:31.548,1.05176,1.05217
2013.03.01 00:59:31.856,1.05183,1.05218
2013.03.01 00:59:32.215,1.05182,1.05218
2013.03.01 00:59:32.397,1.05186,1.05213
2013.03.01 00:59:32.467,1.05182,1.05215
2013.03.01 00:59:32.585,1.05182,1.05215
2013.03.01 00:59:32.885,1.05187,1.05217
2013.03.01 00:59:33.245,1.05192,1.05224
2013.03.01 00:59:33.365,1.05187,1.05224
2013.03.01 00:59:33.486,1.05187,1.05218
2013.03.01 00:59:33.666,1.05187,1.05218
2013.03.01 00:59:33.845,1.0519,1.05218
2013.03.01 00:59:34.165,1.05201,1.05226
2013.03.01 00:59:34.225,1.05197,1.05224
2013.03.01 00:59:34.346,1.05205,1.05228
2013.03.01 00:59:34.535,1.05206,1.0523
2013.03.01 00:59:34.595,1.05211,1.0523
2013.03.01 00:59:34.776,1.05197,1.05223
2013.03.01 00:59:34.835,1.05196,1.05219
2013.03.01 00:59:34.895,1.05205,1.0522
2013.03.01 00:59:35.015,1.05188,1.05217
2013.03.01 00:59:35.136,1.0519,1.05218
2013.03.01 00:59:35.196,1.0519,1.05217
2013.03.01 00:59:35.377,1.05188,1.05213
2013.03.01 00:59:35.555,1.05187,1.05211
2013.03.01 00:59:35.676,1.05192,1.05217
2013.03.01 00:59:36.035,1.05192,1.05216
2013.03.01 00:59:36.336,1.05193,1.05217
2013.03.01 00:59:36.517,1.05199,1.05219
2013.03.01 00:59:36.949,1.05199,1.05223
2013.03.01 00:59:37.015,1.05197,1.05219
2013.03.01 00:59:37.195,1.05202,1.05224
2013.03.01 00:59:37.255,1.05202,1.05224
2013.03.01 00:59:37.375,1.05203,1.05227
2013.03.01 00:59:37.435,1.05205,1.05228
2013.03.01 00:59:37.736,1.05207,1.05228
2013.03.01 00:59:37.796,1.05207,1.05214
2013.03.01 00:59:38.390,1.05184,1.05208
2013.03.01 00:59:38.457,1.05185,1.05212
2013.03.01 00:59:38.514,1.05184,1.05207
2013.03.01 00:59:38.815,1.05184,1.05208
2013.03.01 00:59:38.935,1.05181,1.05208
2013.03.01 00:59:39.055,1.05186,1.05208
2013.03.01 00:59:39.175,1.05186,1.05208
2013.03.01 00:59:39.815,1.05186,1.05212
2013.03.01 00:59:39.935,1.05186,1.05214
2013.03.01 00:59:39.995,1.05189,1.05215
2013.03.01 00:59:40.186,1.05189,1.05214
2013.03.01 00:59:40.255,1.05187,1.05214
2013.03.01 00:59:40.375,1.05186,1.05214
2013.03.01 00:59:40.575,1.05188,1.05216
2013.03.01 00:59:40.695,1.05195,1.05218
2013.03.01 00:59:40.755,1.05195,1.05219
2013.03.01 00:59:41.167,1.05193,1.05218
2013.03.01 00:59:41.525,1.05178,1.05203
2013.03.01 00:59:41.586,1.05177,1.05203
2013.03.01 00:59:41.766,1.05178,1.05203
2013.03.01 00:59:42.067,1.05184,1.0521
2013.03.01 00:59:42.365,1.05186,1.0521
2013.03.01 00:59:42.605,1.05186,1.0521
2013.03.01 00:59:42.957,1.05186,1.0521
2013.03.01 00:59:43.146,1.05184,1.0521
2013.03.01 00:59:43.606,1.05179,1.05205
2013.03.01 00:59:43.665,1.05181,1.05208
2013.03.01 00:59:43.725,1.05185,1.0521
2013.03.01 00:59:44.095,1.05184,1.0521
2013.03.01 00:59:44.645,1.05185,1.0521
2013.03.01 00:59:45.276,1.05187,1.0521
2013.03.01 00:59:45.336,1.05186,1.05211
2013.03.01 00:59:45.456,1.05189,1.05214
2013.03.01 00:59:45.516,1.05189,1.05215
2013.03.01 00:59:46.176,1.05191,1.05215
2013.03.01 00:59:46.506,1.05195,1.0522
2013.03.01 00:59:46.990,1.05199,1.05224
2013.03.01 00:59:47.238,1.05197,1.05222
2013.03.01 00:59:47.365,1.05196,1.05222
2013.03.01 00:59:47.605,1.05196,1.05222
2013.03.01 00:59:47.666,1.05196,1.05223
2013.03.01 00:59:48.214,1.052,1.05224
2013.03.01 00:59:48.515,1.05202,1.05229
2013.03.01 00:59:48.576,1.05197,1.05223
2013.03.01 00:59:48.636,1.05197,1.05223
2013.03.01 00:59:49.455,1.05196,1.05218
2013.03.01 00:59:49.515,1.05196,1.05218
2013.03.01 00:59:49.825,1.05193,1.05215
2013.03.01 00:59:50.556,1.05197,1.05227
2013.03.01 00:59:50.827,1.05197,1.05227
2013.03.01 00:59:51.135,1.05189,1.05227
2013.03.01 00:59:51.255,1.05189,1.05227
2013.03.01 00:59:51.376,1.05194,1.05227
2013.03.01 00:59:53.995,1.05196,1.05222
2013.03.01 00:59:54.455,1.05196,1.05226
2013.03.01 00:59:54.595,1.05188,1.05227
2013.03.01 00:59:54.655,1.05186,1.05213
2013.03.01 00:59:55.016,1.05174,1.05212
2013.03.01 00:59:55.196,1.05174,1.05212
2013.03.01 00:59:55.418,1.05177,1.05216
2013.03.01 00:59:56.746,1.05177,1.05216
2013.03.01 00:59:57.207,1.05177,1.05212
2013.03.01 00:59:57.838,1.05177,1.05212
2013.03.01 00:59:58.076,1.05176,1.05213
2013.03.01 00:59:58.645,1.05181,1.05219
2013.03.01 00:59:58.706,1.05184,1.0522
2013.03.01 00:59:59.075,1.05187,1.05223
2013.03.01 00:59:59.676,1.05185,1.05217
2013.03.01 01:00:00.036,1.05164,1.05206
2013.03.01 01:00:00.095,1.05164,1.05206
2013.03.01 01:00:00.426,1.05177,1.05213
2013.03.01 01:00:00.726,1.05176,1.0521
2013.03.01 01:00:01.085,1.05178,1.05218
2013.03.01 01:00:01.146,1.05178,1.05217
2013.03.01 01:00:01.386,1.0518,1.0522
2013.03.01 01:00:01.626,1.05177,1.0522
2013.03.01 01:00:01.806,1.0517,1.0522
2013.03.01 01:00:02.154,1.05158,1.05217
2013.03.01 01:00:02.274,1.05158,1.05197
2013.03.01 01:00:02.395,1.05167,1.05203
2013.03.01 01:00:02.576,1.05167,1.05204
2013.03.01 01:00:02.817,1.05172,1.05215
2013.03.01 01:00:02.935,1.05179,1.05221
2013.03.01 01:00:03.126,1.05171,1.05221
2013.03.01 01:00:03.369,1.05179,1.05221
2013.03.01 01:00:03.895,1.0518,1.05226
2013.03.01 01:00:04.135,1.05182,1.05223
2013.03.01 01:00:04.681,1.05182,1.05229
2013.03.01 01:00:04.907,1.05177,1.05229
2013.03.01 01:00:05.878,1.05176,1.05223
2013.03.01 01:00:06.277,1.05177,1.05211
2013.03.01 01:00:06.577,1.05166,1.05211
2013.03.01 01:00:06.696,1.05166,1.05211
2013.03.01 01:00:06.754,1.05166,1.05218
2013.03.01 01:00:07.064,1.05166,1.0522
2013.03.01 01:00:07.495,1.05166,1.05221
2013.03.01 01:00:07.747,1.05166,1.05219
2013.03.01 01:00:08.284,1.05166,1.05211
2013.03.01 01:00:08.405,1.05166,1.05211
2013.03.01 01:00:09.065,1.05166,1.05211
2013.03.01 01:00:09.626,1.05161,1.0521
2013.03.01 01:00:09.867,1.05161,1.05199
2013.03.01 01:00:09.987,1.05161,1.05203
2013.03.01 01:00:10.046,1.05156,1.05203
2013.03.01 01:00:10.106,1.05155,1.05203
2013.03.01 01:00:10.405,1.05155,1.05193
2013.03.01 01:00:10.825,1.05156,1.05192
2013.03.01 01:00:11.197,1.05156,1.05192
2013.03.01 01:00:11.555,1.05162,1.05198
2013.03.01 01:00:11.824,1.05164,1.05198
2013.03.01 01:00:12.145,1.05165,1.052
2013.03.01 01:00:12.903,1.05171,1.05199
2013.03.01 01:00:13.220,1.05162,1.052
2013.03.01 01:00:13.357,1.05172,1.05201
2013.03.01 01:00:13.788,1.05174,1.05202
2013.03.01 01:00:13.915,1.05176,1.05204
2013.03.01 01:00:14.096,1.05176,1.05209
2013.03.01 01:00:14.698,1.05177,1.05209
2013.03.01 01:00:15.055,1.05177,1.05208
2013.03.01 01:00:16.396,1.05173,1.05205
2013.03.01 01:00:16.756,1.05165,1.05205
2013.03.01 01:00:17.005,1.05165,1.05197
2013.03.01 01:00:17.346,1.05167,1.05197
2013.03.01 01:00:17.556,1.0517,1.05197
2013.03.01 01:00:17.865,1.05172,1.05196
2013.03.01 01:00:18.106,1.05159,1.05195
2013.03.01 01:00:18.408,1.05162,1.05192
2013.03.01 01:00:18.587,1.05167,1.05193
2013.03.01 01:00:19.006,1.05167,1.05193
2013.03.01 01:00:19.326,1.05157,1.05191
2013.03.01 01:00:19.446,1.05157,1.05191
2013.03.01 01:00:20.087,1.05151,1.05188
2013.03.01 01:00:20.828,1.05151,1.05184
2013.03.01 01:00:21.627,1.05152,1.05184
2013.03.01 01:00:21.686,1.05153,1.05186
2013.03.01 01:00:21.808,1.05152,1.05187
2013.03.01 01:00:23.045,1.05152,1.05187
2013.03.01 01:00:23.406,1.05149,1.05187
2013.03.01 01:00:23.856,1.05148,1.05187
2013.03.01 01:00:23.975,1.0514,1.05182
2013.03.01 01:00:24.037,1.05141,1.05182
2013.03.01 01:00:24.430,1.05148,1.05185
2013.03.01 01:00:24.556,1.05148,1.05186
2013.03.01 01:00:25.166,1.05152,1.05186
2013.03.01 01:00:25.885,1.05152,1.05188
2013.03.01 01:00:26.574,1.05152,1.05189
2013.03.01 01:00:27.006,1.05152,1.05189
2013.03.01 01:00:29.097,1.05146,1.05184
2013.03.01 01:00:29.172,1.05146,1.05184
2013.03.01 01:00:30.315,1.05153,1.05184
2013.03.01 01:00:30.556,1.05156,1.05189
2013.03.01 01:00:30.914,1.05155,1.05193
2013.03.01 01:00:31.264,1.05155,1.05196
2013.03.01 01:00:31.505,1.05157,1.05195
2013.03.01 01:00:32.604,1.05151,1.05193
2013.03.01 01:00:32.725,1.05151,1.05194
2013.03.01 01:00:33.086,1.05159,1.05192
2013.03.01 01:00:33.418,1.05153,1.05193
2013.03.01 01:00:33.734,1.05153,1.05193
2013.03.01 01:00:34.265,1.05153,1.05193
2013.03.01 01:00:34.624,1.05159,1.05193
2013.03.01 01:00:34.805,1.05156,1.05193
2013.03.01 01:00:34.984,1.05156,1.05193
2013.03.01 01:00:35.165,1.0516,1.05193
2013.03.01 01:00:35.404,1.05157,1.05193
2013.03.01 01:00:35.585,1.05161,1.05193
2013.03.01 01:00:36.124,1.05163,1.05203
2013.03.01 01:00:36.363,1.05163,1.05203
2013.03.01 01:00:36.544,1.05157,1.05197
2013.03.01 01:00:38.211,1.05157,1.05197
2013.03.01 01:00:38.282,1.05157,1.05195
2013.03.01 01:00:38.406,1.05157,1.05194
2013.03.01 01:00:38.585,1.05162,1.05194
2013.03.01 01:00:39.097,1.05163,1.052
2013.03.01 01:00:39.165,1.05166,1.05204
2013.03.01 01:00:39.885,1.05166,1.052
2013.03.01 01:00:41.326,1.0517,1.05198
2013.03.01 01:00:41.625,1.05171,1.05195
2013.03.01 01:00:41.926,1.05173,1.05205
2013.03.01 01:00:41.985,1.05173,1.05204
2013.03.01 01:00:42.057,1.05173,1.05204
2013.03.01 01:00:42.575,1.05173,1.05211
2013.03.01 01:00:43.805,1.05171,1.05205
2013.03.01 01:00:44.656,1.0517,1.05205
2013.03.01 01:00:45.288,1.0517,1.05205
2013.03.01 01:00:45.654,1.05173,1.05205
2013.03.01 01:00:46.340,1.05175,1.0521
2013.03.01 01:00:46.465,1.05176,1.0521
2013.03.01 01:00:46.766,1.05181,1.05215
2013.03.01 01:00:46.945,1.05181,1.05214
2013.03.01 01:00:47.425,1.05178,1.05214
2013.03.01 01:00:47.725,1.05178,1.05214
2013.03.01 01:00:49.585,1.05181,1.05211
2013.03.01 01:00:49.704,1.05181,1.05211
2013.03.01 01:00:50.492,1.05179,1.05217
2013.03.01 01:00:50.835,1.05176,1.05212
2013.03.01 01:00:51.126,1.0518,1.05212
2013.03.01 01:00:51.379,1.05181,1.05212
2013.03.01 01:00:52.585,1.05182,1.05217
2013.03.01 01:00:52.704,1.0518,1.05217
2013.03.01 01:00:53.115,1.05184,1.05219
2013.03.01 01:00:53.294,1.05184,1.05222
2013.03.01 01:00:54.365,1.05183,1.05209
2013.03.01 01:00:56.866,1.05183,1.0521
2013.03.01 01:00:56.985,1.05183,1.05209
2013.03.01 01:00:57.104,1.05182,1.05209
2013.03.01 01:01:00.034,1.05187,1.05213
2013.03.01 01:01:02.188,1.05179,1.05203
2013.03.01 01:01:02.255,1.05176,1.05203
2013.03.01 01:01:05.807,1.05176,1.05197
2013.03.01 01:01:07.474,1.05176,1.05197
2013.03.01 01:01:08.035,1.05172,1.05197
2013.03.01 01:01:08.094,1.05171,1.05197
2013.03.01 01:01:09.576,1.05171,1.05194
2013.03.01 01:01:17.136,1.05165,1.05193
2013.03.01 01:01:17.326,1.05165,1.05192
2013.03.01 01:01:18.785,1.05161,1.05189
2013.03.01 01:01:21.858,1.05162,1.05189
2013.03.01 01:01:22.220,1.05169,1.05192
2013.03.01 01:01:22.286,1.05169,1.05193
2013.03.01 01:01:27.124,1.05169,1.05193
2013.03.01 01:01:30.185,1.05174,1.05195
2013.03.01 01:01:30.256,1.05175,1.05197
2013.03.01 01:01:30.315,1.05179,1.05197
2013.03.01 01:01:30.616,1.05181,1.05205
2013.03.01 01:01:30.796,1.05188,1.05212
2013.03.01 01:01:31.216,1.05191,1.05213
2013.03.01 01:01:31.276,1.05191,1.05214
2013.03.01 01:01:31.335,1.05193,1.05216
2013.03.01 01:01:31.394,1.05193,1.05218
2013.03.01 01:01:35.295,1.05198,1.05223
2013.03.01 01:01:35.355,1.05198,1.05223
2013.03.01 01:01:35.705,1.05198,1.05224
2013.03.01 01:01:36.136,1.05204,1.05228
2013.03.01 01:01:36.256,1.05201,1.05223
2013.03.01 01:01:36.315,1.05198,1.05223
2013.03.01 01:01:36.434,1.05194,1.05218
2013.03.01 01:01:36.615,1.05192,1.05216
2013.03.01 01:01:36.797,1.05192,1.05216
2013.03.01 01:01:36.857,1.05191,1.05216
2013.03.01 01:01:37.215,1.05188,1.05214
2013.03.01 01:01:39.925,1.05188,1.05214
2013.03.01 01:01:39.985,1.05188,1.05214
2013.03.01 01:01:40.316,1.05191,1.05219
2013.03.01 01:01:40.435,1.05191,1.05219
2013.03.01 01:01:40.555,1.05195,1.05219
2013.03.01 01:01:40.795,1.05191,1.05219
2013.03.01 01:01:40.974,1.05189,1.05219
2013.03.01 01:01:41.465,1.05189,1.05206
2013.03.01 01:01:41.525,1.05181,1.05206
2013.03.01 01:01:41.585,1.05181,1.05206
2013.03.01 01:01:41.644,1.05181,1.05206
2013.03.01 01:01:41.780,1.05181,1.05208
2013.03.01 01:01:41.904,1.05183,1.05211
2013.03.01 01:01:41.964,1.05183,1.05206
2013.03.01 01:01:42.024,1.05181,1.05206
2013.03.01 01:01:42.085,1.05178,1.05206
2013.03.01 01:01:42.204,1.05178,1.05206
2013.03.01 01:01:42.564,1.0518,1.05206
2013.03.01 01:01:44.585,1.0518,1.05208
2013.03.01 01:01:45.854,1.0518,1.05206
2013.03.01 01:01:46.056,1.0518,1.05208
2013.03.01 01:01:46.296,1.05186,1.05212
2013.03.01 01:01:46.415,1.05187,1.05213
2013.03.01 01:01:46.595,1.05187,1.05213
2013.03.01 01:01:46.655,1.05187,1.05213
2013.03.01 01:01:50.358,1.0519,1.05213
2013.03.01 01:01:50.569,1.05186,1.05211
2013.03.01 01:01:51.125,1.05182,1.05206
2013.03.01 01:01:51.305,1.05181,1.05206
2013.03.01 01:01:51.366,1.05177,1.05202
2013.03.01 01:01:51.484,1.05175,1.05202
2013.03.01 01:01:51.605,1.05176,1.05202
2013.03.01 01:01:52.004,1.05181,1.05204
2013.03.01 01:01:52.365,1.05181,1.05207
2013.03.01 01:01:52.486,1.05177,1.05201
2013.03.01 01:01:52.545,1.05175,1.05201
2013.03.01 01:01:54.125,1.05177,1.05203
2013.03.01 01:01:54.424,1.05182,1.05203
2013.03.01 01:01:54.544,1.05179,1.05206
2013.03.01 01:01:55.104,1.05179,1.052
2013.03.01 01:01:55.295,1.05175,1.05195
2013.03.01 01:01:55.644,1.05176,1.05202
2013.03.01 01:01:56.065,1.05186,1.05203
2013.03.01 01:01:56.185,1.05186,1.05209
2013.03.01 01:01:56.304,1.05187,1.05212
2013.03.01 01:01:56.425,1.05187,1.05213
2013.03.01 01:01:56.665,1.05189,1.05213
2013.03.01 01:02:00.586,1.05186,1.05212
2013.03.01 01:02:00.725,1.05182,1.05206
2013.03.01 01:02:00.845,1.05182,1.05206
2013.03.01 01:02:01.508,1.05185,1.05211
2013.03.01 01:02:01.814,1.05182,1.05207
2013.03.01 01:02:01.965,1.05182,1.05207
2013.03.01 01:02:05.020,1.05178,1.05203
2013.03.01 01:02:07.864,1.05178,1.05205
2013.03.01 01:02:07.925,1.05178,1.05205
2013.03.01 01:02:10.465,1.05183,1.05209
2013.03.01 01:02:10.585,1.05182,1.05205
2013.03.01 01:02:10.646,1.05182,1.05209
2013.03.01 01:02:10.706,1.05183,1.05211
2013.03.01 01:02:11.068,1.05183,1.05209
2013.03.01 01:02:12.475,1.05183,1.05209
2013.03.01 01:02:20.299,1.0518,1.05205
2013.03.01 01:02:20.449,1.0518,1.05203
2013.03.01 01:02:33.885,1.05178,1.05202
2013.03.01 01:02:34.065,1.05177,1.05199
2013.03.01 01:02:34.185,1.05179,1.05204
2013.03.01 01:02:35.006,1.05183,1.05204
2013.03.01 01:02:35.125,1.05183,1.05206
2013.03.01 01:02:35.996,1.05184,1.05213
2013.03.01 01:02:37.334,1.05183,1.05212
2013.03.01 01:02:37.395,1.05182,1.05205
2013.03.01 01:02:37.775,1.05186,1.05212
2013.03.01 01:02:38.076,1.05186,1.05212
2013.03.01 01:02:38.315,1.05194,1.05218
2013.03.01 01:02:45.545,1.05196,1.0522
2013.03.01 01:02:45.664,1.05196,1.0522
2013.03.01 01:02:45.724,1.052,1.05226
2013.03.01 01:02:46.505,1.05199,1.05223
2013.03.01 01:02:48.955,1.05197,1.05221
2013.03.01 01:02:49.134,1.05195,1.05221
2013.03.01 01:02:55.926,1.05194,1.05221
2013.03.01 01:02:55.985,1.05194,1.05219
2013.03.01 01:02:56.467,1.05195,1.05221
2013.03.01 01:02:57.124,1.05195,1.05221
2013.03.01 01:02:57.185,1.05195,1.05219
2013.03.01 01:02:58.697,1.05192,1.05218
2013.03.01 01:02:58.757,1.05192,1.05214
2013.03.01 01:02:59.894,1.05191,1.05213
2013.03.01 01:03:00.435,1.05189,1.05213
2013.03.01 01:03:00.496,1.05189,1.05214
2013.03.01 01:03:00.636,1.05189,1.05215
2013.03.01 01:03:02.124,1.05189,1.05214
2013.03.01 01:03:02.246,1.0519,1.05213
2013.03.01 01:03:02.455,1.05189,1.05215
2013.03.01 01:03:02.635,1.05193,1.05219
2013.03.01 01:03:02.696,1.05194,1.05221
2013.03.01 01:03:03.482,1.05197,1.05223
2013.03.01 01:03:04.965,1.05192,1.05218
2013.03.01 01:03:05.025,1.05192,1.05213
2013.03.01 01:03:08.025,1.05192,1.05213
2013.03.01 01:03:09.986,1.05191,1.05213
2013.03.01 01:03:12.346,1.05189,1.05213
2013.03.01 01:03:12.465,1.05189,1.05215
2013.03.01 01:03:12.865,1.05194,1.05217
2013.03.01 01:03:12.924,1.05194,1.05214
2013.03.01 01:03:13.562,1.05192,1.05214
2013.03.01 01:03:14.084,1.05189,1.05214
2013.03.01 01:03:26.385,1.05191,1.05214
2013.03.01 01:03:27.826,1.05193,1.05218
2013.03.01 01:03:28.068,1.05192,1.05218
2013.03.01 01:03:28.185,1.05192,1.05213
2013.03.01 01:03:28.545,1.05196,1.05213
2013.03.01 01:03:28.876,1.05192,1.05213
2013.03.01 01:03:28.934,1.05192,1.05213
2013.03.01 01:03:40.844,1.05186,1.05213
2013.03.01 01:03:40.966,1.05186,1.05215
2013.03.01 01:03:41.086,1.05191,1.05218
2013.03.01 01:03:41.325,1.05195,1.05219
2013.03.01 01:03:41.385,1.05195,1.05219
2013.03.01 01:03:41.504,1.05195,1.05218
2013.03.01 01:03:42.134,1.05191,1.05218
2013.03.01 01:03:42.636,1.05191,1.05214
2013.03.01 01:03:42.755,1.05189,1.05214
2013.03.01 01:03:42.815,1.05188,1.05211
2013.03.01 01:03:42.995,1.05186,1.05209
2013.03.01 01:03:45.324,1.05188,1.05211
2013.03.01 01:03:45.445,1.05188,1.05213
2013.03.01 01:03:45.567,1.05187,1.05211
2013.03.01 01:03:45.627,1.05187,1.05208
2013.03.01 01:03:46.894,1.05188,1.05211
2013.03.01 01:03:47.354,1.05191,1.05216
2013.03.01 01:03:49.741,1.05189,1.05208
2013.03.01 01:03:49.925,1.05192,1.05216
2013.03.01 01:03:50.045,1.05192,1.05219
2013.03.01 01:03:50.576,1.05197,1.05222
2013.03.01 01:03:50.984,1.05196,1.05219
2013.03.01 01:03:52.994,1.05192,1.05216
2013.03.01 01:03:53.054,1.05191,1.05216
2013.03.01 01:03:54.184,1.05192,1.05217
2013.03.01 01:03:54.485,1.05192,1.05216
2013.03.01 01:03:54.725,1.05192,1.05218
2013.03.01 01:03:54.965,1.05192,1.05213
2013.03.01 01:03:55.085,1.05192,1.05216
2013.03.01 01:03:55.385,1.05189,1.05208
2013.03.01 01:03:55.864,1.05191,1.05216
2013.03.01 01:03:56.617,1.05189,1.05214
2013.03.01 01:04:08.115,1.05187,1.05213
2013.03.01 01:04:08.175,1.05187,1.05211
2013.03.01 01:04:08.355,1.05186,1.05212
2013.03.01 01:04:08.475,1.05186,1.05211
2013.03.01 01:04:08.535,1.05182,1.05208
2013.03.01 01:04:08.955,1.05187,1.05213
2013.03.01 01:04:09.575,1.05189,1.05213
2013.03.01 01:04:09.888,1.05191,1.05213
2013.03.01 01:04:20.594,1.05191,1.05213
2013.03.01 01:04:20.715,1.05189,1.05216
2013.03.01 01:04:20.836,1.05189,1.05213
2013.03.01 01:04:20.955,1.05189,1.05216
2013.03.01 01:04:29.144,1.05192,1.05216
2013.03.01 01:04:29.206,1.05192,1.05213
2013.03.01 01:04:29.445,1.0519,1.05214
2013.03.01 01:04:29.565,1.05186,1.05214
2013.03.01 01:04:29.625,1.05186,1.05214
2013.03.01 01:04:30.275,1.05183,1.05211
2013.03.01 01:04:30.576,1.05184,1.05209
2013.03.01 01:04:30.960,1.05186,1.05209
2013.03.01 01:04:32.755,1.05186,1.05204
2013.03.01 01:04:32.936,1.05186,1.05209
2013.03.01 01:04:36.685,1.05186,1.05203
2013.03.01 01:04:37.956,1.05186,1.05206
2013.03.01 01:04:38.077,1.05186,1.05203
2013.03.01 01:04:42.225,1.05184,1.05203
2013.03.01 01:04:44.125,1.05184,1.05206
2013.03.01 01:04:44.455,1.05187,1.05208
2013.03.01 01:04:45.236,1.05187,1.05208
2013.03.01 01:04:45.715,1.05182,1.05203
2013.03.01 01:04:45.774,1.05181,1.05198
2013.03.01 01:04:46.074,1.05181,1.05205
2013.03.01 01:04:46.196,1.05182,1.05204
2013.03.01 01:04:48.951,1.05186,1.0521
2013.03.01 01:04:49.026,1.05183,1.05208
2013.03.01 01:04:49.610,1.05182,1.05204
2013.03.01 01:04:59.266,1.05178,1.05204
2013.03.01 01:04:59.325,1.05178,1.05204
2013.03.01 01:04:59.507,1.05172,1.05198
2013.03.01 01:04:59.567,1.05172,1.05193
2013.03.01 01:05:04.534,1.05168,1.05192
2013.03.01 01:05:05.857,1.05167,1.05192
2013.03.01 01:05:06.047,1.05167,1.05192
2013.03.01 01:05:06.226,1.05168,1.05192
2013.03.01 01:05:15.127,1.05168,1.05192
2013.03.01 01:05:15.185,1.05166,1.05189
2013.03.01 01:05:15.305,1.05165,1.05188
2013.03.01 01:05:29.936,1.05163,1.05188
2013.03.01 01:05:29.995,1.05166,1.05188
2013.03.01 01:05:30.426,1.05168,1.05193
2013.03.01 01:05:30.486,1.05168,1.05193
2013.03.01 01:05:35.565,1.05163,1.05189
2013.03.01 01:05:35.745,1.05163,1.05189
2013.03.01 01:05:35.895,1.05162,1.05189
2013.03.01 01:05:38.877,1.05162,1.05183
2013.03.01 01:05:39.308,1.05163,1.05188
2013.03.01 01:05:40.479,1.05167,1.05188
2013.03.01 01:05:40.975,1.05166,1.05193
2013.03.01 01:05:41.375,1.05169,1.05194
2013.03.01 01:05:41.496,1.05167,1.05188
2013.03.01 01:05:53.905,1.05164,1.05187
2013.03.01 01:05:54.663,1.05162,1.05187
2013.03.01 01:05:59.775,1.05162,1.05183
2013.03.01 01:05:59.955,1.05162,1.05186
2013.03.01 01:06:00.639,1.05162,1.05186
2013.03.01 01:06:00.976,1.05162,1.05183
2013.03.01 01:06:01.135,1.05162,1.05183
2013.03.01 01:06:02.089,1.05162,1.05186
2013.03.01 01:06:03.515,1.05162,1.05183
2013.03.01 01:06:04.229,1.05161,1.05183
2013.03.01 01:06:04.813,1.05162,1.05188
2013.03.01 01:06:05.117,1.05171,1.05196
2013.03.01 01:06:05.236,1.05171,1.05191
2013.03.01 01:06:05.295,1.0517,1.05191
2013.03.01 01:06:05.414,1.05168,1.05191
2013.03.01 01:06:05.980,1.05167,1.05191
2013.03.01 01:06:08.396,1.05168,1.05194
2013.03.01 01:06:08.575,1.05171,1.05194
2013.03.01 01:06:09.725,1.05171,1.05194
2013.03.01 01:06:09.785,1.05172,1.05196
2013.03.01 01:06:35.416,1.05174,1.05198
2013.03.01 01:06:46.321,1.05176,1.05198
2013.03.01 01:06:46.565,1.05181,1.05202
2013.03.01 01:06:46.625,1.0518,1.05198
2013.03.01 01:06:46.805,1.05178,1.05198
2013.03.01 01:06:46.867,1.05178,1.05198
2013.03.01 01:06:48.317,1.05178,1.05202
2013.03.01 01:06:48.556,1.05178,1.05202
2013.03.01 01:06:50.076,1.05176,1.05202
2013.03.01 01:06:50.216,1.05176,1.05199
2013.03.01 01:06:50.336,1.05176,1.05197
2013.03.01 01:06:50.861,1.05176,1.05197
2013.03.01 01:06:51.386,1.05177,1.05199
2013.03.01 01:06:53.484,1.05176,1.05199
2013.03.01 01:06:55.607,1.05176,1.05199
2013.03.01 01:06:55.668,1.0518,1.05203
2013.03.01 01:06:56.095,1.05184,1.05207
2013.03.01 01:06:57.166,1.05182,1.05206
2013.03.01 01:06:57.227,1.05182,1.05204
2013.03.01 01:06:57.346,1.05181,1.05202
2013.03.01 01:06:57.766,1.05171,1.05197
2013.03.01 01:06:57.945,1.05171,1.05196
2013.03.01 01:06:58.550,1.05172,1.05193
2013.03.01 01:06:58.615,1.05172,1.05193
2013.03.01 01:06:58.735,1.0517,1.05193
2013.03.01 01:07:01.041,1.05165,1.05189
2013.03.01 01:07:01.134,1.05165,1.05188
2013.03.01 01:07:02.437,1.05165,1.05188
2013.03.01 01:07:04.475,1.05171,1.05192
2013.03.01 01:07:09.328,1.05171,1.05194
2013.03.01 01:07:09.840,1.05173,1.05194
2013.03.01 01:07:09.965,1.05173,1.05198
2013.03.01 01:07:10.085,1.05176,1.052
2013.03.01 01:07:10.205,1.05176,1.05201
2013.03.01 01:07:12.375,1.05174,1.05201
2013.03.01 01:07:12.496,1.05174,1.05199
2013.03.01 01:07:13.045,1.05174,1.05193
2013.03.01 01:07:13.426,1.05171,1.05193
2013.03.01 01:07:16.175,1.0517,1.05189
2013.03.01 01:07:16.236,1.05164,1.05187
2013.03.01 01:07:16.916,1.05164,1.05186
2013.03.01 01:07:17.036,1.05164,1.05184
2013.03.01 01:07:17.817,1.05164,1.05184
2013.03.01 01:07:20.575,1.05164,1.05184
2013.03.01 01:07:20.754,1.05161,1.05184
2013.03.01 01:07:27.835,1.05161,1.05185
2013.03.01 01:07:27.895,1.05162,1.05187
2013.03.01 01:07:27.955,1.05162,1.05187
2013.03.01 01:07:28.286,1.05162,1.05184
2013.03.01 01:07:28.467,1.05161,1.05184
2013.03.01 01:07:29.026,1.05161,1.05184
2013.03.01 01:07:29.325,1.05163,1.05188
2013.03.01 01:07:29.385,1.05163,1.05188
2013.03.01 01:07:29.446,1.05166,1.0519
2013.03.01 01:07:29.507,1.05166,1.05191
2013.03.01 01:07:38.611,1.05167,1.05188
2013.03.01 01:07:38.675,1.05167,1.05188
2013.03.01 01:07:38.976,1.05168,1.0519
2013.03.01 01:07:39.177,1.05167,1.05192
2013.03.01 01:07:53.596,1.05171,1.05195
2013.03.01 01:07:53.775,1.05176,1.05199
2013.03.01 01:07:53.835,1.05176,1.05199
2013.03.01 01:07:54.195,1.05179,1.05205
2013.03.01 01:07:54.950,1.05177,1.05205
2013.03.01 01:07:55.020,1.05178,1.052
2013.03.01 01:07:55.325,1.05175,1.05196
2013.03.01 01:07:55.444,1.05171,1.05195
2013.03.01 01:07:55.935,1.05175,1.05196
2013.03.01 01:07:57.875,1.05174,1.05195
2013.03.01 01:07:58.065,1.05172,1.05195
2013.03.01 01:07:58.315,1.05175,1.05196
2013.03.01 01:07:58.584,1.05174,1.05197
2013.03.01 01:08:00.059,1.05172,1.05196
2013.03.01 01:08:00.295,1.05172,1.05195
2013.03.01 01:08:00.835,1.05172,1.05195
2013.03.01 01:08:01.205,1.05172,1.05196
2013.03.01 01:08:01.725,1.05176,1.05202
2013.03.01 01:08:02.279,1.05178,1.05202
2013.03.01 01:08:02.605,1.05179,1.05202
2013.03.01 01:08:02.725,1.05179,1.05205
2013.03.01 01:08:02.845,1.05179,1.05206
2013.03.01 01:08:02.965,1.05178,1.05208
2013.03.01 01:08:03.395,1.05184,1.05206
2013.03.01 01:08:03.525,1.0518,1.05206
2013.03.01 01:08:03.799,1.0518,1.05206
2013.03.01 01:08:04.055,1.0518,1.05207
2013.03.01 01:08:04.914,1.05187,1.05212
2013.03.01 01:08:05.035,1.05187,1.05211
2013.03.01 01:08:05.155,1.05186,1.05211
2013.03.01 01:08:05.276,1.05186,1.05211
2013.03.01 01:08:09.335,1.05187,1.05211
2013.03.01 01:08:09.455,1.05187,1.05211
2013.03.01 01:08:11.068,1.05187,1.05209
2013.03.01 01:08:11.255,1.05187,1.05208
2013.03.01 01:08:11.880,1.05187,1.05211
2013.03.01 01:08:11.948,1.05187,1.05212
2013.03.01 01:08:15.515,1.05191,1.05218
2013.03.01 01:08:21.290,1.05191,1.05218
2013.03.01 01:08:21.595,1.05187,1.05209
2013.03.01 01:08:22.130,1.05186,1.05208
2013.03.01 01:08:36.747,1.05186,1.05209
2013.03.01 01:08:37.426,1.05186,1.05209
2013.03.01 01:08:41.879,1.05186,1.05213
2013.03.01 01:08:42.266,1.05186,1.0521
2013.03.01 01:08:43.145,1.05187,1.0521
2013.03.01 01:08:43.265,1.0519,1.05213
2013.03.01 01:08:43.325,1.05187,1.05213
2013.03.01 01:08:43.445,1.05187,1.05213
2013.03.01 01:08:48.855,1.05187,1.05213
2013.03.01 01:08:49.054,1.05187,1.05213
2013.03.01 01:08:49.115,1.05187,1.05213
2013.03.01 01:08:49.793,1.05192,1.05214
2013.03.01 01:08:55.565,1.05186,1.05209
2013.03.01 01:08:55.685,1.05186,1.05209
2013.03.01 01:08:56.334,1.05186,1.05209
2013.03.01 01:08:57.079,1.0519,1.05212
2013.03.01 01:08:57.145,1.0519,1.05212
2013.03.01 01:08:57.205,1.0519,1.05213
2013.03.01 01:08:57.325,1.05189,1.05209
2013.03.01 01:08:57.641,1.05189,1.05209
2013.03.01 01:08:59.485,1.05191,1.05215
2013.03.01 01:08:59.545,1.05191,1.05215
2013.03.01 01:08:59.666,1.05189,1.05209
2013.03.01 01:08:59.905,1.05191,1.05217
2013.03.01 01:09:00.085,1.05191,1.05208
2013.03.01 01:09:00.386,1.05191,1.05208
2013.03.01 01:09:00.927,1.05191,1.05208
2013.03.01 01:09:01.045,1.05189,1.05208
2013.03.01 01:09:06.539,1.05191,1.05214
2013.03.01 01:09:06.845,1.05191,1.05215
2013.03.01 01:09:06.905,1.0519,1.05214
2013.03.01 01:09:07.294,1.05189,1.05209
2013.03.01 01:09:08.505,1.05191,1.05214
2013.03.01 01:09:09.105,1.05191,1.05217
2013.03.01 01:09:09.286,1.05196,1.05219
2013.03.01 01:09:20.289,1.05198,1.05222
2013.03.01 01:09:20.465,1.05198,1.05222
2013.03.01 01:09:26.686,1.05198,1.05218
2013.03.01 01:09:26.866,1.05198,1.05218
2013.03.01 01:09:27.560,1.05198,1.05218
2013.03.01 01:09:32.181,1.05198,1.05218
2013.03.01 01:09:32.485,1.05199,1.05224
2013.03.01 01:09:36.866,1.05198,1.0522
2013.03.01 01:09:36.987,1.05198,1.05219
2013.03.01 01:09:37.225,1.05198,1.05224
2013.03.01 01:09:37.345,1.05198,1.05224
2013.03.01 01:09:37.706,1.05198,1.05221
2013.03.01 01:09:41.605,1.05198,1.05224
2013.03.01 01:09:41.726,1.05198,1.05224
2013.03.01 01:09:43.680,1.05201,1.05226
2013.03.01 01:09:52.145,1.05203,1.05228
2013.03.01 01:09:52.386,1.05205,1.05228
2013.03.01 01:09:56.856,1.05207,1.05229
2013.03.01 01:09:57.415,1.05207,1.05228
2013.03.01 01:10:00.625,1.05208,1.0523
2013.03.01 01:10:00.935,1.05208,1.05225
2013.03.01 01:10:01.257,1.05204,1.05225
2013.03.01 01:10:03.937,1.05206,1.05229
2013.03.01 01:10:04.296,1.05213,1.05234
2013.03.01 01:10:04.615,1.05215,1.05238
2013.03.01 01:10:04.677,1.05215,1.05238
2013.03.01 01:10:07.568,1.05215,1.05237
2013.03.01 01:10:07.925,1.05213,1.05234
2013.03.01 01:10:09.586,1.05215,1.05239
2013.03.01 01:10:09.765,1.05215,1.05239
2013.03.01 01:10:10.155,1.05215,1.05243
2013.03.01 01:10:10.336,1.05216,1.05243
2013.03.01 01:10:18.186,1.05217,1.05241
2013.03.01 01:10:18.246,1.05217,1.05241
2013.03.01 01:10:19.905,1.05216,1.05243
2013.03.01 01:10:20.026,1.05216,1.05243
2013.03.01 01:10:20.876,1.05218,1.05243
2013.03.01 01:10:20.936,1.05216,1.05241
2013.03.01 01:10:21.878,1.05216,1.05241
2013.03.01 01:10:27.494,1.05214,1.05239
2013.03.01 01:10:44.766,1.05216,1.0524
2013.03.01 01:10:55.146,1.05217,1.05241
2013.03.01 01:10:55.326,1.05218,1.05242
2013.03.01 01:10:55.886,1.05222,1.05248
2013.03.01 01:10:56.066,1.05222,1.05249
2013.03.01 01:10:57.243,1.05226,1.05251
2013.03.01 01:10:58.325,1.05225,1.05251
2013.03.01 01:10:58.640,1.05225,1.05246
2013.03.01 01:10:59.406,1.05226,1.05251
2013.03.01 01:11:07.318,1.05228,1.05253
2013.03.01 01:11:07.556,1.05228,1.05255
2013.03.01 01:11:07.868,1.05227,1.05252
2013.03.01 01:11:08.431,1.05227,1.05252
2013.03.01 01:11:17.799,1.05228,1.05252
2013.03.01 01:11:18.143,1.05229,1.05255
2013.03.01 01:11:18.355,1.05228,1.05252
2013.03.01 01:11:18.733,1.05228,1.05252
2013.03.01 01:11:21.706,1.05228,1.05253
2013.03.01 01:11:21.825,1.05229,1.05255
2013.03.01 01:11:27.715,1.05228,1.05252
2013.03.01 01:11:28.262,1.05228,1.05252
2013.03.01 01:11:28.787,1.05228,1.05252
2013.03.01 01:11:33.101,1.05228,1.05252
2013.03.01 01:11:34.716,1.05228,1.05252
2013.03.01 01:11:50.355,1.05225,1.05245
2013.03.01 01:11:50.476,1.05224,1.05243
2013.03.01 01:11:50.595,1.05222,1.05244
2013.03.01 01:11:50.716,1.05221,1.05244
2013.03.01 01:11:50.776,1.05221,1.05246
2013.03.01 01:11:51.324,1.05221,1.05245
2013.03.01 01:11:52.141,1.05221,1.05245
2013.03.01 01:11:54.526,1.05222,1.05245
2013.03.01 01:11:54.835,1.05224,1.05248
2013.03.01 01:12:01.785,1.05221,1.05245
2013.03.01 01:12:02.582,1.05221,1.05245
2013.03.01 01:12:32.626,1.0522,1.05237
2013.03.01 01:12:32.746,1.05214,1.05236
2013.03.01 01:12:32.866,1.05216,1.05238
2013.03.01 01:12:32.926,1.05216,1.05238
2013.03.01 01:12:33.166,1.05214,1.05235
2013.03.01 01:12:33.527,1.05214,1.05235
2013.03.01 01:12:34.495,1.05214,1.05235
2013.03.01 01:12:35.615,1.05212,1.05235
2013.03.01 01:12:42.355,1.05211,1.05234
2013.03.01 01:12:42.416,1.05208,1.05233
2013.03.01 01:12:42.997,1.05208,1.05233
2013.03.01 01:12:43.308,1.05204,1.05224
2013.03.01 01:12:43.846,1.05201,1.05224
2013.03.01 01:12:43.905,1.05201,1.05224
2013.03.01 01:12:44.796,1.05201,1.05224
2013.03.01 01:12:45.105,1.05204,1.05226
2013.03.01 01:12:45.615,1.05204,1.05228
2013.03.01 01:12:49.867,1.05205,1.05228
2013.03.01 01:12:50.046,1.05215,1.0523
2013.03.01 01:12:50.315,1.05211,1.0523
2013.03.01 01:12:50.515,1.05211,1.05234
2013.03.01 01:12:50.576,1.05211,1.05235
2013.03.01 01:12:50.996,1.05211,1.05235
2013.03.01 01:12:51.606,1.05209,1.05235
2013.03.01 01:12:57.365,1.05207,1.05231
2013.03.01 01:12:57.425,1.05207,1.05231
2013.03.01 01:12:57.725,1.05207,1.0523
2013.03.01 01:12:58.165,1.05204,1.05225
2013.03.01 01:12:58.466,1.05199,1.05224
2013.03.01 01:12:58.706,1.05196,1.0522
2013.03.01 01:12:59.125,1.05197,1.0522
2013.03.01 01:12:59.306,1.05197,1.05222
2013.03.01 01:13:04.435,1.05197,1.05221
2013.03.01 01:13:04.796,1.05195,1.05218
2013.03.01 01:13:04.977,1.05197,1.05221
2013.03.01 01:13:05.306,1.05198,1.05221
2013.03.01 01:13:05.426,1.05198,1.05222
2013.03.01 01:13:12.145,1.05197,1.0522
2013.03.01 01:13:12.265,1.05197,1.0522
2013.03.01 01:13:12.615,1.05195,1.05217
2013.03.01 01:13:12.956,1.05191,1.05214
2013.03.01 01:13:13.135,1.05191,1.05214
2013.03.01 01:13:26.846,1.05191,1.05209
2013.03.01 01:13:26.906,1.05191,1.05209
2013.03.01 01:13:26.965,1.05191,1.05213
2013.03.01 01:13:27.305,1.05188,1.05212
2013.03.01 01:13:27.665,1.05183,1.05207
2013.03.01 01:13:28.267,1.05183,1.05205
2013.03.01 01:13:28.815,1.05183,1.05205
2013.03.01 01:13:33.446,1.05181,1.05205
2013.03.01 01:13:33.506,1.05183,1.05208
2013.03.01 01:13:34.026,1.05183,1.05209
2013.03.01 01:13:35.755,1.05183,1.05209
2013.03.01 01:13:36.107,1.05187,1.0521
2013.03.01 01:13:36.346,1.05187,1.0521
2013.03.01 01:13:43.546,1.0519,1.05214
2013.03.01 01:13:43.876,1.05193,1.05215
2013.03.01 01:13:44.057,1.05192,1.05214
2013.03.01 01:13:44.177,1.05192,1.05214
2013.03.01 01:13:44.236,1.05192,1.05217
2013.03.01 01:13:44.546,1.05196,1.0522
2013.03.01 01:13:45.126,1.05194,1.0522
2013.03.01 01:13:47.176,1.05194,1.05216
2013.03.01 01:13:49.375,1.0519,1.05214
2013.03.01 01:13:49.436,1.0519,1.05214
2013.03.01 01:13:49.806,1.05187,1.05211
2013.03.01 01:13:58.135,1.05186,1.05208
2013.03.01 01:13:58.255,1.05186,1.05208
2013.03.01 01:14:09.406,1.05184,1.05205
2013.03.01 01:14:09.883,1.05179,1.05203
2013.03.01 01:14:10.562,1.05179,1.05203
2013.03.01 01:14:12.665,1.05187,1.05208
2013.03.01 01:14:13.261,1.05187,1.05208
2013.03.01 01:14:17.625,1.05184,1.05208
2013.03.01 01:14:18.001,1.05184,1.05205
2013.03.01 01:14:21.266,1.05179,1.05203
2013.03.01 01:14:24.527,1.05179,1.05203
2013.03.01 01:14:26.022,1.05187,1.05206
2013.03.01 01:14:26.095,1.05187,1.05207
2013.03.01 01:14:26.159,1.05183,1.05204
2013.03.01 01:14:26.618,1.05183,1.05204
2013.03.01 01:14:41.286,1.05186,1.05208
2013.03.01 01:14:41.406,1.05186,1.05209
2013.03.01 01:14:52.366,1.05184,1.05207
2013.03.01 01:14:52.427,1.05184,1.05201
2013.03.01 01:14:52.966,1.05184,1.05201
2013.03.01 01:14:56.739,1.05182,1.05201
2013.03.01 01:14:56.996,1.05178,1.05201
2013.03.01 01:14:57.316,1.05176,1.05194
2013.03.01 01:14:57.736,1.05177,1.05199
2013.03.01 01:14:58.344,1.05177,1.05199
2013.03.01 01:15:00.884,1.05173,1.05199
2013.03.01 01:15:01.391,1.05173,1.05195
2013.03.01 01:15:02.054,1.05173,1.05196
2013.03.01 01:15:02.547,1.05177,1.05198
2013.03.01 01:15:03.086,1.05177,1.05198
2013.03.01 01:15:09.259,1.05179,1.05198
2013.03.01 01:15:09.557,1.05179,1.05203
2013.03.01 01:15:09.748,1.05179,1.05204
2013.03.01 01:15:12.586,1.05179,1.052
2013.03.01 01:15:12.936,1.05179,1.05203
2013.03.01 01:15:13.116,1.05181,1.05205
2013.03.01 01:15:13.356,1.05187,1.05207
2013.03.01 01:15:13.898,1.05187,1.05208
2013.03.01 01:15:25.365,1.05185,1.05208
2013.03.01 01:15:58.416,1.05185,1.05208
2013.03.01 01:15:58.475,1.05184,1.05204
2013.03.01 01:15:58.535,1.05183,1.05204
2013.03.01 01:15:58.716,1.05179,1.05203
2013.03.01 01:16:00.196,1.05177,1.05203
2013.03.01 01:16:01.034,1.05177,1.05203
2013.03.01 01:16:01.276,1.05176,1.052
2013.03.01 01:16:01.547,1.05177,1.05204
2013.03.01 01:16:04.879,1.05179,1.05204
2013.03.01 01:16:05.493,1.05184,1.05206
2013.03.01 01:16:06.035,1.05186,1.05209
2013.03.01 01:16:08.545,1.05186,1.05212
2013.03.01 01:16:08.666,1.05186,1.05213
2013.03.01 01:16:09.206,1.05191,1.05213
2013.03.01 01:16:09.326,1.05191,1.05213
2013.03.01 01:16:30.322,1.05185,1.05213
2013.03.01 01:16:30.566,1.05185,1.05209
2013.03.01 01:16:49.623,1.05185,1.05209
2013.03.01 01:17:07.785,1.05185,1.05209
2013.03.01 01:17:09.635,1.05184,1.05209
2013.03.01 01:17:10.735,1.05182,1.05209
2013.03.01 01:17:24.125,1.05183,1.05209
2013.03.01 01:17:27.237,1.05183,1.05209
2013.03.01 01:17:36.350,1.05181,1.05207
2013.03.01 01:17:36.655,1.05179,1.05203
2013.03.01 01:17:37.135,1.05176,1.05201
2013.03.01 01:17:37.195,1.05176,1.05201
2013.03.01 01:17:40.320,1.05173,1.05199
2013.03.01 01:17:41.071,1.05172,1.05199
2013.03.01 01:17:47.186,1.05173,1.05199
2013.03.01 01:17:47.245,1.05178,1.05199
2013.03.01 01:17:47.526,1.05177,1.05202
2013.03.01 01:17:53.865,1.05177,1.05202
2013.03.01 01:17:53.926,1.05186,1.05206
2013.03.01 01:17:54.795,1.05186,1.05212
2013.03.01 01:17:56.405,1.05187,1.05212
2013.03.01 01:17:56.526,1.0519,1.05218
2013.03.01 01:18:16.685,1.05192,1.05217
2013.03.01 01:18:28.366,1.05195,1.0522
2013.03.01 01:18:37.278,1.05195,1.05219
2013.03.01 01:18:37.849,1.05196,1.05221
2013.03.01 01:19:08.448,1.05196,1.0522
2013.03.01 01:19:17.637,1.05196,1.05219
2013.03.01 01:19:29.040,1.05196,1.05218
2013.03.01 01:19:29.226,1.05199,1.05224
2013.03.01 01:19:43.282,1.05201,1.05224
2013.03.01 01:19:44.224,1.05203,1.05224
2013.03.01 01:19:50.829,1.05202,1.05223
2013.03.01 01:19:51.026,1.05198,1.05223
2013.03.01 01:19:51.386,1.05198,1.0522
2013.03.01 01:19:55.558,1.05199,1.0522
2013.03.01 01:19:57.436,1.05205,1.05223
2013.03.01 01:19:57.946,1.05205,1.05224
2013.03.01 01:19:58.245,1.05205,1.05228
2013.03.01 01:19:58.365,1.05208,1.05228
2013.03.01 01:19:58.960,1.05208,1.05229
2013.03.01 01:20:00.265,1.05208,1.05229
2013.03.01 01:20:00.706,1.05208,1.05229
2013.03.01 01:20:05.835,1.05207,1.05229
2013.03.01 01:20:06.127,1.05205,1.0523
2013.03.01 01:20:15.875,1.052,1.05224
2013.03.01 01:20:15.935,1.052,1.05222
2013.03.01 01:20:25.828,1.05201,1.05222
2013.03.01 01:20:25.947,1.05205,1.05224
2013.03.01 01:20:46.358,1.05206,1.05222
2013.03.01 01:20:46.597,1.05206,1.05228
2013.03.01 01:20:46.717,1.05206,1.05228
2013.03.01 01:20:59.675,1.05202,1.05223
2013.03.01 01:21:00.020,1.052,1.05223
2013.03.01 01:21:00.108,1.05196,1.05221
2013.03.01 01:21:00.166,1.05196,1.05221
2013.03.01 01:21:00.226,1.05196,1.05219
2013.03.01 01:21:03.297,1.05195,1.05216
2013.03.01 01:21:03.536,1.05204,1.05223
2013.03.01 01:21:03.656,1.05204,1.05223
2013.03.01 01:21:03.776,1.05197,1.05218
2013.03.01 01:21:03.996,1.05197,1.05218
2013.03.01 01:21:05.075,1.05197,1.05223
2013.03.01 01:21:05.256,1.052,1.05225
2013.03.01 01:21:05.436,1.05196,1.05223
2013.03.01 01:21:05.497,1.05196,1.05219
2013.03.01 01:21:06.026,1.05196,1.05217
2013.03.01 01:21:11.611,1.05196,1.05218
2013.03.01 01:21:21.347,1.05196,1.05218
2013.03.01 01:21:22.109,1.05201,1.05218
2013.03.01 01:21:24.555,1.052,1.05225
2013.03.01 01:21:44.475,1.052,1.05222
2013.03.01 01:21:46.046,1.05197,1.05219
2013.03.01 01:21:46.385,1.05195,1.05219
2013.03.01 01:21:51.325,1.05197,1.05219
2013.03.01 01:21:51.445,1.052,1.05222
2013.03.01 01:22:04.634,1.052,1.05222
2013.03.01 01:22:16.376,1.052,1.05223
2013.03.01 01:22:32.536,1.052,1.05219
2013.03.01 01:22:32.876,1.05197,1.05223
2013.03.01 01:22:32.996,1.05196,1.05224
2013.03.01 01:22:33.806,1.05197,1.05218
2013.03.01 01:22:34.165,1.05194,1.05218
2013.03.01 01:22:50.322,1.05193,1.05219
2013.03.01 01:22:50.506,1.05191,1.05217
2013.03.01 01:22:51.016,1.05191,1.05217
2013.03.01 01:22:51.285,1.05191,1.05217
2013.03.01 01:22:51.495,1.05192,1.05219
2013.03.01 01:22:55.388,1.05195,1.05217
2013.03.01 01:22:55.446,1.05196,1.05223
2013.03.01 01:22:55.991,1.05201,1.05223
2013.03.01 01:23:06.506,1.05201,1.05226
2013.03.01 01:23:07.236,1.05204,1.05228
2013.03.01 01:23:07.538,1.05211,1.0523
2013.03.01 01:23:07.599,1.05211,1.05231
2013.03.01 01:23:07.659,1.05215,1.05235
2013.03.01 01:23:07.787,1.05214,1.05235
2013.03.01 01:23:08.026,1.05211,1.05234
2013.03.01 01:23:08.086,1.05211,1.05234
2013.03.01 01:23:09.874,1.05211,1.05235
2013.03.01 01:23:10.456,1.05211,1.05235
2013.03.01 01:23:11.526,1.05214,1.05236
2013.03.01 01:23:11.766,1.05221,1.05243
2013.03.01 01:23:12.185,1.0522,1.05237
2013.03.01 01:23:12.307,1.05215,1.05237
2013.03.01 01:23:12.841,1.05215,1.05236
2013.03.01 01:23:12.966,1.05215,1.05233
2013.03.01 01:23:15.376,1.05213,1.05236
2013.03.01 01:23:16.016,1.0521,1.05236
2013.03.01 01:23:17.711,1.0521,1.05236
2013.03.01 01:23:17.846,1.0521,1.05236
2013.03.01 01:23:18.186,1.05209,1.0523
2013.03.01 01:23:18.366,1.05207,1.0523
2013.03.01 01:23:26.625,1.05206,1.0523
2013.03.01 01:23:26.686,1.05204,1.05227
2013.03.01 01:23:26.746,1.05204,1.05224
2013.03.01 01:23:26.807,1.05199,1.05224
2013.03.01 01:23:27.208,1.05199,1.05221
2013.03.01 01:23:27.766,1.05199,1.05224
2013.03.01 01:23:29.706,1.05199,1.05224
2013.03.01 01:23:29.825,1.05198,1.05224
2013.03.01 01:23:30.134,1.052,1.05226
2013.03.01 01:23:30.893,1.052,1.05224
2013.03.01 01:23:31.016,1.05198,1.05224
2013.03.01 01:23:31.414,1.052,1.05224
2013.03.01 01:23:31.484,1.05202,1.05224
2013.03.01 01:23:31.606,1.05203,1.05225
2013.03.01 01:23:31.731,1.05206,1.05228
2013.03.01 01:23:32.388,1.05206,1.05229
2013.03.01 01:23:32.785,1.05204,1.05228
2013.03.01 01:23:32.915,1.05204,1.05223
2013.03.01 01:23:33.156,1.05205,1.05228
2013.03.01 01:23:33.467,1.05204,1.05222
2013.03.01 01:23:33.886,1.05202,1.05223
2013.03.01 01:23:33.946,1.05201,1.05223
2013.03.01 01:23:34.006,1.05202,1.05223
2013.03.01 01:23:34.916,1.05207,1.05229
2013.03.01 01:23:34.976,1.05207,1.0523
2013.03.01 01:23:35.216,1.05209,1.05233
2013.03.01 01:23:35.345,1.05209,1.05233
2013.03.01 01:23:35.467,1.05209,1.0523
2013.03.01 01:23:35.825,1.05211,1.0523
2013.03.01 01:23:36.006,1.05212,1.05236
2013.03.01 01:23:36.126,1.05213,1.05239
2013.03.01 01:23:36.185,1.05213,1.05239
2013.03.01 01:23:36.686,1.05218,1.05244
2013.03.01 01:23:36.746,1.05222,1.05245
2013.03.01 01:23:41.666,1.05222,1.05245
2013.03.01 01:23:42.029,1.05222,1.05241
2013.03.01 01:23:42.326,1.05217,1.05241
2013.03.01 01:24:00.545,1.05216,1.05238
2013.03.01 01:24:00.856,1.05208,1.05229
2013.03.01 01:24:00.917,1.05207,1.05228
2013.03.01 01:24:00.976,1.05207,1.05228
2013.03.01 01:24:03.546,1.05202,1.05228
2013.03.01 01:24:09.985,1.05203,1.05228
2013.03.01 01:24:44.741,1.05204,1.05228
2013.03.01 01:24:53.887,1.05203,1.05228
2013.03.01 01:24:54.007,1.05199,1.05223
2013.03.01 01:24:54.773,1.05202,1.05226
2013.03.01 01:25:12.606,1.05201,1.05222
2013.03.01 01:25:12.917,1.05198,1.05219
2013.03.01 01:25:12.977,1.05199,1.05219
2013.03.01 01:25:13.158,1.05203,1.05224
2013.03.01 01:25:15.029,1.05204,1.05224
2013.03.01 01:25:16.087,1.05207,1.05232
2013.03.01 01:25:16.763,1.05209,1.05233
2013.03.01 01:25:17.706,1.05208,1.05233
2013.03.01 01:25:21.064,1.05208,1.05232
2013.03.01 01:25:21.448,1.05207,1.05228
2013.03.01 01:25:23.856,1.05206,1.05224
2013.03.01 01:25:23.976,1.05204,1.05224
2013.03.01 01:25:28.926,1.05204,1.05224
2013.03.01 01:25:29.187,1.05204,1.05223
2013.03.01 01:25:44.630,1.05204,1.05227
2013.03.01 01:25:44.695,1.05205,1.05227
2013.03.01 01:26:03.366,1.05205,1.05221
2013.03.01 01:26:03.426,1.05204,1.05221
2013.03.01 01:26:03.546,1.05199,1.05216
2013.03.01 01:26:03.606,1.05201,1.05221
2013.03.01 01:26:03.726,1.05201,1.05224
2013.03.01 01:26:03.906,1.05198,1.05224
2013.03.01 01:26:04.267,1.05199,1.05217
2013.03.01 01:26:10.407,1.05199,1.0522
2013.03.01 01:26:10.526,1.05202,1.05224
2013.03.01 01:26:11.726,1.05203,1.05227
2013.03.01 01:26:11.822,1.05203,1.05229
2013.03.01 01:26:11.946,1.05208,1.05232
2013.03.01 01:26:12.067,1.05209,1.05234
2013.03.01 01:26:12.187,1.05209,1.05232
2013.03.01 01:26:13.049,1.05208,1.05236
2013.03.01 01:26:13.116,1.05209,1.05237
2013.03.01 01:26:13.491,1.05214,1.05237
2013.03.01 01:26:13.616,1.05216,1.0524
2013.03.01 01:26:13.736,1.05216,1.0524
2013.03.01 01:26:14.277,1.05216,1.05239
2013.03.01 01:26:28.906,1.05215,1.05239
2013.03.01 01:26:29.217,1.05214,1.0524
2013.03.01 01:26:30.266,1.05211,1.05237
2013.03.01 01:26:30.326,1.0521,1.05235
2013.03.01 01:26:30.697,1.05209,1.05233
2013.03.01 01:26:32.846,1.05205,1.05231
2013.03.01 01:26:48.606,1.05205,1.0523
2013.03.01 01:26:48.846,1.052,1.05225
2013.03.01 01:26:48.967,1.052,1.05225
2013.03.01 01:26:52.046,1.05197,1.0522
2013.03.01 01:26:55.776,1.05196,1.0522
2013.03.01 01:27:03.245,1.05197,1.05221
2013.03.01 01:27:06.659,1.052,1.05226
2013.03.01 01:27:06.835,1.052,1.05226
2013.03.01 01:27:29.065,1.05198,1.05224
2013.03.01 01:27:29.128,1.05197,1.05223
2013.03.01 01:27:29.186,1.05197,1.05223
2013.03.01 01:27:30.552,1.05198,1.05224
2013.03.01 01:27:30.736,1.052,1.05225
2013.03.01 01:27:32.636,1.05204,1.05225
2013.03.01 01:27:32.876,1.05202,1.05225
2013.03.01 01:27:33.056,1.05205,1.05225
2013.03.01 01:27:33.236,1.05203,1.05228
2013.03.01 01:27:37.157,1.05213,1.05232
2013.03.01 01:27:37.516,1.05212,1.05236
2013.03.01 01:27:37.757,1.05212,1.05238
2013.03.01 01:27:39.066,1.05215,1.05238
2013.03.01 01:27:49.556,1.05212,1.05238
2013.03.01 01:27:49.736,1.05212,1.05237
2013.03.01 01:27:49.796,1.05211,1.05237
2013.03.01 01:27:50.346,1.05208,1.05232
2013.03.01 01:27:50.708,1.05205,1.05229
2013.03.01 01:27:59.826,1.05209,1.05231
2013.03.01 01:28:00.006,1.0521,1.05236
2013.03.01 01:28:00.905,1.05209,1.05236
2013.03.01 01:28:01.317,1.05208,1.05233
2013.03.01 01:28:02.738,1.0521,1.05236
2013.03.01 01:28:02.859,1.0521,1.05237
2013.03.01 01:28:09.596,1.0521,1.05236
2013.03.01 01:28:10.005,1.05208,1.05234
2013.03.01 01:28:12.006,1.05207,1.05231
2013.03.01 01:28:12.796,1.05206,1.05231
2013.03.01 01:28:25.228,1.05206,1.05231
2013.03.01 01:28:25.346,1.05205,1.05227
2013.03.01 01:28:25.647,1.052,1.05225
2013.03.01 01:28:25.768,1.05202,1.05225
2013.03.01 01:28:25.900,1.05203,1.05225
2013.03.01 01:28:26.646,1.05205,1.0523
2013.03.01 01:28:33.217,1.05205,1.05231
2013.03.01 01:28:40.618,1.05203,1.05229
2013.03.01 01:28:40.959,1.05203,1.05226
2013.03.01 01:28:46.736,1.05202,1.05226
2013.03.01 01:29:01.407,1.05198,1.05222
2013.03.01 01:29:01.467,1.05198,1.05222
2013.03.01 01:29:21.726,1.05197,1.05224
2013.03.01 01:29:42.642,1.05199,1.05224
2013.03.01 01:30:01.027,1.05196,1.0522
2013.03.01 01:30:01.820,1.05197,1.0522
2013.03.01 01:30:02.066,1.05197,1.05222
2013.03.01 01:30:04.850,1.05197,1.0522
2013.03.01 01:30:12.156,1.05201,1.05223
2013.03.01 01:30:15.784,1.05201,1.05223
2013.03.01 01:30:16.346,1.05199,1.05221
2013.03.01 01:30:26.038,1.05199,1.05215
2013.03.01 01:30:26.096,1.05194,1.05215
2013.03.01 01:30:26.158,1.05194,1.05214
2013.03.01 01:30:26.808,1.05194,1.05214
2013.03.01 01:30:27.164,1.05194,1.05214
2013.03.01 01:30:27.238,1.05194,1.05214
2013.03.01 01:30:27.626,1.05194,1.05217
2013.03.01 01:30:27.687,1.05194,1.05217
2013.03.01 01:30:28.397,1.05197,1.05222
2013.03.01 01:31:00.616,1.05198,1.05222
2013.03.01 01:31:14.209,1.05199,1.05222
2013.03.01 01:31:14.576,1.05199,1.05214
2013.03.01 01:31:14.696,1.05195,1.05214
2013.03.01 01:31:14.817,1.05194,1.05214
2013.03.01 01:31:34.686,1.05192,1.05214
2013.03.01 01:31:55.146,1.05189,1.05212
2013.03.01 01:31:58.832,1.05191,1.05214
2013.03.01 01:31:59.947,1.05189,1.05213
2013.03.01 01:32:14.672,1.05187,1.05213
