Time,Bid,Ask
2013.03.29 00:00:06.710,1.05812,1.05852
2013.03.29 00:00:12.137,1.05811,1.05852
2013.03.29 00:00:12.972,1.05812,1.05852
2013.03.29 00:00:34.818,1.05812,1.05852
2013.03.29 00:00:36.791,1.05812,1.05852
2013.03.29 00:00:37.570,1.05812,1.05852
2013.03.29 00:00:47.147,1.05812,1.05853
2013.03.29 00:00:47.407,1.05812,1.05854
2013.03.29 00:00:49.097,1.05814,1.05854
2013.03.29 00:00:52.867,1.05817,1.05859
2013.03.29 00:01:18.399,1.05821,1.05862
2013.03.29 00:01:18.457,1.0582,1.05862
2013.03.29 00:01:19.178,1.05819,1.05861
2013.03.29 00:01:19.598,1.05818,1.05856
2013.03.29 00:01:20.338,1.05818,1.05861
2013.03.29 00:01:20.669,1.05816,1.05855
2013.03.29 00:01:21.118,1.05814,1.0585
2013.03.29 00:01:21.659,1.05815,1.05856
2013.03.29 00:01:23.601,1.05819,1.05861
2013.03.29 00:01:45.061,1.05817,1.05858
2013.03.29 00:01:51.368,1.05817,1.05858
2013.03.29 00:01:56.848,1.05825,1.05861
2013.03.29 00:02:31.377,1.05825,1.05864
2013.03.29 00:02:38.408,1.05817,1.05854
2013.03.29 00:02:38.589,1.05817,1.05853
2013.03.29 00:02:38.897,1.05806,1.05846
2013.03.29 00:02:46.418,1.05804,1.05845
2013.03.29 00:02:51.938,1.05805,1.05845
2013.03.29 00:02:52.058,1.0581,1.05849
2013.03.29 00:02:53.161,1.05815,1.05849
2013.03.29 00:03:00.570,1.05813,1.05851
2013.03.29 00:03:34.478,1.05815,1.05854
2013.03.29 00:03:34.718,1.05815,1.05849
2013.03.29 00:03:38.168,1.05808,1.05848
2013.03.29 00:03:38.689,1.05808,1.05844
2013.03.29 00:03:45.688,1.05815,1.05848
2013.03.29 00:03:45.807,1.05815,1.0585
2013.03.29 00:03:45.868,1.05815,1.05853
2013.03.29 00:03:45.987,1.05815,1.05854
2013.03.29 00:03:46.297,1.05815,1.05854
2013.03.29 00:03:51.357,1.05821,1.05848
2013.03.29 00:03:51.923,1.05821,1.05848
2013.03.29 00:03:51.987,1.05821,1.05855
2013.03.29 00:04:00.368,1.05821,1.05848
2013.03.29 00:04:02.428,1.05817,1.05853
2013.03.29 00:04:02.547,1.05817,1.05854
2013.03.29 00:04:05.728,1.05816,1.05855
2013.03.29 00:04:05.908,1.0581,1.05849
2013.03.29 00:04:20.397,1.0581,1.05849
2013.03.29 00:04:20.818,1.0581,1.0585
2013.03.29 00:04:52.179,1.05812,1.05855
2013.03.29 00:05:03.888,1.05817,1.05855
2013.03.29 00:05:03.948,1.05819,1.05855
2013.03.29 00:05:07.128,1.05823,1.05854
2013.03.29 00:05:08.528,1.05821,1.05849
2013.03.29 00:05:08.588,1.05818,1.05849
2013.03.29 00:05:09.669,1.05817,1.0585
2013.03.29 00:05:10.148,1.05813,1.05849
2013.03.29 00:05:10.329,1.05813,1.0585
2013.03.29 00:05:13.972,1.05809,1.05849
2013.03.29 00:05:14.100,1.05809,1.05848
2013.03.29 00:05:14.318,1.05809,1.05845
2013.03.29 00:05:15.861,1.05809,1.05848
2013.03.29 00:05:19.057,1.05814,1.05848
2013.03.29 00:05:22.838,1.05814,1.05853
2013.03.29 00:05:23.168,1.05817,1.05849
2013.03.29 00:05:23.228,1.05817,1.05854
2013.03.29 00:05:29.061,1.05821,1.0585
2013.03.29 00:05:31.358,1.05818,1.05854
2013.03.29 00:05:31.542,1.05821,1.05854
2013.03.29 00:05:33.930,1.0582,1.05854
2013.03.29 00:05:34.109,1.05816,1.0585
2013.03.29 00:05:36.317,1.05816,1.0585
2013.03.29 00:05:37.039,1.05822,1.05854
2013.03.29 00:05:39.648,1.0582,1.05854
2013.03.29 00:05:39.769,1.05817,1.0585
2013.03.29 00:05:40.638,1.05817,1.0585
2013.03.29 00:06:12.889,1.05819,1.05848
2013.03.29 00:06:14.813,1.05813,1.05848
2013.03.29 00:06:15.618,1.05813,1.05854
2013.03.29 00:06:17.118,1.05811,1.05854
2013.03.29 00:06:17.178,1.0581,1.0585
2013.03.29 00:06:17.298,1.05808,1.05836
2013.03.29 00:06:17.357,1.05809,1.05839
2013.03.29 00:06:17.657,1.05804,1.05841
2013.03.29 00:06:21.677,1.05805,1.05841
2013.03.29 00:06:38.885,1.05803,1.05838
2013.03.29 00:06:49.343,1.05803,1.05836
2013.03.29 00:06:49.960,1.05803,1.05834
2013.03.29 00:07:11.963,1.05803,1.05834
2013.03.29 00:07:30.739,1.05805,1.05835
2013.03.29 00:07:49.567,1.05801,1.05846
2013.03.29 00:07:57.625,1.05803,1.05845
2013.03.29 00:08:10.906,1.05803,1.05845
2013.03.29 00:08:17.749,1.05802,1.05845
2013.03.29 00:08:18.478,1.058,1.05846
2013.03.29 00:08:19.346,1.058,1.05844
2013.03.29 00:08:20.151,1.058,1.05844
2013.03.29 00:08:37.787,1.058,1.05844
2013.03.29 00:08:51.068,1.05799,1.05829
2013.03.29 00:08:51.429,1.05799,1.05829
2013.03.29 00:08:57.528,1.05799,1.05829
2013.03.29 00:09:57.651,1.05794,1.05837
2013.03.29 00:10:11.714,1.05794,1.05838
2013.03.29 00:10:16.897,1.05792,1.05839
2013.03.29 00:10:32.367,1.05794,1.05837
2013.03.29 00:10:32.718,1.05794,1.05837
2013.03.29 00:10:36.448,1.05796,1.05834
2013.03.29 00:11:16.382,1.05796,1.05834
2013.03.29 00:11:36.421,1.05797,1.05835
2013.03.29 00:11:38.801,1.058,1.05834
2013.03.29 00:11:41.368,1.05797,1.05829
2013.03.29 00:12:06.879,1.05797,1.05829
2013.03.29 00:12:32.590,1.05797,1.05831
2013.03.29 00:13:12.628,1.05795,1.05831
2013.03.29 00:13:20.298,1.05793,1.05826
2013.03.29 00:13:22.610,1.05793,1.0582
2013.03.29 00:13:23.229,1.05793,1.0582
2013.03.29 00:13:55.159,1.05793,1.05814
2013.03.29 00:13:55.698,1.05787,1.05812
2013.03.29 00:13:55.878,1.05787,1.05814
2013.03.29 00:14:02.869,1.05791,1.05816
2013.03.29 00:14:03.358,1.05783,1.05814
2013.03.29 00:14:03.859,1.05786,1.05814
2013.03.29 00:14:04.362,1.05786,1.05814
2013.03.29 00:14:04.899,1.05783,1.05814
2013.03.29 00:14:05.522,1.05784,1.05814
2013.03.29 00:14:36.878,1.05786,1.05814
2013.03.29 00:14:37.379,1.05783,1.05811
2013.03.29 00:14:38.103,1.05784,1.05811
2013.03.29 00:14:45.924,1.05783,1.05811
2013.03.29 00:14:55.988,1.05784,1.0581
2013.03.29 00:15:16.608,1.05786,1.05814
2013.03.29 00:15:36.048,1.05786,1.05815
2013.03.29 00:16:06.387,1.05784,1.05815
2013.03.29 00:16:12.042,1.05787,1.05815
2013.03.29 00:16:14.173,1.05787,1.05815
2013.03.29 00:16:14.348,1.05784,1.05815
2013.03.29 00:16:26.018,1.05784,1.05816
2013.03.29 00:16:54.336,1.05787,1.05817
2013.03.29 00:17:37.125,1.05783,1.05826
2013.03.29 00:17:40.978,1.05784,1.0582
2013.03.29 00:17:42.024,1.05782,1.05822
2013.03.29 00:17:43.742,1.05782,1.05823
2013.03.29 00:17:44.139,1.05784,1.05821
2013.03.29 00:17:44.695,1.05783,1.05812
2013.03.29 00:17:45.976,1.05784,1.05812
2013.03.29 00:18:02.099,1.05784,1.05812
2013.03.29 00:18:25.940,1.05785,1.05817
2013.03.29 00:18:49.294,1.05785,1.05817
2013.03.29 00:18:49.818,1.05784,1.05814
2013.03.29 00:18:51.604,1.05784,1.05814
2013.03.29 00:18:52.137,1.05783,1.05814
2013.03.29 00:19:09.355,1.05784,1.05818
2013.03.29 00:19:09.899,1.05787,1.05808
2013.03.29 00:19:11.074,1.05784,1.05813
2013.03.29 00:19:11.636,1.05783,1.05813
2013.03.29 00:19:19.169,1.05786,1.05813
2013.03.29 00:19:19.788,1.05786,1.05813
2013.03.29 00:19:26.189,1.05783,1.05813
2013.03.29 00:19:36.019,1.05784,1.05811
2013.03.29 00:19:41.114,1.05784,1.05811
2013.03.29 00:19:45.949,1.05783,1.05806
2013.03.29 00:19:54.429,1.05784,1.05806
2013.03.29 00:19:55.359,1.05784,1.05807
2013.03.29 00:19:55.479,1.05772,1.05802
2013.03.29 00:19:55.540,1.0577,1.05802
2013.03.29 00:19:55.599,1.0577,1.05802
2013.03.29 00:19:56.141,1.05768,1.05802
2013.03.29 00:19:56.899,1.05768,1.05803
2013.03.29 00:19:57.319,1.05772,1.05802
2013.03.29 00:19:57.499,1.05772,1.05803
2013.03.29 00:19:57.799,1.05768,1.05802
2013.03.29 00:19:58.040,1.05768,1.05803
2013.03.29 00:19:58.339,1.05768,1.05802
2013.03.29 00:19:58.819,1.05777,1.05802
2013.03.29 00:19:59.248,1.05768,1.05802
2013.03.29 00:19:59.428,1.05777,1.05802
2013.03.29 00:19:59.610,1.05768,1.05802
2013.03.29 00:20:00.654,1.05768,1.05802
2013.03.29 00:20:01.050,1.05767,1.05802
2013.03.29 00:20:01.289,1.05765,1.05796
2013.03.29 00:20:04.350,1.05762,1.05796
2013.03.29 00:20:04.830,1.05772,1.05801
2013.03.29 00:20:14.574,1.05774,1.05805
2013.03.29 00:20:15.019,1.05777,1.05805
2013.03.29 00:20:15.139,1.05779,1.05805
2013.03.29 00:20:15.714,1.05782,1.05809
2013.03.29 00:20:24.363,1.05783,1.05811
2013.03.29 00:20:30.111,1.05782,1.05811
2013.03.29 00:20:30.615,1.0578,1.05811
2013.03.29 00:20:34.870,1.05781,1.05812
2013.03.29 00:20:36.841,1.05786,1.05816
2013.03.29 00:21:15.388,1.05786,1.05816
2013.03.29 00:21:16.888,1.05786,1.05816
2013.03.29 00:21:26.920,1.05784,1.05807
2013.03.29 00:21:27.040,1.05779,1.05813
2013.03.29 00:21:47.359,1.05774,1.05808
2013.03.29 00:22:00.575,1.05772,1.05808
2013.03.29 00:22:07.319,1.05772,1.05807
2013.03.29 00:22:17.711,1.05773,1.05807
2013.03.29 00:22:33.372,1.05778,1.05807
2013.03.29 00:22:34.095,1.05778,1.05807
2013.03.29 00:22:36.380,1.05778,1.05807
2013.03.29 00:22:39.531,1.05781,1.05807
2013.03.29 00:22:47.399,1.05781,1.0581
2013.03.29 00:22:54.609,1.05784,1.05809
2013.03.29 00:22:55.149,1.05786,1.05813
2013.03.29 00:22:58.239,1.05785,1.05815
2013.03.29 00:23:00.321,1.05783,1.05815
2013.03.29 00:23:01.053,1.05783,1.05815
2013.03.29 00:23:28.751,1.05782,1.05813
2013.03.29 00:23:29.364,1.05781,1.05813
2013.03.29 00:23:35.739,1.05781,1.05813
2013.03.29 00:23:43.769,1.05781,1.05813
2013.03.29 00:23:44.119,1.05782,1.05813
2013.03.29 00:23:44.321,1.05783,1.05813
2013.03.29 00:24:35.720,1.05784,1.05811
2013.03.29 00:24:36.910,1.05784,1.05816
2013.03.29 00:24:37.150,1.05785,1.05812
2013.03.29 00:24:37.702,1.05782,1.05806
2013.03.29 00:24:40.569,1.05779,1.05803
2013.03.29 00:24:41.273,1.05779,1.05803
2013.03.29 00:24:44.130,1.05779,1.05803
2013.03.29 00:24:46.350,1.05779,1.05805
2013.03.29 00:24:46.480,1.05767,1.05802
2013.03.29 00:24:46.540,1.05765,1.05799
2013.03.29 00:24:46.903,1.0577,1.05802
2013.03.29 00:24:47.267,1.05777,1.05809
2013.03.29 00:24:47.910,1.05777,1.05804
2013.03.29 00:24:48.259,1.05772,1.05804
2013.03.29 00:24:48.562,1.05773,1.05798
2013.03.29 00:24:49.154,1.05766,1.05794
2013.03.29 00:24:49.689,1.05762,1.05794
2013.03.29 00:24:50.194,1.05762,1.05794
2013.03.29 00:24:50.543,1.05766,1.05794
2013.03.29 00:24:53.580,1.05771,1.05794
2013.03.29 00:24:54.181,1.05771,1.05799
2013.03.29 00:24:58.089,1.05767,1.05799
2013.03.29 00:25:26.578,1.05772,1.05795
2013.03.29 00:25:44.685,1.05774,1.058
2013.03.29 00:25:54.628,1.05772,1.05804
2013.03.29 00:25:55.161,1.05772,1.058
2013.03.29 00:25:57.152,1.05772,1.058
2013.03.29 00:25:57.722,1.05772,1.058
2013.03.29 00:25:57.840,1.05773,1.058
2013.03.29 00:26:05.407,1.05768,1.058
2013.03.29 00:26:12.660,1.05774,1.05804
2013.03.29 00:26:12.901,1.05778,1.05804
2013.03.29 00:26:13.141,1.05778,1.0581
2013.03.29 00:26:13.320,1.05783,1.05814
2013.03.29 00:26:13.561,1.05787,1.05819
2013.03.29 00:26:13.920,1.0579,1.05823
2013.03.29 00:26:17.050,1.05792,1.05822
2013.03.29 00:26:17.450,1.05793,1.05822
2013.03.29 00:26:17.630,1.05798,1.05827
2013.03.29 00:26:20.711,1.05798,1.0582
2013.03.29 00:26:20.831,1.05782,1.05815
2013.03.29 00:26:21.070,1.05781,1.05811
2013.03.29 00:26:21.341,1.05781,1.05815
2013.03.29 00:26:21.400,1.05781,1.05815
2013.03.29 00:26:21.700,1.05784,1.05814
2013.03.29 00:26:21.760,1.0578,1.05814
2013.03.29 00:26:22.120,1.05782,1.05814
2013.03.29 00:26:22.491,1.05784,1.05813
2013.03.29 00:26:24.060,1.05786,1.05815
2013.03.29 00:26:24.420,1.05784,1.05815
2013.03.29 00:26:24.481,1.05781,1.05815
2013.03.29 00:26:34.980,1.05781,1.05815
2013.03.29 00:26:41.941,1.0578,1.05815
2013.03.29 00:26:42.142,1.05781,1.05811
2013.03.29 00:26:42.320,1.05781,1.05811
2013.03.29 00:26:42.580,1.05781,1.05815
2013.03.29 00:26:43.240,1.05777,1.05812
2013.03.29 00:26:44.411,1.05775,1.0581
2013.03.29 00:26:45.471,1.05775,1.05809
2013.03.29 00:26:45.920,1.05771,1.05806
2013.03.29 00:26:46.040,1.05774,1.0581
2013.03.29 00:26:46.470,1.05774,1.05808
2013.03.29 00:26:47.221,1.05774,1.05804
2013.03.29 00:26:47.340,1.05777,1.05812
2013.03.29 00:26:48.100,1.05777,1.05809
2013.03.29 00:26:48.484,1.05772,1.05804
2013.03.29 00:26:49.371,1.05772,1.05806
2013.03.29 00:26:50.360,1.05772,1.05806
2013.03.29 00:26:50.701,1.05777,1.05812
2013.03.29 00:26:51.350,1.05777,1.05812
2013.03.29 00:26:51.598,1.05782,1.05814
2013.03.29 00:26:51.663,1.05782,1.05814
2013.03.29 00:26:51.970,1.05785,1.05815
2013.03.29 00:26:52.030,1.05782,1.05814
2013.03.29 00:26:52.837,1.05781,1.05814
2013.03.29 00:26:53.471,1.05781,1.05812
2013.03.29 00:26:54.820,1.05782,1.05812
2013.03.29 00:26:55.838,1.05781,1.05811
2013.03.29 00:26:56.080,1.05782,1.05811
2013.03.29 00:26:56.441,1.05777,1.05807
2013.03.29 00:26:56.621,1.05774,1.05807
2013.03.29 00:26:56.861,1.05783,1.05813
2013.03.29 00:26:56.980,1.05783,1.05813
2013.03.29 00:26:57.280,1.05783,1.05813
2013.03.29 00:26:59.152,1.05783,1.05817
2013.03.29 00:26:59.213,1.05783,1.05818
2013.03.29 00:26:59.390,1.05786,1.05819
2013.03.29 00:27:00.136,1.0579,1.05819
2013.03.29 00:27:01.337,1.05787,1.0582
2013.03.29 00:27:03.983,1.05787,1.05814
2013.03.29 00:27:04.637,1.05781,1.05814
2013.03.29 00:27:05.110,1.05781,1.05814
2013.03.29 00:27:05.658,1.05777,1.05811
2013.03.29 00:27:07.390,1.05774,1.05806
2013.03.29 00:27:08.240,1.05772,1.05806
2013.03.29 00:27:08.420,1.05774,1.05806
2013.03.29 00:27:21.361,1.05778,1.05811
2013.03.29 00:27:24.330,1.05778,1.05811
2013.03.29 00:27:27.170,1.05784,1.05818
2013.03.29 00:27:27.475,1.05784,1.05819
2013.03.29 00:27:28.600,1.05784,1.05819
2013.03.29 00:27:29.322,1.05784,1.05818
2013.03.29 00:27:30.800,1.05784,1.05818
2013.03.29 00:27:35.630,1.05783,1.05818
2013.03.29 00:27:36.353,1.05782,1.05814
2013.03.29 00:27:36.425,1.05783,1.05814
2013.03.29 00:27:36.860,1.05783,1.05816
2013.03.29 00:27:37.401,1.05783,1.05816
2013.03.29 00:27:37.840,1.05783,1.05816
2013.03.29 00:27:37.960,1.05781,1.05813
2013.03.29 00:27:38.380,1.05783,1.05816
2013.03.29 00:27:38.851,1.05783,1.05816
2013.03.29 00:27:39.371,1.05783,1.05815
2013.03.29 00:27:39.872,1.05783,1.05818
2013.03.29 00:27:40.363,1.05783,1.05815
2013.03.29 00:27:40.810,1.05783,1.05818
2013.03.29 00:27:41.350,1.05783,1.05818
2013.03.29 00:27:41.890,1.05783,1.05817
2013.03.29 00:27:42.501,1.05783,1.05816
2013.03.29 00:27:42.890,1.05784,1.05816
2013.03.29 00:27:43.250,1.05787,1.05815
2013.03.29 00:27:43.370,1.05788,1.05818
2013.03.29 00:27:43.490,1.05788,1.05821
2013.03.29 00:27:43.611,1.05792,1.05821
2013.03.29 00:27:43.930,1.05791,1.05821
2013.03.29 00:27:44.050,1.05787,1.05821
2013.03.29 00:27:44.881,1.05788,1.05816
2013.03.29 00:27:45.397,1.05792,1.05825
2013.03.29 00:27:51.370,1.05791,1.05825
2013.03.29 00:27:55.110,1.05791,1.05825
2013.03.29 00:27:55.650,1.05792,1.05827
2013.03.29 00:28:05.090,1.05792,1.05828
2013.03.29 00:28:25.136,1.05795,1.05828
2013.03.29 00:28:31.651,1.05796,1.05828
2013.03.29 00:28:31.770,1.05801,1.05828
2013.03.29 00:28:35.901,1.05803,1.05838
2013.03.29 00:28:44.942,1.05803,1.05832
2013.03.29 00:28:45.120,1.05801,1.05833
2013.03.29 00:28:46.360,1.05796,1.0583
2013.03.29 00:28:46.660,1.058,1.05831
2013.03.29 00:28:46.866,1.05801,1.05831
2013.03.29 00:28:47.051,1.05805,1.05841
2013.03.29 00:28:49.072,1.05805,1.05841
2013.03.29 00:28:49.253,1.05801,1.05836
2013.03.29 00:28:49.321,1.05801,1.05836
2013.03.29 00:28:49.621,1.05804,1.0584
2013.03.29 00:28:51.651,1.05804,1.05837
2013.03.29 00:28:51.710,1.05799,1.05834
2013.03.29 00:28:51.844,1.05794,1.05826
2013.03.29 00:28:52.381,1.05792,1.05826
2013.03.29 00:28:54.580,1.05791,1.05826
2013.03.29 00:28:54.760,1.05786,1.05822
2013.03.29 00:28:55.013,1.05782,1.05817
2013.03.29 00:28:55.140,1.0578,1.05812
2013.03.29 00:28:55.960,1.05774,1.05806
2013.03.29 00:28:59.076,1.05774,1.05806
2013.03.29 00:28:59.807,1.05774,1.05806
2013.03.29 00:29:01.470,1.05774,1.05806
2013.03.29 00:29:02.431,1.05767,1.05801
2013.03.29 00:29:02.790,1.05771,1.05796
2013.03.29 00:29:02.851,1.05772,1.05797
2013.03.29 00:29:03.531,1.05772,1.05798
2013.03.29 00:29:04.037,1.05775,1.05807
2013.03.29 00:29:04.160,1.05778,1.05807
2013.03.29 00:29:04.590,1.05778,1.0581
2013.03.29 00:29:04.891,1.05786,1.05814
2013.03.29 00:29:05.011,1.05787,1.0582
2013.03.29 00:29:05.346,1.05787,1.05821
2013.03.29 00:29:05.531,1.05787,1.05816
2013.03.29 00:29:36.796,1.05784,1.05816
2013.03.29 00:29:37.345,1.05787,1.0582
2013.03.29 00:29:40.534,1.05791,1.05825
2013.03.29 00:29:40.811,1.05785,1.05819
2013.03.29 00:30:02.380,1.05787,1.05819
2013.03.29 00:30:15.632,1.05787,1.05819
2013.03.29 00:30:46.083,1.05786,1.0582
2013.03.29 00:31:00.954,1.05786,1.05819
2013.03.29 00:31:14.400,1.05787,1.05819
2013.03.29 00:31:14.700,1.05791,1.05819
2013.03.29 00:31:29.581,1.0579,1.05824
2013.03.29 00:31:30.120,1.05791,1.05824
2013.03.29 00:31:30.311,1.05793,1.05824
2013.03.29 00:31:30.561,1.05797,1.05826
2013.03.29 00:31:30.863,1.05805,1.05834
2013.03.29 00:31:48.581,1.05807,1.0584
2013.03.29 00:31:48.881,1.05808,1.05843
2013.03.29 00:31:49.122,1.05812,1.05845
2013.03.29 00:31:50.323,1.05811,1.05845
2013.03.29 00:31:50.871,1.05806,1.0584
2013.03.29 00:32:07.583,1.05808,1.0584
2013.03.29 00:32:10.333,1.05808,1.0584
2013.03.29 00:32:12.662,1.05811,1.05845
2013.03.29 00:32:12.721,1.05807,1.05839
2013.03.29 00:32:12.781,1.05807,1.05839
2013.03.29 00:32:12.901,1.05807,1.05839
2013.03.29 00:32:12.962,1.05807,1.05839
2013.03.29 00:32:26.392,1.05807,1.05841
2013.03.29 00:32:35.170,1.05808,1.05842
2013.03.29 00:32:57.361,1.05808,1.0584
2013.03.29 00:33:01.631,1.05812,1.05842
2013.03.29 00:33:02.800,1.05816,1.05845
2013.03.29 00:33:08.641,1.05817,1.05845
2013.03.29 00:33:11.951,1.05815,1.05845
2013.03.29 00:33:12.070,1.05811,1.05844
2013.03.29 00:33:14.901,1.0581,1.05837
2013.03.29 00:33:15.020,1.05805,1.05837
2013.03.29 00:33:15.862,1.05805,1.05837
2013.03.29 00:33:16.382,1.05809,1.05841
2013.03.29 00:33:27.637,1.05809,1.05842
2013.03.29 00:33:30.151,1.05803,1.05837
2013.03.29 00:33:33.351,1.05805,1.05837
2013.03.29 00:33:41.090,1.05805,1.05837
2013.03.29 00:33:41.536,1.05807,1.05843
2013.03.29 00:33:44.160,1.05805,1.05837
2013.03.29 00:33:44.591,1.05797,1.05832
2013.03.29 00:33:44.840,1.05794,1.05828
2013.03.29 00:33:47.551,1.05789,1.05823
2013.03.29 00:33:47.851,1.05781,1.05815
2013.03.29 00:33:47.911,1.05781,1.05813
2013.03.29 00:33:48.091,1.05774,1.05808
2013.03.29 00:33:48.944,1.05774,1.05803
2013.03.29 00:33:49.412,1.05773,1.05803
2013.03.29 00:33:49.591,1.05774,1.05809
2013.03.29 00:33:49.711,1.05771,1.05809
2013.03.29 00:33:51.420,1.05782,1.05814
2013.03.29 00:33:51.750,1.05786,1.0582
2013.03.29 00:33:51.811,1.05792,1.05824
2013.03.29 00:33:52.864,1.05781,1.05816
2013.03.29 00:33:54.180,1.05781,1.05815
2013.03.29 00:33:58.911,1.05787,1.05819
2013.03.29 00:33:59.271,1.05795,1.05824
2013.03.29 00:33:59.570,1.058,1.0583
2013.03.29 00:34:01.282,1.05801,1.0583
2013.03.29 00:34:05.172,1.058,1.05827
2013.03.29 00:34:05.350,1.05792,1.05826
2013.03.29 00:34:14.341,1.05789,1.05823
2013.03.29 00:34:14.641,1.05792,1.05826
2013.03.29 00:34:59.921,1.05796,1.05831
2013.03.29 00:34:59.989,1.05795,1.05829
2013.03.29 00:35:00.110,1.05795,1.05827
2013.03.29 00:35:02.650,1.05798,1.05828
2013.03.29 00:35:02.711,1.05796,1.05828
2013.03.29 00:35:07.411,1.05796,1.05828
2013.03.29 00:35:07.711,1.05791,1.05823
2013.03.29 00:35:14.321,1.05786,1.05819
2013.03.29 00:35:14.870,1.05776,1.05809
2013.03.29 00:35:15.172,1.05774,1.05804
2013.03.29 00:35:18.161,1.05774,1.05805
2013.03.29 00:35:18.221,1.05778,1.0581
2013.03.29 00:35:18.935,1.05775,1.05809
2013.03.29 00:35:19.026,1.05771,1.05806
2013.03.29 00:35:19.569,1.05774,1.05805
2013.03.29 00:35:19.871,1.05771,1.05805
2013.03.29 00:35:20.421,1.05775,1.05805
2013.03.29 00:35:24.330,1.05771,1.05807
2013.03.29 00:35:24.532,1.05778,1.05811
2013.03.29 00:35:29.632,1.05785,1.05814
2013.03.29 00:35:29.812,1.05789,1.05815
2013.03.29 00:35:31.144,1.05791,1.05816
2013.03.29 00:35:32.412,1.05793,1.05818
2013.03.29 00:35:32.472,1.05796,1.05819
2013.03.29 00:35:32.667,1.05798,1.05828
2013.03.29 00:35:32.971,1.05801,1.0583
2013.03.29 00:35:33.171,1.05802,1.0583
2013.03.29 00:35:33.291,1.05805,1.0583
2013.03.29 00:35:33.471,1.05802,1.0583
2013.03.29 00:35:33.591,1.05801,1.05831
2013.03.29 00:35:35.879,1.05802,1.0583
2013.03.29 00:35:36.181,1.05803,1.0583
2013.03.29 00:35:36.482,1.05808,1.05835
2013.03.29 00:35:36.601,1.05805,1.05835
2013.03.29 00:35:36.722,1.05807,1.05835
2013.03.29 00:35:36.902,1.05811,1.05835
2013.03.29 00:35:37.142,1.05811,1.05841
2013.03.29 00:35:37.201,1.05808,1.05828
2013.03.29 00:35:37.327,1.05805,1.05829
2013.03.29 00:35:37.513,1.05807,1.05831
2013.03.29 00:35:40.231,1.05808,1.05832
2013.03.29 00:35:40.532,1.05806,1.05834
2013.03.29 00:35:40.732,1.05803,1.05832
2013.03.29 00:35:44.227,1.05801,1.0583
2013.03.29 00:35:44.581,1.05798,1.0583
2013.03.29 00:35:44.891,1.05801,1.0583
2013.03.29 00:35:45.011,1.05803,1.0583
2013.03.29 00:35:47.548,1.05808,1.05832
2013.03.29 00:35:48.954,1.05806,1.05834
2013.03.29 00:35:49.603,1.05806,1.05833
2013.03.29 00:35:49.782,1.05803,1.05831
2013.03.29 00:35:56.393,1.05804,1.05831
2013.03.29 00:35:58.542,1.05806,1.05831
2013.03.29 00:35:58.662,1.05807,1.05831
2013.03.29 00:35:58.842,1.0581,1.0583
2013.03.29 00:35:59.081,1.05806,1.05835
2013.03.29 00:36:01.872,1.05807,1.05835
2013.03.29 00:36:03.539,1.05808,1.05836
2013.03.29 00:36:04.342,1.05809,1.05835
2013.03.29 00:36:04.522,1.05801,1.05827
2013.03.29 00:36:05.041,1.05797,1.05827
2013.03.29 00:36:05.188,1.05798,1.05828
2013.03.29 00:36:05.372,1.05802,1.05828
2013.03.29 00:36:08.851,1.058,1.05827
2013.03.29 00:36:09.041,1.05797,1.05826
2013.03.29 00:36:09.342,1.05792,1.05819
2013.03.29 00:36:09.521,1.05789,1.05818
2013.03.29 00:36:10.039,1.0579,1.05815
2013.03.29 00:36:13.151,1.05784,1.05813
2013.03.29 00:36:14.761,1.05786,1.05815
2013.03.29 00:36:15.132,1.05786,1.05815
2013.03.29 00:36:15.502,1.0579,1.05818
2013.03.29 00:36:15.663,1.05791,1.05818
2013.03.29 00:36:19.701,1.05786,1.05814
2013.03.29 00:36:21.428,1.05787,1.05815
2013.03.29 00:36:23.878,1.05786,1.05814
2013.03.29 00:36:27.069,1.05786,1.05812
2013.03.29 00:36:30.131,1.05787,1.05814
2013.03.29 00:36:31.073,1.05786,1.05813
2013.03.29 00:36:31.431,1.05789,1.05817
2013.03.29 00:36:54.361,1.05791,1.05821
2013.03.29 00:36:54.793,1.05795,1.05822
2013.03.29 00:36:55.341,1.05797,1.05827
2013.03.29 00:37:05.732,1.05803,1.05827
2013.03.29 00:37:06.132,1.05804,1.05829
2013.03.29 00:37:06.253,1.05808,1.05831
2013.03.29 00:37:06.314,1.05808,1.05833
2013.03.29 00:37:06.372,1.05808,1.05836
2013.03.29 00:37:06.432,1.05814,1.05839
2013.03.29 00:37:06.553,1.05816,1.05839
2013.03.29 00:37:13.558,1.05816,1.05844
2013.03.29 00:37:35.822,1.0581,1.05841
2013.03.29 00:37:38.328,1.05809,1.05838
2013.03.29 00:37:38.392,1.05807,1.05835
2013.03.29 00:37:43.359,1.05806,1.05833
2013.03.29 00:37:44.109,1.05808,1.05837
2013.03.29 00:37:46.245,1.05807,1.05837
2013.03.29 00:37:52.833,1.05805,1.05836
2013.03.29 00:37:54.325,1.05803,1.05832
2013.03.29 00:37:54.453,1.05802,1.0583
2013.03.29 00:37:54.571,1.05805,1.05832
2013.03.29 00:37:55.663,1.05807,1.05826
2013.03.29 00:37:56.344,1.05807,1.05827
2013.03.29 00:37:57.643,1.05811,1.05832
2013.03.29 00:37:58.867,1.05811,1.05834
2013.03.29 00:37:59.420,1.05809,1.05834
2013.03.29 00:38:00.347,1.05808,1.05834
2013.03.29 00:38:00.531,1.0581,1.05834
2013.03.29 00:38:01.640,1.05808,1.05834
2013.03.29 00:38:02.153,1.0581,1.05834
2013.03.29 00:38:05.622,1.05807,1.05832
2013.03.29 00:38:05.802,1.05797,1.05825
2013.03.29 00:38:05.921,1.05795,1.05824
2013.03.29 00:38:06.242,1.05794,1.05824
2013.03.29 00:38:06.302,1.05799,1.05827
2013.03.29 00:38:13.093,1.058,1.05829
2013.03.29 00:38:13.827,1.05806,1.05833
2013.03.29 00:38:14.518,1.05805,1.05833
2013.03.29 00:38:22.839,1.05804,1.05834
2013.03.29 00:38:23.082,1.05806,1.05838
2013.03.29 00:38:23.203,1.0581,1.05839
2013.03.29 00:38:23.723,1.0581,1.05838
2013.03.29 00:38:24.762,1.05811,1.05841
2013.03.29 00:38:26.608,1.05812,1.05841
2013.03.29 00:38:27.537,1.05813,1.05841
2013.03.29 00:38:28.259,1.05816,1.05842
2013.03.29 00:38:29.024,1.05815,1.05842
2013.03.29 00:38:35.602,1.05816,1.05844
2013.03.29 00:38:35.792,1.0582,1.05847
2013.03.29 00:38:36.152,1.05823,1.05847
2013.03.29 00:38:36.887,1.05819,1.05847
2013.03.29 00:38:38.901,1.05819,1.05847
2013.03.29 00:38:39.024,1.05822,1.0585
2013.03.29 00:38:41.007,1.05822,1.0585
2013.03.29 00:38:43.422,1.05814,1.05844
2013.03.29 00:38:43.602,1.05816,1.0584
2013.03.29 00:38:43.662,1.05816,1.05844
2013.03.29 00:38:44.208,1.05812,1.05843
2013.03.29 00:38:49.043,1.05815,1.05845
2013.03.29 00:38:50.500,1.05822,1.05849
2013.03.29 00:38:52.071,1.05821,1.05851
2013.03.29 00:38:52.192,1.05816,1.05846
2013.03.29 00:38:52.311,1.05812,1.05843
2013.03.29 00:38:52.372,1.05816,1.05843
2013.03.29 00:38:52.674,1.05816,1.05848
2013.03.29 00:38:53.071,1.0582,1.05848
2013.03.29 00:38:53.607,1.0582,1.05849
2013.03.29 00:38:53.872,1.05818,1.05847
2013.03.29 00:38:53.933,1.05814,1.05844
2013.03.29 00:38:58.949,1.05809,1.0584
2013.03.29 00:38:59.143,1.05806,1.05836
2013.03.29 00:38:59.382,1.05804,1.05836
2013.03.29 00:38:59.442,1.05802,1.05833
2013.03.29 00:38:59.622,1.05802,1.05833
2013.03.29 00:39:00.642,1.05801,1.05829
2013.03.29 00:39:01.002,1.05795,1.05822
2013.03.29 00:39:01.457,1.05794,1.05823
2013.03.29 00:39:02.443,1.0579,1.0582
2013.03.29 00:39:02.862,1.05791,1.05819
2013.03.29 00:39:03.113,1.05787,1.05816
2013.03.29 00:39:03.171,1.05781,1.05813
2013.03.29 00:39:03.471,1.05776,1.05807
2013.03.29 00:39:03.894,1.05776,1.05805
2013.03.29 00:39:04.622,1.05776,1.05805
2013.03.29 00:39:04.863,1.05795,1.05818
2013.03.29 00:39:04.931,1.05782,1.05816
2013.03.29 00:39:04.992,1.05781,1.05808
2013.03.29 00:39:05.112,1.05781,1.05807
2013.03.29 00:39:05.419,1.05779,1.05809
2013.03.29 00:39:05.842,1.05787,1.05818
2013.03.29 00:39:05.901,1.05788,1.05818
2013.03.29 00:39:06.382,1.05789,1.05819
2013.03.29 00:39:06.561,1.05792,1.05822
2013.03.29 00:39:06.622,1.05792,1.05822
2013.03.29 00:39:06.982,1.0579,1.05818
2013.03.29 00:39:11.651,1.05797,1.05825
2013.03.29 00:39:12.191,1.05801,1.05826
2013.03.29 00:39:15.731,1.05803,1.05832
2013.03.29 00:39:17.141,1.058,1.0583
2013.03.29 00:39:18.564,1.05797,1.05825
2013.03.29 00:39:18.922,1.05792,1.05822
2013.03.29 00:39:19.453,1.05791,1.05818
2013.03.29 00:39:20.225,1.05791,1.05819
2013.03.29 00:39:20.729,1.05791,1.05819
2013.03.29 00:39:21.872,1.05791,1.05817
2013.03.29 00:39:23.462,1.05794,1.05816
2013.03.29 00:39:23.582,1.05794,1.05821
2013.03.29 00:39:23.641,1.05793,1.05823
2013.03.29 00:39:23.761,1.05789,1.05823
2013.03.29 00:39:23.821,1.05787,1.05818
2013.03.29 00:39:25.338,1.05787,1.05818
2013.03.29 00:39:25.524,1.05796,1.05824
2013.03.29 00:39:25.585,1.05796,1.05824
2013.03.29 00:39:26.153,1.05796,1.05824
2013.03.29 00:39:26.513,1.05798,1.05828
2013.03.29 00:39:32.112,1.05802,1.05833
2013.03.29 00:39:33.612,1.05803,1.05833
2013.03.29 00:39:33.853,1.05807,1.05837
2013.03.29 00:39:34.212,1.05816,1.05845
2013.03.29 00:39:35.432,1.05817,1.05848
2013.03.29 00:39:36.381,1.05817,1.05848
2013.03.29 00:39:36.462,1.05812,1.0584
2013.03.29 00:39:36.582,1.05807,1.05837
2013.03.29 00:39:36.761,1.0581,1.05839
2013.03.29 00:39:36.942,1.05814,1.05839
2013.03.29 00:39:37.062,1.05811,1.05842
2013.03.29 00:39:37.652,1.05807,1.05838
2013.03.29 00:39:37.712,1.05803,1.05838
2013.03.29 00:39:37.772,1.05803,1.05836
2013.03.29 00:39:40.453,1.05803,1.05835
2013.03.29 00:39:41.858,1.05804,1.05834
2013.03.29 00:39:44.482,1.05801,1.05833
2013.03.29 00:39:46.912,1.05802,1.05834
2013.03.29 00:39:47.712,1.058,1.05836
2013.03.29 00:39:47.832,1.05801,1.05834
2013.03.29 00:39:49.653,1.05801,1.05833
2013.03.29 00:39:49.772,1.05796,1.05827
2013.03.29 00:39:49.892,1.05796,1.05826
2013.03.29 00:39:50.421,1.05795,1.05821
2013.03.29 00:39:51.854,1.05795,1.05823
2013.03.29 00:39:52.922,1.05793,1.05821
2013.03.29 00:39:57.902,1.05792,1.05821
2013.03.29 00:39:58.022,1.05789,1.05818
2013.03.29 00:39:58.415,1.05786,1.05816
2013.03.29 00:40:00.382,1.05786,1.05814
2013.03.29 00:40:00.921,1.05787,1.05816
2013.03.29 00:40:02.133,1.05788,1.05816
2013.03.29 00:40:02.192,1.05792,1.05819
2013.03.29 00:40:02.497,1.05798,1.05824
2013.03.29 00:40:02.803,1.05792,1.0582
2013.03.29 00:40:02.923,1.05793,1.05821
2013.03.29 00:40:03.569,1.05793,1.0582
2013.03.29 00:40:04.103,1.05787,1.05819
2013.03.29 00:40:04.631,1.05791,1.05819
2013.03.29 00:40:07.092,1.05791,1.05819
2013.03.29 00:40:07.333,1.05787,1.05817
2013.03.29 00:40:07.748,1.05787,1.05816
2013.03.29 00:40:13.095,1.05782,1.0581
2013.03.29 00:40:14.943,1.05788,1.0581
2013.03.29 00:40:15.121,1.05794,1.05824
2013.03.29 00:40:16.891,1.05794,1.05824
2013.03.29 00:40:16.953,1.05794,1.05821
2013.03.29 00:40:17.353,1.05787,1.05818
2013.03.29 00:40:19.035,1.05784,1.05817
2013.03.29 00:40:20.812,1.05784,1.05817
2013.03.29 00:40:21.053,1.05795,1.05825
2013.03.29 00:40:21.476,1.05799,1.05829
2013.03.29 00:40:21.793,1.05801,1.05831
2013.03.29 00:40:23.364,1.05805,1.05835
2013.03.29 00:40:24.172,1.05813,1.05841
2013.03.29 00:40:25.113,1.05814,1.05841
2013.03.29 00:40:25.512,1.05817,1.05847
2013.03.29 00:40:26.642,1.05817,1.05847
2013.03.29 00:40:26.702,1.05812,1.05842
2013.03.29 00:40:27.262,1.05814,1.05843
2013.03.29 00:40:27.321,1.05815,1.05843
2013.03.29 00:40:28.182,1.05805,1.05834
2013.03.29 00:40:28.303,1.05804,1.05833
2013.03.29 00:40:28.843,1.05808,1.05835
2013.03.29 00:40:29.203,1.05815,1.0584
2013.03.29 00:40:30.375,1.05813,1.05847
2013.03.29 00:40:30.442,1.05812,1.05843
2013.03.29 00:40:34.662,1.05811,1.0584
2013.03.29 00:40:35.381,1.05812,1.05842
2013.03.29 00:40:35.562,1.05817,1.05843
2013.03.29 00:40:35.876,1.05816,1.05844
2013.03.29 00:40:35.942,1.05813,1.05846
2013.03.29 00:40:36.063,1.05812,1.05842
2013.03.29 00:40:39.082,1.05812,1.05841
2013.03.29 00:40:44.084,1.0581,1.0584
2013.03.29 00:40:44.346,1.0581,1.05842
2013.03.29 00:40:44.472,1.05815,1.05846
2013.03.29 00:40:44.611,1.05815,1.05846
2013.03.29 00:40:44.972,1.05819,1.05849
2013.03.29 00:40:45.101,1.05819,1.0585
2013.03.29 00:40:46.476,1.05822,1.05852
2013.03.29 00:40:49.901,1.05818,1.05849
2013.03.29 00:40:50.392,1.05818,1.05848
2013.03.29 00:40:51.218,1.05822,1.0585
2013.03.29 00:40:51.300,1.0582,1.05851
2013.03.29 00:40:51.365,1.05818,1.0585
2013.03.29 00:40:51.435,1.05821,1.05853
2013.03.29 00:40:51.562,1.05818,1.05848
2013.03.29 00:40:52.033,1.0582,1.05851
2013.03.29 00:40:53.621,1.05817,1.05851
2013.03.29 00:40:54.201,1.05817,1.05853
2013.03.29 00:40:54.935,1.05819,1.05853
2013.03.29 00:40:55.283,1.05817,1.0585
2013.03.29 00:40:58.251,1.05817,1.0585
2013.03.29 00:40:58.872,1.05821,1.05852
2013.03.29 00:40:58.992,1.05823,1.05852
2013.03.29 00:40:59.295,1.05828,1.05852
2013.03.29 00:40:59.422,1.05828,1.05857
2013.03.29 00:41:00.022,1.05822,1.05854
2013.03.29 00:41:00.442,1.05825,1.05855
2013.03.29 00:41:01.722,1.05828,1.05859
2013.03.29 00:41:03.126,1.05828,1.05859
2013.03.29 00:41:03.442,1.0583,1.05859
2013.03.29 00:41:04.413,1.05828,1.0586
2013.03.29 00:41:04.885,1.0583,1.0586
2013.03.29 00:41:04.943,1.05832,1.05861
2013.03.29 00:41:05.002,1.05831,1.05861
2013.03.29 00:41:05.123,1.05833,1.05862
2013.03.29 00:41:05.242,1.05825,1.05857
2013.03.29 00:41:05.362,1.05824,1.05853
2013.03.29 00:41:05.542,1.05827,1.05857
2013.03.29 00:41:05.903,1.05829,1.05859
2013.03.29 00:41:07.932,1.05835,1.05861
2013.03.29 00:41:09.643,1.0583,1.05861
2013.03.29 00:41:09.762,1.05826,1.05859
2013.03.29 00:41:09.822,1.05826,1.05857
2013.03.29 00:41:10.482,1.05822,1.05852
2013.03.29 00:41:15.003,1.05821,1.05849
2013.03.29 00:41:15.123,1.05821,1.05849
2013.03.29 00:41:17.612,1.05817,1.05847
2013.03.29 00:41:18.066,1.05816,1.05845
2013.03.29 00:41:18.385,1.05817,1.05845
2013.03.29 00:41:18.923,1.05807,1.05838
2013.03.29 00:41:18.983,1.05807,1.05834
2013.03.29 00:41:19.103,1.05802,1.05834
2013.03.29 00:41:19.223,1.05802,1.05832
2013.03.29 00:41:19.402,1.05799,1.05832
2013.03.29 00:41:20.490,1.05798,1.05832
2013.03.29 00:41:21.392,1.058,1.05833
2013.03.29 00:41:22.432,1.05799,1.0583
2013.03.29 00:41:22.733,1.05795,1.05825
2013.03.29 00:41:22.793,1.05795,1.05825
2013.03.29 00:41:23.113,1.05795,1.05823
2013.03.29 00:41:24.362,1.05791,1.05821
2013.03.29 00:41:25.058,1.05806,1.05826
2013.03.29 00:41:25.135,1.05799,1.05831
2013.03.29 00:41:25.443,1.058,1.05831
2013.03.29 00:41:25.684,1.05802,1.05833
2013.03.29 00:41:25.862,1.05805,1.05837
2013.03.29 00:41:28.629,1.05805,1.05837
2013.03.29 00:41:29.387,1.05806,1.05837
2013.03.29 00:41:29.453,1.05806,1.05837
2013.03.29 00:41:30.054,1.05806,1.05837
2013.03.29 00:41:30.292,1.05812,1.05843
2013.03.29 00:41:30.412,1.05811,1.05841
2013.03.29 00:41:30.663,1.05811,1.05841
2013.03.29 00:41:30.723,1.05813,1.05843
2013.03.29 00:41:32.852,1.05812,1.05843
2013.03.29 00:41:33.093,1.05816,1.05847
2013.03.29 00:41:33.273,1.05819,1.05848
2013.03.29 00:41:34.923,1.05814,1.05847
2013.03.29 00:41:34.983,1.05812,1.05842
2013.03.29 00:41:35.561,1.05812,1.05842
2013.03.29 00:41:36.090,1.05809,1.05841
2013.03.29 00:41:36.884,1.05809,1.05841
2013.03.29 00:41:37.193,1.05807,1.05839
2013.03.29 00:41:38.413,1.05807,1.05839
2013.03.29 00:41:41.364,1.0581,1.0584
2013.03.29 00:41:42.056,1.05817,1.05846
2013.03.29 00:41:48.452,1.05822,1.05851
2013.03.29 00:41:51.882,1.05822,1.05851
2013.03.29 00:41:52.422,1.0582,1.05849
2013.03.29 00:41:53.076,1.05818,1.05849
2013.03.29 00:41:53.362,1.05817,1.05848
2013.03.29 00:41:53.906,1.05817,1.05848
2013.03.29 00:41:54.622,1.05816,1.05848
2013.03.29 00:41:54.683,1.05813,1.05843
2013.03.29 00:41:54.863,1.05811,1.05842
2013.03.29 00:41:57.162,1.05812,1.05843
2013.03.29 00:41:57.462,1.05818,1.05847
2013.03.29 00:41:57.992,1.05821,1.0585
2013.03.29 00:41:58.965,1.05822,1.05851
2013.03.29 00:41:59.202,1.05818,1.05851
2013.03.29 00:41:59.675,1.05817,1.05847
2013.03.29 00:42:00.237,1.05814,1.05846
2013.03.29 00:42:00.594,1.05818,1.05847
2013.03.29 00:42:00.652,1.0582,1.05849
2013.03.29 00:42:00.713,1.05822,1.05849
2013.03.29 00:42:00.895,1.05822,1.05849
2013.03.29 00:42:01.693,1.05823,1.05853
2013.03.29 00:42:02.632,1.05826,1.05856
2013.03.29 00:42:03.675,1.05828,1.05856
2013.03.29 00:42:03.743,1.05826,1.05856
2013.03.29 00:42:04.744,1.05824,1.05855
2013.03.29 00:42:05.827,1.05826,1.05856
2013.03.29 00:42:07.034,1.05826,1.05856
2013.03.29 00:42:08.354,1.05826,1.05856
2013.03.29 00:42:09.081,1.05827,1.05856
2013.03.29 00:42:09.472,1.05825,1.05856
2013.03.29 00:42:10.464,1.05823,1.05856
2013.03.29 00:42:13.643,1.05823,1.05855
2013.03.29 00:42:14.003,1.0582,1.05851
2013.03.29 00:42:18.093,1.05821,1.0585
2013.03.29 00:42:18.155,1.05821,1.0585
2013.03.29 00:42:18.282,1.05824,1.05853
2013.03.29 00:42:20.277,1.05826,1.05857
2013.03.29 00:42:22.612,1.05826,1.05858
2013.03.29 00:42:23.551,1.05832,1.05859
2013.03.29 00:42:23.628,1.05829,1.05861
2013.03.29 00:42:24.203,1.05832,1.05863
2013.03.29 00:42:24.732,1.05831,1.05861
2013.03.29 00:42:25.354,1.05829,1.05861
2013.03.29 00:42:25.733,1.05827,1.05856
2013.03.29 00:42:26.253,1.05825,1.05855
2013.03.29 00:42:30.304,1.05827,1.05858
2013.03.29 00:42:30.902,1.05826,1.05859
2013.03.29 00:42:31.533,1.05826,1.05859
2013.03.29 00:42:31.752,1.05828,1.05859
2013.03.29 00:42:32.302,1.05831,1.05861
2013.03.29 00:42:32.652,1.05823,1.05852
2013.03.29 00:42:33.013,1.05824,1.05854
2013.03.29 00:42:34.945,1.05821,1.05853
2013.03.29 00:42:36.258,1.05816,1.05852
2013.03.29 00:42:37.463,1.05821,1.05852
2013.03.29 00:42:38.294,1.05822,1.05853
2013.03.29 00:42:39.083,1.05827,1.05856
2013.03.29 00:42:40.033,1.05826,1.05856
2013.03.29 00:42:41.832,1.05826,1.05856
2013.03.29 00:42:42.014,1.05827,1.05859
2013.03.29 00:42:42.325,1.05832,1.05861
2013.03.29 00:42:43.884,1.05829,1.05859
2013.03.29 00:42:44.173,1.05827,1.05859
2013.03.29 00:42:44.292,1.05826,1.05856
2013.03.29 00:42:45.622,1.05825,1.05857
2013.03.29 00:42:46.733,1.05829,1.05858
2013.03.29 00:42:48.563,1.05829,1.05859
2013.03.29 00:42:48.622,1.05823,1.05852
2013.03.29 00:42:48.742,1.05824,1.05854
2013.03.29 00:42:48.862,1.05821,1.05853
2013.03.29 00:42:50.013,1.05821,1.05855
2013.03.29 00:42:50.214,1.05824,1.05854
2013.03.29 00:42:51.763,1.05826,1.05857
2013.03.29 00:42:51.844,1.05826,1.05857
2013.03.29 00:42:52.385,1.05827,1.05857
2013.03.29 00:42:53.463,1.05826,1.05857
2013.03.29 00:42:53.822,1.05812,1.05842
2013.03.29 00:42:57.883,1.05811,1.0584
2013.03.29 00:42:58.182,1.05805,1.05835
2013.03.29 00:42:58.302,1.058,1.05829
2013.03.29 00:42:58.793,1.05796,1.05824
2013.03.29 00:43:00.662,1.05796,1.05824
2013.03.29 00:43:01.003,1.05791,1.05821
2013.03.29 00:43:01.184,1.05788,1.05818
2013.03.29 00:43:01.302,1.05787,1.05814
2013.03.29 00:43:02.402,1.05781,1.05813
2013.03.29 00:43:04.213,1.05785,1.05816
2013.03.29 00:43:04.332,1.05792,1.05824
2013.03.29 00:43:04.393,1.05786,1.05819
2013.03.29 00:43:05.071,1.05786,1.05818
2013.03.29 00:43:05.146,1.05784,1.05814
2013.03.29 00:43:06.398,1.05784,1.05814
2013.03.29 00:43:09.113,1.05784,1.05814
2013.03.29 00:43:10.933,1.05787,1.05815
2013.03.29 00:43:15.843,1.05784,1.05813
2013.03.29 00:43:19.169,1.05786,1.05814
2013.03.29 00:43:24.872,1.05789,1.05817
2013.03.29 00:43:26.055,1.05786,1.05816
2013.03.29 00:43:28.052,1.05787,1.05816
2013.03.29 00:43:29.343,1.05785,1.05816
2013.03.29 00:43:30.143,1.05782,1.05811
2013.03.29 00:43:31.620,1.05783,1.05811
2013.03.29 00:43:32.632,1.05781,1.05811
2013.03.29 00:43:34.853,1.05781,1.05809
2013.03.29 00:43:35.213,1.05789,1.05818
2013.03.29 00:43:36.939,1.05791,1.05818
2013.03.29 00:43:39.103,1.05791,1.05818
2013.03.29 00:43:40.093,1.05791,1.05818
2013.03.29 00:43:40.853,1.05786,1.05818
2013.03.29 00:43:40.914,1.05786,1.05818
2013.03.29 00:43:41.093,1.05786,1.05818
2013.03.29 00:43:43.923,1.05783,1.05818
2013.03.29 00:43:44.545,1.05785,1.05816
2013.03.29 00:43:46.343,1.05784,1.05815
2013.03.29 00:43:46.895,1.05787,1.05816
2013.03.29 00:43:48.124,1.05788,1.05816
2013.03.29 00:43:50.002,1.05783,1.05812
2013.03.29 00:43:50.335,1.05783,1.05812
2013.03.29 00:43:50.981,1.05795,1.05824
2013.03.29 00:43:51.487,1.05795,1.05825
2013.03.29 00:43:53.855,1.05792,1.05825
2013.03.29 00:43:53.974,1.05789,1.05823
2013.03.29 00:43:54.093,1.05788,1.0582
2013.03.29 00:43:59.169,1.05789,1.05818
2013.03.29 00:44:00.922,1.05789,1.05818
2013.03.29 00:44:00.982,1.0579,1.05822
2013.03.29 00:44:01.048,1.0579,1.05824
2013.03.29 00:44:01.193,1.05795,1.05825
2013.03.29 00:44:01.313,1.05799,1.05827
2013.03.29 00:44:01.594,1.05799,1.0583
2013.03.29 00:44:04.825,1.05802,1.0583
2013.03.29 00:44:05.473,1.05801,1.0583
2013.03.29 00:44:05.533,1.05801,1.05828
2013.03.29 00:44:06.070,1.05796,1.05825
2013.03.29 00:44:07.806,1.05796,1.05826
2013.03.29 00:44:08.363,1.05796,1.05825
2013.03.29 00:44:09.149,1.05792,1.05822
2013.03.29 00:44:10.344,1.05792,1.05822
2013.03.29 00:44:10.694,1.058,1.05828
2013.03.29 00:44:13.684,1.05798,1.05828
2013.03.29 00:44:13.745,1.05796,1.05826
2013.03.29 00:44:13.805,1.05793,1.05823
2013.03.29 00:44:14.604,1.05793,1.05821
2013.03.29 00:44:15.174,1.05796,1.05823
2013.03.29 00:44:15.494,1.05797,1.05824
2013.03.29 00:44:15.814,1.05793,1.05823
2013.03.29 00:44:15.934,1.05796,1.05826
2013.03.29 00:44:16.053,1.05796,1.05826
2013.03.29 00:44:16.234,1.05799,1.05829
2013.03.29 00:44:16.593,1.05799,1.0583
2013.03.29 00:44:16.833,1.05802,1.05832
2013.03.29 00:44:16.955,1.05804,1.05834
2013.03.29 00:44:18.478,1.05801,1.05831
2013.03.29 00:44:19.163,1.058,1.05831
2013.03.29 00:44:27.260,1.058,1.0583
2013.03.29 00:44:31.243,1.05799,1.05828
2013.03.29 00:44:33.263,1.05798,1.05828
2013.03.29 00:44:34.113,1.05798,1.05829
2013.03.29 00:44:34.473,1.05795,1.05824
2013.03.29 00:44:34.872,1.05793,1.05822
2013.03.29 00:44:35.054,1.05789,1.0582
2013.03.29 00:44:35.518,1.05786,1.05816
2013.03.29 00:44:37.190,1.05781,1.05812
2013.03.29 00:44:37.782,1.05779,1.05809
2013.03.29 00:44:39.184,1.05784,1.05811
2013.03.29 00:44:39.303,1.05785,1.05814
2013.03.29 00:44:39.573,1.05785,1.05814
2013.03.29 00:44:39.694,1.0578,1.05813
2013.03.29 00:44:41.154,1.05784,1.05814
2013.03.29 00:44:46.613,1.05785,1.05819
2013.03.29 00:44:46.674,1.05785,1.05812
2013.03.29 00:44:46.914,1.05783,1.05813
2013.03.29 00:44:48.083,1.05782,1.05813
2013.03.29 00:44:48.375,1.05782,1.05813
2013.03.29 00:44:48.854,1.05788,1.05818
2013.03.29 00:44:53.112,1.05792,1.0582
2013.03.29 00:44:53.472,1.05797,1.05825
2013.03.29 00:44:54.022,1.05801,1.05828
2013.03.29 00:44:54.866,1.05801,1.05829
2013.03.29 00:44:55.946,1.05809,1.05839
2013.03.29 00:44:56.244,1.05811,1.0584
2013.03.29 00:44:56.849,1.05811,1.0584
2013.03.29 00:44:57.096,1.0581,1.0584
2013.03.29 00:44:58.382,1.0581,1.0584
2013.03.29 00:44:58.755,1.05812,1.0584
2013.03.29 00:44:59.063,1.05818,1.05848
2013.03.29 00:44:59.624,1.05818,1.05846
2013.03.29 00:44:59.683,1.0581,1.05838
2013.03.29 00:44:59.863,1.05812,1.05838
2013.03.29 00:45:00.065,1.05815,1.05838
2013.03.29 00:45:00.303,1.0581,1.05841
2013.03.29 00:45:00.604,1.05814,1.05841
2013.03.29 00:45:01.145,1.05814,1.05845
2013.03.29 00:45:01.473,1.05815,1.05845
2013.03.29 00:45:01.623,1.05815,1.05845
2013.03.29 00:45:04.297,1.05816,1.05846
2013.03.29 00:45:06.303,1.05816,1.05846
2013.03.29 00:45:06.423,1.05812,1.05843
2013.03.29 00:45:06.543,1.05809,1.05839
2013.03.29 00:45:10.233,1.05811,1.05841
2013.03.29 00:45:12.443,1.05811,1.05841
2013.03.29 00:45:12.624,1.05812,1.05842
2013.03.29 00:45:12.864,1.05817,1.05845
2013.03.29 00:45:15.322,1.05815,1.05845
2013.03.29 00:45:15.563,1.05817,1.05846
2013.03.29 00:45:17.302,1.05816,1.05848
2013.03.29 00:45:17.363,1.05815,1.05846
2013.03.29 00:45:19.062,1.05815,1.05846
2013.03.29 00:45:19.183,1.05811,1.05841
2013.03.29 00:45:19.674,1.05798,1.05831
2013.03.29 00:45:19.792,1.05798,1.05826
2013.03.29 00:45:19.973,1.05794,1.05823
2013.03.29 00:45:24.287,1.05797,1.05826
2013.03.29 00:45:24.813,1.05793,1.05824
2013.03.29 00:45:24.992,1.0579,1.05822
2013.03.29 00:45:25.298,1.0579,1.05822
2013.03.29 00:45:25.423,1.05795,1.05824
2013.03.29 00:45:26.593,1.05794,1.05824
2013.03.29 00:45:27.014,1.05792,1.05822
2013.03.29 00:45:28.886,1.0579,1.05822
2013.03.29 00:45:28.953,1.05788,1.05817
2013.03.29 00:45:29.013,1.0579,1.05818
2013.03.29 00:45:30.407,1.05788,1.05817
2013.03.29 00:45:32.013,1.05789,1.05817
2013.03.29 00:45:32.099,1.05785,1.05815
2013.03.29 00:45:33.063,1.05784,1.05816
2013.03.29 00:45:34.743,1.05786,1.05817
2013.03.29 00:45:35.974,1.05786,1.05815
2013.03.29 00:45:37.254,1.05787,1.05819
2013.03.29 00:45:37.952,1.0579,1.05819
2013.03.29 00:45:40.662,1.05789,1.05819
2013.03.29 00:45:40.974,1.05786,1.05814
2013.03.29 00:45:42.673,1.05789,1.05819
2013.03.29 00:45:42.853,1.05789,1.05819
2013.03.29 00:45:49.318,1.05785,1.05814
2013.03.29 00:45:52.203,1.05782,1.05811
2013.03.29 00:45:55.101,1.05782,1.05811
2013.03.29 00:45:55.231,1.05783,1.05813
2013.03.29 00:45:56.367,1.05783,1.05813
2013.03.29 00:45:57.093,1.05786,1.05817
2013.03.29 00:45:57.283,1.05782,1.05814
2013.03.29 00:45:58.950,1.05786,1.05815
2013.03.29 00:46:01.381,1.05784,1.05814
2013.03.29 00:46:01.864,1.05792,1.05818
2013.03.29 00:46:01.987,1.05794,1.05818
2013.03.29 00:46:03.571,1.05796,1.05824
2013.03.29 00:46:04.063,1.05802,1.05827
2013.03.29 00:46:04.123,1.05802,1.05829
2013.03.29 00:46:04.243,1.05802,1.0583
2013.03.29 00:46:04.994,1.05807,1.05834
2013.03.29 00:46:05.334,1.05808,1.05834
2013.03.29 00:46:06.056,1.05813,1.05839
2013.03.29 00:46:06.603,1.05808,1.05836
2013.03.29 00:46:06.724,1.05807,1.05836
2013.03.29 00:46:07.283,1.05804,1.05834
2013.03.29 00:46:08.123,1.05804,1.05834
2013.03.29 00:46:10.894,1.05806,1.05835
2013.03.29 00:46:11.384,1.05806,1.05835
2013.03.29 00:46:11.444,1.05804,1.05834
2013.03.29 00:46:11.683,1.05806,1.05837
2013.03.29 00:46:11.743,1.05811,1.05838
2013.03.29 00:46:12.393,1.05811,1.0584
2013.03.29 00:46:12.453,1.05807,1.05837
2013.03.29 00:46:12.694,1.05802,1.05835
2013.03.29 00:46:13.226,1.05801,1.05831
2013.03.29 00:46:13.434,1.05804,1.05835
2013.03.29 00:46:13.747,1.05808,1.05839
2013.03.29 00:46:13.856,1.05806,1.05836
2013.03.29 00:46:14.293,1.05808,1.05839
2013.03.29 00:46:14.624,1.05807,1.05838
2013.03.29 00:46:15.774,1.05811,1.05838
2013.03.29 00:46:16.550,1.05811,1.05839
2013.03.29 00:46:19.107,1.0581,1.05839
2013.03.29 00:46:19.849,1.0581,1.05839
2013.03.29 00:46:21.203,1.05811,1.05839
2013.03.29 00:46:22.217,1.05811,1.05839
2013.03.29 00:46:22.685,1.05808,1.05839
2013.03.29 00:46:22.805,1.05806,1.05838
2013.03.29 00:46:22.924,1.0581,1.05839
2013.03.29 00:46:23.474,1.05811,1.05842
2013.03.29 00:46:23.918,1.05814,1.05844
2013.03.29 00:46:28.834,1.05811,1.05842
2013.03.29 00:46:31.451,1.05812,1.05843
2013.03.29 00:46:31.694,1.05813,1.05843
2013.03.29 00:46:32.221,1.05815,1.05845
2013.03.29 00:46:32.600,1.05816,1.05845
2013.03.29 00:46:33.664,1.05819,1.05846
2013.03.29 00:46:33.903,1.05821,1.05851
2013.03.29 00:46:34.083,1.05825,1.05853
2013.03.29 00:46:34.813,1.05827,1.05857
2013.03.29 00:46:37.043,1.05829,1.05858
2013.03.29 00:46:38.045,1.0583,1.0586
2013.03.29 00:46:38.580,1.0583,1.0586
2013.03.29 00:46:40.863,1.05829,1.05858
2013.03.29 00:46:42.120,1.05831,1.0586
2013.03.29 00:46:44.938,1.05832,1.05861
2013.03.29 00:46:47.214,1.05825,1.05857
2013.03.29 00:46:47.454,1.05821,1.05853
2013.03.29 00:46:48.594,1.05823,1.05853
2013.03.29 00:46:49.153,1.05826,1.05856
2013.03.29 00:46:49.784,1.05825,1.05855
2013.03.29 00:46:50.103,1.05827,1.05859
2013.03.29 00:46:52.184,1.05829,1.0586
2013.03.29 00:46:55.439,1.0583,1.05857
2013.03.29 00:46:58.951,1.05827,1.05857
2013.03.29 00:46:59.055,1.05824,1.05853
2013.03.29 00:47:02.343,1.05824,1.05853
2013.03.29 00:47:02.523,1.05819,1.0585
2013.03.29 00:47:02.703,1.05816,1.05846
2013.03.29 00:47:02.944,1.05812,1.05844
2013.03.29 00:47:03.003,1.05811,1.05841
2013.03.29 00:47:03.124,1.05806,1.05838
2013.03.29 00:47:03.303,1.05815,1.05846
2013.03.29 00:47:03.423,1.05811,1.05846
2013.03.29 00:47:03.483,1.05811,1.05839
2013.03.29 00:47:04.503,1.0581,1.05839
2013.03.29 00:47:05.179,1.05809,1.05839
2013.03.29 00:47:05.363,1.05808,1.05839
2013.03.29 00:47:05.424,1.05806,1.05837
2013.03.29 00:47:06.023,1.05806,1.05834
2013.03.29 00:47:08.291,1.05806,1.05836
2013.03.29 00:47:09.298,1.05802,1.05834
2013.03.29 00:47:09.664,1.05801,1.05832
2013.03.29 00:47:09.723,1.05797,1.05828
2013.03.29 00:47:10.343,1.05797,1.05825
2013.03.29 00:47:11.643,1.05801,1.0583
2013.03.29 00:47:11.943,1.05801,1.05829
2013.03.29 00:47:12.003,1.05798,1.05829
2013.03.29 00:47:12.123,1.05795,1.05823
2013.03.29 00:47:13.036,1.05795,1.05824
2013.03.29 00:47:13.111,1.05795,1.05823
2013.03.29 00:47:13.572,1.05794,1.05826
2013.03.29 00:47:13.754,1.058,1.05828
2013.03.29 00:47:13.934,1.05802,1.05832
2013.03.29 00:47:16.139,1.05805,1.05832
2013.03.29 00:47:19.259,1.05803,1.05832
2013.03.29 00:47:19.384,1.05801,1.0583
2013.03.29 00:47:20.074,1.058,1.0583
2013.03.29 00:47:20.194,1.05796,1.05827
2013.03.29 00:47:20.271,1.05793,1.05824
2013.03.29 00:47:21.976,1.05791,1.05823
2013.03.29 00:47:23.214,1.05791,1.05821
2013.03.29 00:47:23.573,1.05787,1.05818
2013.03.29 00:47:23.994,1.05784,1.05812
2013.03.29 00:47:25.508,1.05788,1.0582
2013.03.29 00:47:25.578,1.05795,1.05823
2013.03.29 00:47:27.712,1.05795,1.05819
2013.03.29 00:47:27.904,1.0579,1.05818
2013.03.29 00:47:36.654,1.05792,1.05821
2013.03.29 00:47:37.605,1.05793,1.05822
2013.03.29 00:47:38.212,1.05792,1.05821
2013.03.29 00:47:39.002,1.05792,1.05824
2013.03.29 00:47:39.897,1.05808,1.05836
2013.03.29 00:47:40.424,1.05805,1.05835
2013.03.29 00:47:40.664,1.058,1.05831
2013.03.29 00:47:40.724,1.05802,1.05835
2013.03.29 00:47:41.914,1.05804,1.05835
2013.03.29 00:47:44.918,1.05802,1.05834
2013.03.29 00:47:45.234,1.05805,1.05834
2013.03.29 00:47:45.620,1.05808,1.05837
2013.03.29 00:47:47.385,1.0581,1.05837
2013.03.29 00:47:49.629,1.0581,1.05837
2013.03.29 00:47:49.693,1.05807,1.05837
2013.03.29 00:47:49.874,1.05805,1.05837
2013.03.29 00:47:49.993,1.05813,1.05838
2013.03.29 00:47:51.903,1.05816,1.0584
2013.03.29 00:47:53.594,1.05814,1.0584
2013.03.29 00:47:54.003,1.05817,1.0584
2013.03.29 00:47:54.529,1.05817,1.05845
2013.03.29 00:47:55.447,1.05822,1.0585
2013.03.29 00:47:56.584,1.05822,1.0585
2013.03.29 00:47:56.954,1.05823,1.05853
2013.03.29 00:47:57.133,1.05827,1.05854
2013.03.29 00:47:57.454,1.0583,1.05861
2013.03.29 00:47:57.914,1.0583,1.05861
2013.03.29 00:47:58.154,1.05834,1.05862
2013.03.29 00:47:58.214,1.0583,1.0586
2013.03.29 00:48:00.065,1.05836,1.05861
2013.03.29 00:48:00.373,1.05839,1.05862
2013.03.29 00:48:01.433,1.05838,1.05862
2013.03.29 00:48:01.554,1.05833,1.05861
2013.03.29 00:48:01.854,1.05833,1.05862
2013.03.29 00:48:01.914,1.05836,1.05862
2013.03.29 00:48:02.033,1.05833,1.05862
2013.03.29 00:48:04.593,1.05833,1.05861
2013.03.29 00:48:04.774,1.05834,1.05861
2013.03.29 00:48:05.585,1.05834,1.05861
2013.03.29 00:48:06.097,1.05838,1.05861
2013.03.29 00:48:06.403,1.05838,1.05861
2013.03.29 00:48:06.644,1.05831,1.05861
2013.03.29 00:48:06.964,1.05828,1.05861
2013.03.29 00:48:07.393,1.05828,1.0586
2013.03.29 00:48:07.486,1.05821,1.05851
2013.03.29 00:48:07.544,1.0582,1.05851
2013.03.29 00:48:08.507,1.05817,1.05848
2013.03.29 00:48:09.265,1.05817,1.05847
2013.03.29 00:48:14.579,1.05817,1.05848
2013.03.29 00:48:15.944,1.05818,1.05849
2013.03.29 00:48:16.483,1.05821,1.0585
2013.03.29 00:48:17.194,1.05824,1.05854
2013.03.29 00:48:17.894,1.05824,1.05854
2013.03.29 00:48:17.955,1.05817,1.05851
2013.03.29 00:48:18.134,1.05816,1.05846
2013.03.29 00:48:18.195,1.05811,1.05846
2013.03.29 00:48:18.254,1.05809,1.05845
2013.03.29 00:48:18.434,1.05813,1.05844
2013.03.29 00:48:19.615,1.05814,1.05844
2013.03.29 00:48:25.063,1.05814,1.05844
2013.03.29 00:48:26.054,1.05811,1.05842
2013.03.29 00:48:29.244,1.05813,1.05844
2013.03.29 00:48:32.524,1.05816,1.05846
2013.03.29 00:48:34.373,1.05819,1.0585
2013.03.29 00:48:36.667,1.05814,1.05849
2013.03.29 00:48:37.245,1.05813,1.05844
2013.03.29 00:48:39.257,1.05811,1.05844
2013.03.29 00:48:40.364,1.05811,1.05842
2013.03.29 00:48:40.895,1.05808,1.0584
2013.03.29 00:48:41.013,1.05806,1.05836
2013.03.29 00:48:41.556,1.05806,1.05835
2013.03.29 00:48:43.915,1.05803,1.05832
2013.03.29 00:48:44.274,1.05803,1.05831
2013.03.29 00:48:44.454,1.05795,1.05827
2013.03.29 00:48:44.574,1.05796,1.05823
2013.03.29 00:48:44.934,1.05791,1.0582
2013.03.29 00:48:45.904,1.05791,1.0582
2013.03.29 00:48:46.384,1.0579,1.05819
2013.03.29 00:48:46.445,1.05804,1.05829
2013.03.29 00:48:46.564,1.05804,1.05834
2013.03.29 00:48:46.925,1.05803,1.05834
2013.03.29 00:48:46.984,1.05801,1.05832
2013.03.29 00:48:47.793,1.05798,1.05828
2013.03.29 00:48:47.973,1.05798,1.05831
2013.03.29 00:48:48.094,1.05798,1.05832
2013.03.29 00:48:48.758,1.05805,1.05835
2013.03.29 00:48:49.273,1.05807,1.05839
2013.03.29 00:48:49.864,1.05807,1.05839
2013.03.29 00:48:51.695,1.05805,1.05839
2013.03.29 00:48:53.171,1.05808,1.05838
2013.03.29 00:48:55.184,1.05806,1.05838
2013.03.29 00:48:55.544,1.05814,1.05839
2013.03.29 00:48:55.604,1.05816,1.05844
2013.03.29 00:48:55.724,1.05817,1.05848
2013.03.29 00:48:55.844,1.05816,1.05844
2013.03.29 00:48:56.586,1.05812,1.05842
2013.03.29 00:48:57.878,1.05812,1.05843
2013.03.29 00:48:58.244,1.05817,1.05847
2013.03.29 00:48:58.603,1.05822,1.05848
2013.03.29 00:49:00.298,1.05822,1.05848
2013.03.29 00:49:00.563,1.0582,1.0585
2013.03.29 00:49:00.743,1.05823,1.05852
2013.03.29 00:49:00.863,1.05823,1.05852
2013.03.29 00:49:01.043,1.05826,1.05855
2013.03.29 00:49:01.464,1.05827,1.05855
2013.03.29 00:49:02.074,1.05828,1.05856
2013.03.29 00:49:02.854,1.05828,1.05856
2013.03.29 00:49:03.093,1.05824,1.05856
2013.03.29 00:49:03.153,1.05828,1.05857
2013.03.29 00:49:03.214,1.05829,1.05859
2013.03.29 00:49:03.393,1.05827,1.05855
2013.03.29 00:49:03.453,1.05829,1.05858
2013.03.29 00:49:04.174,1.05826,1.05856
2013.03.29 00:49:06.143,1.05827,1.05856
2013.03.29 00:49:06.666,1.05827,1.05855
2013.03.29 00:49:07.504,1.05829,1.05859
2013.03.29 00:49:08.343,1.05829,1.05859
2013.03.29 00:49:08.464,1.05824,1.05854
2013.03.29 00:49:08.523,1.05822,1.05854
2013.03.29 00:49:08.763,1.05825,1.05857
2013.03.29 00:49:08.883,1.05829,1.05856
2013.03.29 00:49:09.964,1.05827,1.05858
2013.03.29 00:49:10.143,1.05826,1.05858
2013.03.29 00:49:10.203,1.05825,1.05854
2013.03.29 00:49:10.384,1.05823,1.05852
2013.03.29 00:49:14.503,1.05824,1.05855
2013.03.29 00:49:16.885,1.05823,1.05854
2013.03.29 00:49:18.490,1.05822,1.05853
2013.03.29 00:49:22.003,1.05822,1.05852
2013.03.29 00:49:26.924,1.05819,1.05851
2013.03.29 00:49:27.503,1.05818,1.05849
2013.03.29 00:49:29.235,1.05819,1.05849
2013.03.29 00:49:30.303,1.05822,1.05851
2013.03.29 00:49:35.361,1.05824,1.05854
2013.03.29 00:49:40.880,1.05821,1.05853
2013.03.29 00:49:45.514,1.05823,1.05852
2013.03.29 00:49:52.906,1.05821,1.05851
2013.03.29 00:49:55.073,1.0582,1.05851
2013.03.29 00:49:55.133,1.05817,1.05847
2013.03.29 00:49:55.412,1.0582,1.05849
2013.03.29 00:49:55.534,1.05817,1.05847
2013.03.29 00:49:57.927,1.05811,1.05842
2013.03.29 00:49:58.614,1.05811,1.05841
2013.03.29 00:49:58.975,1.05813,1.05843
2013.03.29 00:49:59.153,1.05807,1.05839
2013.03.29 00:49:59.463,1.05804,1.05835
2013.03.29 00:49:59.663,1.05802,1.05831
2013.03.29 00:50:01.394,1.05803,1.05832
2013.03.29 00:50:01.575,1.05801,1.05831
2013.03.29 00:50:02.355,1.05792,1.05823
2013.03.29 00:50:02.664,1.05797,1.05826
2013.03.29 00:50:03.088,1.05798,1.05827
2013.03.29 00:50:03.213,1.05805,1.05833
2013.03.29 00:50:03.334,1.05807,1.05835
2013.03.29 00:50:06.324,1.05805,1.05832
2013.03.29 00:50:08.523,1.05805,1.05831
2013.03.29 00:50:09.254,1.05804,1.05834
2013.03.29 00:50:09.374,1.05805,1.05834
2013.03.29 00:50:09.434,1.05809,1.0584
2013.03.29 00:50:09.558,1.05811,1.05846
2013.03.29 00:50:09.625,1.05811,1.05846
2013.03.29 00:50:09.953,1.05812,1.05843
2013.03.29 00:50:12.329,1.05811,1.05842
2013.03.29 00:50:14.683,1.05811,1.05842
2013.03.29 00:50:14.744,1.05809,1.05844
2013.03.29 00:50:15.455,1.05809,1.05844
2013.03.29 00:50:17.434,1.05811,1.05844
2013.03.29 00:50:18.443,1.05811,1.05843
2013.03.29 00:50:18.983,1.05818,1.05849
2013.03.29 00:50:19.164,1.05821,1.05849
2013.03.29 00:50:19.405,1.05822,1.0585
2013.03.29 00:50:19.983,1.05821,1.05847
2013.03.29 00:50:20.114,1.05821,1.05847
2013.03.29 00:50:20.774,1.05821,1.05853
2013.03.29 00:50:21.304,1.05824,1.05854
2013.03.29 00:50:21.718,1.05827,1.05855
2013.03.29 00:50:22.239,1.05828,1.05856
2013.03.29 00:50:23.837,1.05829,1.05857
2013.03.29 00:50:24.424,1.05831,1.05859
2013.03.29 00:50:24.483,1.05832,1.05861
2013.03.29 00:50:24.784,1.05839,1.05861
2013.03.29 00:50:25.372,1.05839,1.05861
2013.03.29 00:50:25.676,1.05837,1.05861
2013.03.29 00:50:26.223,1.05828,1.05862
2013.03.29 00:50:26.343,1.05841,1.05862
2013.03.29 00:50:26.523,1.05837,1.05862
2013.03.29 00:50:26.824,1.05837,1.05862
2013.03.29 00:50:27.004,1.05832,1.05862
2013.03.29 00:50:28.744,1.0583,1.05858
2013.03.29 00:50:31.123,1.05832,1.05861
2013.03.29 00:50:31.686,1.05832,1.05862
2013.03.29 00:50:32.377,1.05832,1.05862
2013.03.29 00:50:34.334,1.05833,1.05862
2013.03.29 00:50:34.674,1.05838,1.05862
2013.03.29 00:50:35.541,1.0584,1.05862
2013.03.29 00:50:35.607,1.0584,1.05862
2013.03.29 00:50:38.494,1.05837,1.05862
2013.03.29 00:50:38.553,1.05836,1.05862
2013.03.29 00:50:38.794,1.05833,1.05862
2013.03.29 00:50:38.923,1.05835,1.05863
2013.03.29 00:50:39.364,1.05833,1.05862
2013.03.29 00:50:39.497,1.05827,1.05858
2013.03.29 00:50:39.563,1.05826,1.05854
2013.03.29 00:50:44.368,1.05821,1.05853
2013.03.29 00:50:44.564,1.05819,1.05849
2013.03.29 00:50:44.854,1.05819,1.05849
2013.03.29 00:50:45.163,1.05818,1.05849
2013.03.29 00:50:45.223,1.05809,1.05839
2013.03.29 00:50:45.525,1.05805,1.05834
2013.03.29 00:50:45.583,1.05805,1.05834
2013.03.29 00:50:45.644,1.05804,1.05831
2013.03.29 00:50:46.066,1.05797,1.05829
2013.03.29 00:50:46.953,1.05795,1.05827
2013.03.29 00:50:47.133,1.05795,1.05827
2013.03.29 00:50:47.444,1.05793,1.05824
2013.03.29 00:50:48.993,1.0579,1.0582
2013.03.29 00:50:50.312,1.0579,1.0582
2013.03.29 00:50:50.382,1.05798,1.05828
2013.03.29 00:50:50.694,1.05798,1.05826
2013.03.29 00:50:50.814,1.05798,1.05828
2013.03.29 00:50:50.875,1.05798,1.05828
2013.03.29 00:50:51.455,1.058,1.05829
2013.03.29 00:50:52.853,1.058,1.0583
2013.03.29 00:50:52.976,1.05806,1.05833
2013.03.29 00:50:53.313,1.05806,1.05837
2013.03.29 00:50:53.434,1.05803,1.05833
2013.03.29 00:50:53.493,1.05807,1.05838
2013.03.29 00:50:53.674,1.05803,1.05837
2013.03.29 00:50:54.034,1.0581,1.05841
2013.03.29 00:50:54.094,1.05814,1.05842
2013.03.29 00:50:54.214,1.05808,1.0584
2013.03.29 00:50:54.763,1.05806,1.05838
2013.03.29 00:50:55.073,1.05804,1.05834
2013.03.29 00:50:58.435,1.05804,1.05832
2013.03.29 00:50:59.154,1.05804,1.05828
2013.03.29 00:50:59.214,1.05805,1.05832
2013.03.29 00:50:59.524,1.05806,1.05835
2013.03.29 00:50:59.583,1.05806,1.05835
2013.03.29 00:50:59.644,1.05807,1.05839
2013.03.29 00:50:59.763,1.05805,1.05835
2013.03.29 00:50:59.944,1.05808,1.05839
2013.03.29 00:51:00.254,1.05812,1.05841
2013.03.29 00:51:00.625,1.05815,1.05844
2013.03.29 00:51:01.959,1.05816,1.05846
2013.03.29 00:51:04.005,1.05816,1.05848
2013.03.29 00:51:04.974,1.05817,1.05846
2013.03.29 00:51:05.334,1.05823,1.05849
2013.03.29 00:51:06.866,1.05823,1.0585
2013.03.29 00:51:07.372,1.05825,1.05856
2013.03.29 00:51:07.614,1.05828,1.05858
2013.03.29 00:51:10.563,1.05831,1.05859
2013.03.29 00:51:12.394,1.05825,1.05855
2013.03.29 00:51:12.694,1.05823,1.05853
2013.03.29 00:51:12.874,1.05827,1.05855
2013.03.29 00:51:14.353,1.05826,1.05855
2013.03.29 00:51:14.594,1.05823,1.05853
2013.03.29 00:51:14.714,1.05824,1.05853
2013.03.29 00:51:14.774,1.05824,1.05853
2013.03.29 00:51:15.754,1.05828,1.05857
2013.03.29 00:51:16.354,1.05828,1.05857
2013.03.29 00:51:16.534,1.05819,1.05852
2013.03.29 00:51:16.596,1.05819,1.05854
2013.03.29 00:51:16.654,1.05821,1.05856
2013.03.29 00:51:16.715,1.05821,1.05854
2013.03.29 00:51:17.017,1.05818,1.05849
2013.03.29 00:51:19.055,1.05822,1.05854
2013.03.29 00:51:20.028,1.05824,1.05854
2013.03.29 00:51:22.059,1.05823,1.05853
2013.03.29 00:51:33.967,1.05825,1.05855
2013.03.29 00:51:40.186,1.05821,1.05853
2013.03.29 00:51:44.201,1.05821,1.0585
2013.03.29 00:51:46.725,1.05826,1.05854
2013.03.29 00:51:49.374,1.05823,1.05854
2013.03.29 00:51:56.366,1.05821,1.05853
2013.03.29 00:51:57.358,1.05821,1.05849
2013.03.29 00:52:02.934,1.05823,1.05854
2013.03.29 00:52:18.065,1.05825,1.05855
2013.03.29 00:52:19.163,1.05828,1.05857
2013.03.29 00:52:20.434,1.05827,1.05858
2013.03.29 00:52:20.795,1.05828,1.05858
2013.03.29 00:52:21.366,1.05825,1.05858
2013.03.29 00:52:21.671,1.05824,1.05855
2013.03.29 00:52:23.325,1.05823,1.05854
2013.03.29 00:52:23.900,1.05822,1.05853
2013.03.29 00:52:23.965,1.05818,1.0585
2013.03.29 00:52:24.115,1.05818,1.05849
2013.03.29 00:52:24.236,1.05815,1.05848
2013.03.29 00:52:24.706,1.05813,1.05843
2013.03.29 00:52:25.674,1.05813,1.05843
2013.03.29 00:52:26.499,1.05809,1.05841
2013.03.29 00:52:26.570,1.05809,1.05841
2013.03.29 00:52:26.639,1.05805,1.05838
2013.03.29 00:52:26.825,1.05797,1.05832
2013.03.29 00:52:26.944,1.05793,1.05826
2013.03.29 00:52:27.004,1.05792,1.05826
2013.03.29 00:52:27.065,1.05783,1.05821
2013.03.29 00:52:27.424,1.05782,1.05817
2013.03.29 00:52:27.643,1.05783,1.05817
2013.03.29 00:52:27.883,1.05781,1.05818
2013.03.29 00:52:28.254,1.05781,1.05816
2013.03.29 00:52:28.625,1.05783,1.05816
2013.03.29 00:52:28.864,1.0578,1.05816
2013.03.29 00:52:28.931,1.0578,1.05812
2013.03.29 00:52:29.265,1.05782,1.05816
2013.03.29 00:52:29.624,1.05781,1.05813
2013.03.29 00:52:29.985,1.05785,1.05815
2013.03.29 00:52:30.104,1.05785,1.05815
2013.03.29 00:52:30.164,1.0578,1.05813
2013.03.29 00:52:30.524,1.05778,1.05809
2013.03.29 00:52:30.794,1.05778,1.05805
2013.03.29 00:52:31.554,1.05774,1.05803
2013.03.29 00:52:31.854,1.0577,1.05803
2013.03.29 00:52:32.164,1.05784,1.0581
2013.03.29 00:52:32.224,1.05784,1.05811
2013.03.29 00:52:32.344,1.05784,1.05814
2013.03.29 00:52:32.404,1.05784,1.05811
2013.03.29 00:52:32.465,1.05784,1.05815
2013.03.29 00:52:32.646,1.05781,1.05815
2013.03.29 00:52:32.705,1.05781,1.05814
2013.03.29 00:52:33.065,1.05781,1.0581
2013.03.29 00:52:33.544,1.05787,1.05817
2013.03.29 00:52:33.603,1.05787,1.05817
2013.03.29 00:52:33.844,1.05794,1.05826
2013.03.29 00:52:34.025,1.05799,1.0583
2013.03.29 00:52:34.879,1.05794,1.05831
2013.03.29 00:52:36.900,1.05794,1.0583
2013.03.29 00:52:37.148,1.05794,1.05829
2013.03.29 00:52:37.493,1.05795,1.05825
2013.03.29 00:52:40.564,1.05794,1.05825
2013.03.29 00:52:40.914,1.05795,1.05825
2013.03.29 00:52:41.464,1.05794,1.05825
2013.03.29 00:52:42.091,1.05794,1.05826
2013.03.29 00:52:42.294,1.05793,1.05825
2013.03.29 00:52:42.643,1.05795,1.05826
2013.03.29 00:52:43.193,1.05792,1.05823
2013.03.29 00:52:43.903,1.05792,1.05822
2013.03.29 00:52:44.633,1.05791,1.05821
2013.03.29 00:52:45.612,1.05789,1.0582
2013.03.29 00:52:45.691,1.05785,1.05817
2013.03.29 00:52:47.675,1.05783,1.05813
2013.03.29 00:52:48.782,1.05783,1.05813
2013.03.29 00:52:51.046,1.05781,1.05811
2013.03.29 00:52:52.653,1.0578,1.05809
2013.03.29 00:52:52.714,1.05777,1.05807
2013.03.29 00:52:53.074,1.05773,1.05803
2013.03.29 00:52:58.436,1.05773,1.05804
2013.03.29 00:52:58.942,1.05773,1.05803
2013.03.29 00:52:59.914,1.05772,1.05803
2013.03.29 00:52:59.974,1.05768,1.05799
2013.03.29 00:53:00.505,1.05774,1.05799
2013.03.29 00:53:00.895,1.05772,1.05795
2013.03.29 00:53:00.954,1.05769,1.05795
2013.03.29 00:53:01.026,1.05772,1.05795
2013.03.29 00:53:01.914,1.05774,1.05799
2013.03.29 00:53:02.962,1.05774,1.05799
2013.03.29 00:53:04.216,1.05774,1.05802
2013.03.29 00:53:04.513,1.05775,1.05804
2013.03.29 00:53:04.904,1.05775,1.05805
2013.03.29 00:53:05.025,1.05777,1.05806
2013.03.29 00:53:05.385,1.0578,1.05808
2013.03.29 00:53:05.445,1.0578,1.0581
2013.03.29 00:53:05.504,1.05782,1.05812
2013.03.29 00:53:06.045,1.05786,1.05815
2013.03.29 00:53:08.335,1.05786,1.05814
2013.03.29 00:53:11.424,1.05785,1.05816
2013.03.29 00:53:13.144,1.05787,1.05818
2013.03.29 00:53:13.264,1.05791,1.0582
2013.03.29 00:53:13.435,1.05792,1.05821
2013.03.29 00:53:13.745,1.05799,1.05829
2013.03.29 00:53:14.106,1.05802,1.05833
2013.03.29 00:53:14.286,1.05805,1.05835
2013.03.29 00:53:16.045,1.05806,1.05838
2013.03.29 00:53:16.707,1.05806,1.05839
2013.03.29 00:53:18.124,1.05807,1.05839
2013.03.29 00:53:18.426,1.05808,1.05839
2013.03.29 00:53:18.616,1.05812,1.05842
2013.03.29 00:53:20.634,1.05812,1.05847
2013.03.29 00:53:20.995,1.05816,1.05848
2013.03.29 00:53:21.533,1.0582,1.05848
2013.03.29 00:53:23.744,1.05818,1.05848
2013.03.29 00:53:24.484,1.0582,1.0585
2013.03.29 00:53:26.434,1.0582,1.05849
2013.03.29 00:53:28.134,1.05821,1.05849
2013.03.29 00:53:28.444,1.05823,1.05853
2013.03.29 00:53:28.804,1.05826,1.05857
2013.03.29 00:53:29.306,1.05817,1.05851
2013.03.29 00:53:29.365,1.05817,1.05847
2013.03.29 00:53:29.485,1.05814,1.05844
2013.03.29 00:53:29.605,1.05809,1.05841
2013.03.29 00:53:30.539,1.05811,1.05841
2013.03.29 00:53:30.665,1.05812,1.05844
2013.03.29 00:53:30.906,1.05807,1.0584
2013.03.29 00:53:31.145,1.05805,1.05836
2013.03.29 00:53:31.264,1.05802,1.05831
2013.03.29 00:53:31.880,1.05802,1.05833
2013.03.29 00:53:33.425,1.05806,1.05835
2013.03.29 00:53:33.605,1.05808,1.05837
2013.03.29 00:53:33.916,1.05811,1.0584
2013.03.29 00:53:35.108,1.05811,1.05843
2013.03.29 00:53:35.183,1.05812,1.05843
2013.03.29 00:53:35.815,1.05815,1.05844
2013.03.29 00:53:37.024,1.05816,1.05846
2013.03.29 00:53:37.615,1.05816,1.05846
2013.03.29 00:53:37.794,1.05811,1.05843
2013.03.29 00:53:38.034,1.05816,1.05845
2013.03.29 00:53:40.035,1.05811,1.05843
2013.03.29 00:53:41.074,1.05811,1.05843
2013.03.29 00:53:41.217,1.05815,1.05847
2013.03.29 00:53:41.944,1.05814,1.05845
2013.03.29 00:53:42.430,1.05811,1.05841
2013.03.29 00:53:45.088,1.05807,1.05837
2013.03.29 00:53:45.155,1.05803,1.05831
2013.03.29 00:53:45.215,1.05802,1.05831
2013.03.29 00:53:45.454,1.05798,1.05827
2013.03.29 00:53:46.004,1.05799,1.05828
2013.03.29 00:53:46.986,1.05804,1.05833
2013.03.29 00:53:47.561,1.05805,1.05833
2013.03.29 00:53:51.635,1.05804,1.05836
2013.03.29 00:53:53.734,1.05802,1.05831
2013.03.29 00:53:54.874,1.05803,1.05832
2013.03.29 00:53:55.669,1.05802,1.05831
2013.03.29 00:54:02.928,1.05804,1.05836
2013.03.29 00:54:03.238,1.05801,1.05831
2013.03.29 00:54:03.842,1.05801,1.05833
2013.03.29 00:54:04.615,1.058,1.05832
2013.03.29 00:54:04.674,1.05798,1.05832
2013.03.29 00:54:05.053,1.05801,1.05831
2013.03.29 00:54:05.354,1.05801,1.05829
2013.03.29 00:54:08.197,1.058,1.05828
2013.03.29 00:54:08.626,1.058,1.05829
2013.03.29 00:54:10.537,1.05801,1.05831
2013.03.29 00:54:10.725,1.05804,1.05834
2013.03.29 00:54:12.626,1.05808,1.05837
2013.03.29 00:54:13.886,1.05808,1.05837
2013.03.29 00:54:16.424,1.05805,1.05835
2013.03.29 00:54:16.486,1.05801,1.05831
2013.03.29 00:54:16.845,1.058,1.05829
2013.03.29 00:54:16.904,1.05802,1.05831
2013.03.29 00:54:17.206,1.05806,1.05834
2013.03.29 00:54:17.704,1.05802,1.05831
2013.03.29 00:54:19.004,1.05804,1.0583
2013.03.29 00:54:19.126,1.05804,1.05833
2013.03.29 00:54:19.634,1.05803,1.0583
2013.03.29 00:54:21.134,1.05803,1.05832
2013.03.29 00:54:23.844,1.05803,1.05832
2013.03.29 00:54:24.024,1.05802,1.05834
2013.03.29 00:54:25.724,1.05802,1.05831
2013.03.29 00:54:27.745,1.058,1.05827
2013.03.29 00:54:28.046,1.058,1.05829
2013.03.29 00:54:28.677,1.058,1.05829
2013.03.29 00:54:28.749,1.058,1.05827
2013.03.29 00:54:29.064,1.05796,1.05825
2013.03.29 00:54:29.234,1.05802,1.05832
2013.03.29 00:54:29.474,1.05799,1.05829
2013.03.29 00:54:29.775,1.05799,1.05828
2013.03.29 00:54:29.835,1.05799,1.05829
2013.03.29 00:54:30.075,1.05802,1.05832
2013.03.29 00:54:31.815,1.05802,1.05831
2013.03.29 00:54:37.074,1.05797,1.05829
2013.03.29 00:54:37.376,1.05793,1.0582
2013.03.29 00:54:37.734,1.05801,1.0583
2013.03.29 00:54:39.474,1.05802,1.05833
2013.03.29 00:54:41.164,1.05802,1.05832
2013.03.29 00:54:44.935,1.05805,1.05835
2013.03.29 00:54:45.726,1.05804,1.05833
2013.03.29 00:54:46.024,1.0581,1.0584
2013.03.29 00:54:46.204,1.05808,1.0584
2013.03.29 00:54:47.686,1.05812,1.05842
2013.03.29 00:54:47.805,1.05811,1.05842
2013.03.29 00:54:48.145,1.05808,1.05838
2013.03.29 00:54:49.131,1.05803,1.05832
2013.03.29 00:54:49.561,1.05803,1.05832
2013.03.29 00:54:52.550,1.05803,1.05834
2013.03.29 00:54:53.713,1.05808,1.05838
2013.03.29 00:54:55.116,1.05809,1.05839
2013.03.29 00:54:55.654,1.05812,1.05842
2013.03.29 00:54:56.435,1.05811,1.05839
2013.03.29 00:54:56.554,1.05811,1.05838
2013.03.29 00:54:57.260,1.05807,1.05838
2013.03.29 00:54:57.475,1.05809,1.05839
2013.03.29 00:54:59.626,1.05809,1.05839
2013.03.29 00:55:00.156,1.05798,1.05838
2013.03.29 00:55:00.278,1.05796,1.05837
2013.03.29 00:55:00.585,1.05793,1.05827
2013.03.29 00:55:00.764,1.05799,1.05828
2013.03.29 00:55:00.826,1.05799,1.05832
2013.03.29 00:55:00.894,1.05799,1.05824
2013.03.29 00:55:00.954,1.05784,1.05813
2013.03.29 00:55:01.134,1.05784,1.05808
2013.03.29 00:55:01.445,1.05773,1.05794
2013.03.29 00:55:01.506,1.05773,1.05797
2013.03.29 00:55:01.568,1.05773,1.05797
2013.03.29 00:55:01.696,1.05769,1.05802
2013.03.29 00:55:01.946,1.05771,1.05803
2013.03.29 00:55:02.125,1.05772,1.05808
2013.03.29 00:55:02.184,1.05772,1.05808
2013.03.29 00:55:02.244,1.05776,1.0581
2013.03.29 00:55:02.365,1.05779,1.05809
2013.03.29 00:55:02.665,1.05782,1.05813
2013.03.29 00:55:04.071,1.05782,1.05814
2013.03.29 00:55:04.384,1.05753,1.05778
2013.03.29 00:55:04.685,1.05754,1.05775
2013.03.29 00:55:04.805,1.05754,1.05775
2013.03.29 00:55:05.380,1.05758,1.05777
2013.03.29 00:55:05.466,1.05758,1.05781
2013.03.29 00:55:05.665,1.05758,1.05781
2013.03.29 00:55:05.725,1.05767,1.058
2013.03.29 00:55:05.844,1.0578,1.05805
2013.03.29 00:55:05.905,1.05771,1.05799
2013.03.29 00:55:05.965,1.05771,1.05799
2013.03.29 00:55:06.085,1.05771,1.05801
2013.03.29 00:55:06.215,1.05777,1.05807
2013.03.29 00:55:06.335,1.05781,1.05809
2013.03.29 00:55:06.456,1.05773,1.05811
2013.03.29 00:55:06.515,1.05771,1.05803
2013.03.29 00:55:06.634,1.05771,1.05801
2013.03.29 00:55:06.755,1.05767,1.05797
2013.03.29 00:55:07.115,1.0577,1.05802
2013.03.29 00:55:07.664,1.0577,1.05802
2013.03.29 00:55:08.835,1.05769,1.05802
2013.03.29 00:55:09.196,1.05773,1.05797
2013.03.29 00:55:09.255,1.05775,1.05806
2013.03.29 00:55:09.375,1.05777,1.05808
2013.03.29 00:55:09.494,1.0578,1.05815
2013.03.29 00:55:09.614,1.0578,1.05815
2013.03.29 00:55:10.585,1.05776,1.05808
2013.03.29 00:55:10.887,1.05776,1.0581
2013.03.29 00:55:11.135,1.05779,1.05809
2013.03.29 00:55:11.545,1.05779,1.05811
2013.03.29 00:55:11.844,1.05783,1.05812
2013.03.29 00:55:11.904,1.05783,1.05811
2013.03.29 00:55:13.446,1.05785,1.05815
2013.03.29 00:55:13.695,1.05784,1.05815
2013.03.29 00:55:13.755,1.05781,1.05811
2013.03.29 00:55:13.994,1.05776,1.05805
2013.03.29 00:55:14.295,1.05768,1.05797
2013.03.29 00:55:14.414,1.05767,1.05796
2013.03.29 00:55:14.654,1.05763,1.05792
2013.03.29 00:55:16.127,1.05763,1.05793
2013.03.29 00:55:16.589,1.05763,1.05793
2013.03.29 00:55:16.894,1.05763,1.05793
2013.03.29 00:55:17.445,1.05765,1.05794
2013.03.29 00:55:18.021,1.05765,1.05794
2013.03.29 00:55:18.537,1.05765,1.05794
2013.03.29 00:55:18.607,1.05765,1.05797
2013.03.29 00:55:18.795,1.05763,1.05793
2013.03.29 00:55:20.328,1.05763,1.05793
2013.03.29 00:55:20.536,1.05763,1.05794
2013.03.29 00:55:20.804,1.05763,1.0579
2013.03.29 00:55:21.320,1.05761,1.05789
2013.03.29 00:55:21.564,1.05761,1.05788
2013.03.29 00:55:21.869,1.05763,1.05783
2013.03.29 00:55:22.236,1.05763,1.05788
2013.03.29 00:55:24.838,1.05763,1.05789
2013.03.29 00:55:25.068,1.05763,1.05789
2013.03.29 00:55:25.208,1.05763,1.05793
2013.03.29 00:55:26.216,1.05763,1.05794
2013.03.29 00:55:26.494,1.05771,1.05799
2013.03.29 00:55:26.812,1.05771,1.05799
2013.03.29 00:55:27.114,1.05774,1.05802
2013.03.29 00:55:27.664,1.05777,1.05806
2013.03.29 00:55:28.574,1.05776,1.05806
2013.03.29 00:55:29.185,1.05776,1.05806
2013.03.29 00:55:31.104,1.05777,1.05807
2013.03.29 00:55:31.486,1.05774,1.05804
2013.03.29 00:55:32.485,1.05773,1.05804
2013.03.29 00:55:33.315,1.05772,1.05803
2013.03.29 00:55:33.494,1.05768,1.05799
2013.03.29 00:55:34.155,1.05768,1.05799
2013.03.29 00:55:34.214,1.05771,1.05802
2013.03.29 00:55:34.275,1.05772,1.05805
2013.03.29 00:55:34.342,1.05772,1.05805
2013.03.29 00:55:34.525,1.05777,1.05806
2013.03.29 00:55:34.585,1.05777,1.05806
2013.03.29 00:55:35.329,1.05777,1.05805
2013.03.29 00:55:36.063,1.05771,1.05803
2013.03.29 00:55:38.984,1.05775,1.05805
2013.03.29 00:55:41.298,1.05778,1.05808
2013.03.29 00:55:41.902,1.05777,1.05805
2013.03.29 00:55:46.134,1.05777,1.05807
2013.03.29 00:55:47.145,1.05779,1.05812
2013.03.29 00:55:47.324,1.0578,1.05812
2013.03.29 00:55:47.447,1.05786,1.05814
2013.03.29 00:55:47.754,1.05786,1.05814
2013.03.29 00:55:47.934,1.05786,1.05814
2013.03.29 00:55:48.344,1.05784,1.05811
2013.03.29 00:55:48.860,1.05783,1.05812
2013.03.29 00:55:50.977,1.05782,1.05811
2013.03.29 00:55:51.294,1.05776,1.05806
2013.03.29 00:55:51.606,1.05771,1.05803
2013.03.29 00:55:53.123,1.05771,1.058
2013.03.29 00:55:54.918,1.05774,1.05803
2013.03.29 00:55:55.164,1.0577,1.058
2013.03.29 00:55:55.524,1.05768,1.05798
2013.03.29 00:55:58.774,1.0577,1.05801
2013.03.29 00:56:00.667,1.05773,1.05802
2013.03.29 00:56:04.115,1.05772,1.05803
2013.03.29 00:56:05.134,1.05779,1.05809
2013.03.29 00:56:05.494,1.05776,1.05806
2013.03.29 00:56:06.419,1.05777,1.05806
2013.03.29 00:56:08.031,1.05778,1.05809
2013.03.29 00:56:10.236,1.05777,1.05809
2013.03.29 00:56:11.850,1.05778,1.05809
2013.03.29 00:56:12.286,1.05777,1.05808
2013.03.29 00:56:12.825,1.05774,1.05804
2013.03.29 00:56:14.775,1.05772,1.05803
2013.03.29 00:56:15.104,1.05773,1.05803
2013.03.29 00:56:15.240,1.05776,1.05806
2013.03.29 00:56:15.307,1.0578,1.0581
2013.03.29 00:56:15.378,1.05778,1.0581
2013.03.29 00:56:15.504,1.05773,1.05803
2013.03.29 00:56:15.744,1.05766,1.05795
2013.03.29 00:56:16.045,1.0577,1.05802
2013.03.29 00:56:16.164,1.0577,1.05802
2013.03.29 00:56:16.634,1.0577,1.05802
2013.03.29 00:56:17.296,1.0577,1.05802
2013.03.29 00:56:19.208,1.05768,1.05798
2013.03.29 00:56:20.383,1.05768,1.05798
2013.03.29 00:56:20.444,1.05768,1.05799
2013.03.29 00:56:20.564,1.05767,1.05796
2013.03.29 00:56:21.395,1.05767,1.05795
2013.03.29 00:56:23.343,1.05764,1.05796
2013.03.29 00:56:24.951,1.05766,1.05797
2013.03.29 00:56:26.155,1.05764,1.05796
2013.03.29 00:56:26.214,1.05758,1.05788
2013.03.29 00:56:26.286,1.05756,1.05779
2013.03.29 00:56:26.645,1.05762,1.05776
2013.03.29 00:56:27.515,1.05756,1.05776
2013.03.29 00:56:28.875,1.05763,1.05776
2013.03.29 00:56:28.935,1.05763,1.05782
2013.03.29 00:56:29.115,1.05763,1.05782
2013.03.29 00:56:29.234,1.05763,1.0579
2013.03.29 00:56:29.294,1.05766,1.05795
2013.03.29 00:56:29.534,1.05763,1.05793
2013.03.29 00:56:30.051,1.05763,1.05793
2013.03.29 00:56:30.195,1.05765,1.05795
2013.03.29 00:56:31.385,1.05765,1.05795
2013.03.29 00:56:31.919,1.05765,1.05797
2013.03.29 00:56:33.114,1.05765,1.05789
2013.03.29 00:56:33.175,1.05757,1.05788
2013.03.29 00:56:33.234,1.05757,1.05781
2013.03.29 00:56:33.354,1.05762,1.05781
2013.03.29 00:56:33.545,1.05762,1.05784
2013.03.29 00:56:35.144,1.05763,1.05784
2013.03.29 00:56:35.756,1.05763,1.05785
2013.03.29 00:56:37.674,1.05763,1.05787
2013.03.29 00:56:38.083,1.05763,1.05787
2013.03.29 00:56:38.144,1.05763,1.0579
2013.03.29 00:56:38.264,1.05763,1.05787
2013.03.29 00:56:38.444,1.05766,1.05793
2013.03.29 00:56:38.864,1.05766,1.0579
2013.03.29 00:56:41.381,1.05766,1.0579
2013.03.29 00:56:41.624,1.05762,1.05788
2013.03.29 00:56:41.686,1.05762,1.05783
2013.03.29 00:56:41.746,1.05762,1.05783
2013.03.29 00:56:41.805,1.05762,1.05789
2013.03.29 00:56:42.309,1.05762,1.05788
2013.03.29 00:56:43.281,1.05762,1.05788
2013.03.29 00:56:43.960,1.05762,1.05788
2013.03.29 00:56:44.174,1.05764,1.05788
2013.03.29 00:56:44.235,1.05764,1.05791
2013.03.29 00:56:44.743,1.05763,1.0579
2013.03.29 00:56:45.083,1.05761,1.05789
2013.03.29 00:56:45.214,1.05761,1.05785
2013.03.29 00:56:45.727,1.05761,1.05785
2013.03.29 00:56:47.718,1.05761,1.05783
2013.03.29 00:56:50.715,1.05761,1.05783
2013.03.29 00:56:51.134,1.05761,1.0578
2013.03.29 00:56:52.454,1.05761,1.0578
2013.03.29 00:56:53.734,1.05761,1.0578
2013.03.29 00:56:54.240,1.05761,1.0578
2013.03.29 00:56:54.544,1.05764,1.05787
2013.03.29 00:56:55.084,1.05764,1.05788
2013.03.29 00:56:58.380,1.05763,1.05792
2013.03.29 00:56:59.488,1.05764,1.05793
2013.03.29 00:57:00.244,1.05765,1.05795
2013.03.29 00:57:01.295,1.05767,1.05797
2013.03.29 00:57:04.102,1.05768,1.05798
2013.03.29 00:57:04.205,1.05765,1.05797
2013.03.29 00:57:05.321,1.05765,1.05795
2013.03.29 00:57:08.556,1.05766,1.05795
2013.03.29 00:57:12.864,1.05765,1.05794
2013.03.29 00:57:15.215,1.05766,1.05794
2013.03.29 00:57:15.738,1.05765,1.05794
2013.03.29 00:57:16.744,1.05766,1.05794
2013.03.29 00:57:18.200,1.05772,1.05803
2013.03.29 00:57:18.780,1.05771,1.058
2013.03.29 00:57:18.996,1.05774,1.05804
2013.03.29 00:57:21.914,1.05771,1.058
2013.03.29 00:57:23.185,1.05773,1.05804
2013.03.29 00:57:23.674,1.05773,1.05804
2013.03.29 00:57:23.975,1.05776,1.05806
2013.03.29 00:57:31.665,1.05772,1.05803
2013.03.29 00:57:32.114,1.05773,1.05804
2013.03.29 00:57:32.943,1.05776,1.05806
2013.03.29 00:57:33.050,1.05774,1.05806
2013.03.29 00:57:33.554,1.05774,1.05805
2013.03.29 00:57:35.316,1.05772,1.05802
2013.03.29 00:57:36.356,1.05774,1.05802
2013.03.29 00:57:37.341,1.05774,1.05803
2013.03.29 00:57:37.932,1.05777,1.05808
2013.03.29 00:57:38.693,1.0578,1.05809
2013.03.29 00:57:39.936,1.05776,1.05806
2013.03.29 00:57:40.055,1.05775,1.05803
2013.03.29 00:57:41.209,1.05768,1.05799
2013.03.29 00:57:42.895,1.05767,1.05798
2013.03.29 00:57:42.955,1.05766,1.05795
2013.03.29 00:57:43.134,1.05761,1.05791
2013.03.29 00:57:43.435,1.05767,1.05796
2013.03.29 00:57:43.744,1.0577,1.058
2013.03.29 00:57:44.571,1.05772,1.05799
2013.03.29 00:57:44.639,1.05776,1.05805
2013.03.29 00:57:45.966,1.05777,1.05811
2013.03.29 00:57:47.374,1.05778,1.0581
2013.03.29 00:57:47.494,1.0577,1.05798
2013.03.29 00:57:50.755,1.05771,1.058
2013.03.29 00:57:50.874,1.05772,1.058
2013.03.29 00:57:54.124,1.05772,1.058
2013.03.29 00:57:54.935,1.05771,1.05799
2013.03.29 00:57:56.734,1.05766,1.05795
2013.03.29 00:57:57.283,1.05769,1.058
2013.03.29 00:57:59.154,1.05769,1.05799
2013.03.29 00:57:59.694,1.05765,1.05796
2013.03.29 00:58:00.700,1.05765,1.05793
2013.03.29 00:58:05.519,1.05767,1.05797
2013.03.29 00:58:08.543,1.05766,1.05795
2013.03.29 00:58:14.270,1.05765,1.05794
2013.03.29 00:58:16.394,1.05764,1.05789
2013.03.29 00:58:56.096,1.05763,1.05788
2013.03.29 00:59:00.344,1.05763,1.05789
2013.03.29 00:59:00.404,1.05766,1.05795
2013.03.29 00:59:00.534,1.05767,1.05798
2013.03.29 00:59:00.594,1.05767,1.05797
2013.03.29 00:59:07.505,1.05765,1.05794
2013.03.29 00:59:08.994,1.05765,1.05793
2013.03.29 00:59:09.471,1.05765,1.05791
2013.03.29 00:59:09.805,1.05765,1.0579
2013.03.29 00:59:11.569,1.05763,1.05789
2013.03.29 00:59:12.254,1.05763,1.05791
2013.03.29 00:59:12.540,1.05763,1.05791
2013.03.29 00:59:12.664,1.05768,1.05798
2013.03.29 00:59:13.171,1.05768,1.05799
2013.03.29 00:59:13.643,1.05766,1.05798
2013.03.29 00:59:13.766,1.05765,1.05795
2013.03.29 00:59:14.276,1.05763,1.05795
2013.03.29 00:59:14.937,1.05761,1.05792
2013.03.29 00:59:15.295,1.05761,1.05791
2013.03.29 00:59:15.626,1.05761,1.05787
2013.03.29 00:59:16.984,1.05761,1.05789
2013.03.29 00:59:28.374,1.05764,1.05792
2013.03.29 00:59:41.287,1.05769,1.05795
2013.03.29 00:59:43.204,1.05768,1.05795
2013.03.29 00:59:44.919,1.05767,1.05795
2013.03.29 00:59:53.124,1.05767,1.05795
2013.03.29 00:59:56.774,1.05767,1.05797
2013.03.29 00:59:59.532,1.05767,1.05797
2013.03.29 01:00:04.455,1.05765,1.05793
2013.03.29 01:00:06.596,1.05764,1.05793
2013.03.29 01:00:08.246,1.05767,1.05796
2013.03.29 01:00:09.984,1.05764,1.05795
2013.03.29 01:00:10.685,1.05766,1.05795
2013.03.29 01:00:13.075,1.05763,1.05793
2013.03.29 01:00:13.583,1.05763,1.05789
2013.03.29 01:00:14.625,1.05763,1.05792
2013.03.29 01:00:25.699,1.05763,1.05788
2013.03.29 01:00:27.223,1.05763,1.05789
2013.03.29 01:00:34.958,1.05763,1.05782
2013.03.29 01:00:35.096,1.05763,1.05785
2013.03.29 01:00:36.172,1.05763,1.05789
2013.03.29 01:00:37.377,1.05763,1.05786
2013.03.29 01:00:39.025,1.05764,1.05788
2013.03.29 01:00:44.220,1.05764,1.0578
2013.03.29 01:00:47.041,1.05764,1.05784
2013.03.29 01:00:49.552,1.05764,1.05786
2013.03.29 01:00:49.759,1.05764,1.05789
2013.03.29 01:00:55.864,1.05764,1.05791
2013.03.29 01:00:56.215,1.05763,1.05781
2013.03.29 01:00:56.394,1.05763,1.05792
2013.03.29 01:00:56.455,1.05765,1.05792
2013.03.29 01:00:56.516,1.05765,1.05793
2013.03.29 01:00:57.487,1.05767,1.05796
2013.03.29 01:01:03.445,1.05766,1.05798
2013.03.29 01:01:05.530,1.05766,1.05796
2013.03.29 01:01:06.485,1.05765,1.0579
2013.03.29 01:01:07.484,1.05766,1.05791
2013.03.29 01:01:09.549,1.05766,1.05794
2013.03.29 01:01:12.163,1.05766,1.05795
2013.03.29 01:01:12.724,1.05769,1.05798
2013.03.29 01:01:15.171,1.05767,1.05795
2013.03.29 01:01:16.024,1.05769,1.05799
2013.03.29 01:01:19.895,1.05775,1.05804
2013.03.29 01:01:20.016,1.05782,1.05805
2013.03.29 01:01:20.136,1.05783,1.0581
2013.03.29 01:01:20.195,1.05786,1.05814
2013.03.29 01:01:20.375,1.05786,1.05814
2013.03.29 01:01:20.436,1.05786,1.05816
2013.03.29 01:01:20.496,1.05792,1.05821
2013.03.29 01:01:20.675,1.05795,1.05823
2013.03.29 01:01:20.797,1.05796,1.05826
2013.03.29 01:01:21.334,1.05796,1.05826
2013.03.29 01:01:21.678,1.05802,1.05826
2013.03.29 01:01:23.415,1.05797,1.05827
2013.03.29 01:01:23.535,1.058,1.05832
2013.03.29 01:01:24.687,1.05802,1.05831
2013.03.29 01:01:26.334,1.05798,1.05827
2013.03.29 01:01:26.862,1.05798,1.05828
2013.03.29 01:01:30.037,1.05798,1.05828
2013.03.29 01:01:30.155,1.05792,1.05823
2013.03.29 01:01:30.275,1.05795,1.05825
2013.03.29 01:01:32.965,1.05794,1.05823
2013.03.29 01:01:34.555,1.05796,1.05825
2013.03.29 01:01:35.786,1.05796,1.05825
2013.03.29 01:01:40.173,1.05795,1.05825
2013.03.29 01:01:42.281,1.05793,1.05825
2013.03.29 01:01:45.495,1.05796,1.05825
2013.03.29 01:01:51.935,1.05793,1.05824
2013.03.29 01:01:52.226,1.05788,1.05818
2013.03.29 01:01:52.905,1.05785,1.05813
2013.03.29 01:01:52.982,1.0578,1.05808
2013.03.29 01:01:59.466,1.0578,1.05807
2013.03.29 01:02:00.715,1.05779,1.05806
2013.03.29 01:02:03.346,1.0578,1.05808
2013.03.29 01:02:06.646,1.05779,1.05799
2013.03.29 01:02:06.705,1.05776,1.05799
2013.03.29 01:02:06.766,1.05771,1.05799
2013.03.29 01:02:06.916,1.05771,1.058
2013.03.29 01:02:07.035,1.05772,1.05803
2013.03.29 01:02:07.736,1.05772,1.05803
2013.03.29 01:02:08.036,1.05772,1.05801
2013.03.29 01:02:09.019,1.05771,1.05801
2013.03.29 01:02:11.975,1.05772,1.05803
2013.03.29 01:02:12.643,1.05769,1.05799
2013.03.29 01:02:12.965,1.05768,1.05795
2013.03.29 01:02:14.146,1.05768,1.05798
2013.03.29 01:02:14.875,1.05769,1.05797
2013.03.29 01:02:16.495,1.05768,1.05795
2013.03.29 01:02:16.555,1.05769,1.05799
2013.03.29 01:02:19.605,1.05771,1.05802
2013.03.29 01:02:20.888,1.05769,1.05798
2013.03.29 01:02:22.463,1.05765,1.05795
2013.03.29 01:02:25.074,1.05766,1.05797
2013.03.29 01:02:27.266,1.05766,1.05795
2013.03.29 01:02:29.301,1.05764,1.05795
2013.03.29 01:02:30.757,1.05764,1.05793
2013.03.29 01:02:30.965,1.05766,1.05795
2013.03.29 01:02:34.128,1.05767,1.05796
2013.03.29 01:02:34.587,1.05767,1.05796
2013.03.29 01:02:34.705,1.0577,1.05799
2013.03.29 01:02:35.676,1.0577,1.058
2013.03.29 01:02:36.856,1.05766,1.05795
2013.03.29 01:02:37.368,1.05763,1.05793
2013.03.29 01:02:39.196,1.05766,1.05795
2013.03.29 01:02:40.176,1.05763,1.05794
2013.03.29 01:02:42.035,1.05763,1.05792
2013.03.29 01:02:43.995,1.05763,1.05791
2013.03.29 01:02:45.816,1.05763,1.05791
2013.03.29 01:02:46.006,1.05763,1.05788
2013.03.29 01:02:49.116,1.05763,1.05788
2013.03.29 01:02:49.295,1.05763,1.05785
2013.03.29 01:02:49.655,1.05763,1.05784
2013.03.29 01:02:50.325,1.05763,1.05781
2013.03.29 01:02:51.957,1.05763,1.05783
2013.03.29 01:02:53.132,1.05757,1.05783
2013.03.29 01:02:53.326,1.05757,1.05779
2013.03.29 01:02:53.686,1.05757,1.05776
2013.03.29 01:02:53.886,1.05757,1.05783
2013.03.29 01:02:54.125,1.05762,1.05786
2013.03.29 01:02:57.196,1.05762,1.05788
2013.03.29 01:02:59.241,1.05762,1.05789
2013.03.29 01:03:04.526,1.05761,1.05787
2013.03.29 01:03:05.970,1.05761,1.05787
2013.03.29 01:03:07.673,1.05761,1.05782
2013.03.29 01:03:09.206,1.05761,1.05784
2013.03.29 01:03:09.385,1.05763,1.05784
2013.03.29 01:03:10.205,1.05762,1.05784
2013.03.29 01:03:11.895,1.05757,1.05784
2013.03.29 01:03:12.016,1.05757,1.05778
2013.03.29 01:03:14.506,1.05752,1.05781
2013.03.29 01:03:14.867,1.05753,1.05778
2013.03.29 01:03:15.466,1.05747,1.05778
2013.03.29 01:03:15.525,1.05747,1.05778
2013.03.29 01:03:15.645,1.05744,1.05774
2013.03.29 01:03:15.977,1.05744,1.05772
2013.03.29 01:03:16.340,1.05756,1.05779
2013.03.29 01:03:16.645,1.05746,1.05778
2013.03.29 01:03:16.885,1.05745,1.05772
2013.03.29 01:03:17.215,1.05746,1.05774
2013.03.29 01:03:17.455,1.05754,1.05775
2013.03.29 01:03:17.515,1.05754,1.05778
2013.03.29 01:03:18.680,1.05751,1.05777
2013.03.29 01:03:20.825,1.05751,1.05779
2013.03.29 01:03:21.297,1.05751,1.05774
2013.03.29 01:03:21.798,1.05751,1.05771
2013.03.29 01:03:22.215,1.05751,1.05767
2013.03.29 01:03:22.893,1.05751,1.05767
2013.03.29 01:03:25.144,1.05754,1.05776
2013.03.29 01:03:25.205,1.05754,1.05778
2013.03.29 01:03:25.265,1.05753,1.05778
2013.03.29 01:03:27.840,1.05754,1.05781
2013.03.29 01:03:28.373,1.05754,1.05781
2013.03.29 01:03:31.322,1.05753,1.05782
2013.03.29 01:03:33.166,1.05753,1.05782
2013.03.29 01:03:33.228,1.05753,1.05778
2013.03.29 01:03:34.330,1.05753,1.05776
2013.03.29 01:03:36.165,1.05743,1.05773
2013.03.29 01:03:36.796,1.05744,1.05774
2013.03.29 01:03:37.385,1.05744,1.05774
2013.03.29 01:03:37.445,1.05747,1.05777
2013.03.29 01:03:41.207,1.05743,1.05772
2013.03.29 01:03:41.268,1.05745,1.05774
2013.03.29 01:03:41.385,1.05744,1.05774
2013.03.29 01:03:41.506,1.05747,1.05777
2013.03.29 01:03:41.685,1.05749,1.05779
2013.03.29 01:03:41.866,1.05754,1.05782
2013.03.29 01:03:41.925,1.05756,1.05785
2013.03.29 01:03:42.439,1.05756,1.05785
2013.03.29 01:03:44.778,1.05756,1.05786
2013.03.29 01:03:46.596,1.05754,1.05785
2013.03.29 01:03:50.202,1.05759,1.05788
2013.03.29 01:03:50.904,1.05756,1.05785
2013.03.29 01:03:54.014,1.05754,1.05783
2013.03.29 01:03:56.065,1.05753,1.05785
2013.03.29 01:03:59.696,1.05756,1.05785
2013.03.29 01:04:01.646,1.05758,1.05786
2013.03.29 01:04:02.327,1.05756,1.05785
2013.03.29 01:04:03.146,1.05753,1.05782
2013.03.29 01:04:03.250,1.05755,1.05785
2013.03.29 01:04:05.262,1.05754,1.05784
2013.03.29 01:04:07.267,1.05757,1.05785
2013.03.29 01:04:13.187,1.05753,1.0578
2013.03.29 01:04:19.608,1.05753,1.0578
2013.03.29 01:04:21.312,1.05753,1.05779
2013.03.29 01:04:22.755,1.05753,1.05783
2013.03.29 01:04:23.765,1.05753,1.05785
2013.03.29 01:04:25.136,1.05754,1.05784
2013.03.29 01:04:25.846,1.05754,1.05781
2013.03.29 01:04:32.176,1.05754,1.05781
2013.03.29 01:04:33.965,1.05754,1.05784
2013.03.29 01:04:34.584,1.05754,1.05782
2013.03.29 01:04:35.325,1.05754,1.05782
2013.03.29 01:04:35.897,1.05753,1.05782
2013.03.29 01:04:36.581,1.05753,1.05781
2013.03.29 01:04:37.945,1.05753,1.05778
2013.03.29 01:04:40.728,1.05753,1.05779
2013.03.29 01:04:44.995,1.05747,1.0578
2013.03.29 01:04:48.161,1.05744,1.05778
2013.03.29 01:04:50.775,1.05744,1.05777
2013.03.29 01:04:54.245,1.05744,1.05779
2013.03.29 01:04:54.807,1.05753,1.05779
2013.03.29 01:04:54.893,1.05753,1.05782
2013.03.29 01:04:55.419,1.05754,1.05783
2013.03.29 01:04:58.711,1.05754,1.05783
2013.03.29 01:05:04.229,1.05755,1.05781
2013.03.29 01:05:04.836,1.05755,1.05784
2013.03.29 01:05:08.895,1.05755,1.05781
2013.03.29 01:05:09.440,1.0575,1.05781
2013.03.29 01:05:14.175,1.05746,1.0578
2013.03.29 01:05:17.688,1.05745,1.05778
2013.03.29 01:05:21.945,1.05752,1.05781
2013.03.29 01:05:26.024,1.0575,1.05781
2013.03.29 01:05:28.745,1.0575,1.05781
2013.03.29 01:05:29.479,1.0575,1.05781
2013.03.29 01:05:29.975,1.05752,1.05783
2013.03.29 01:05:30.355,1.05752,1.05783
2013.03.29 01:05:31.225,1.05755,1.05785
2013.03.29 01:05:31.960,1.05754,1.05784
2013.03.29 01:05:34.005,1.05755,1.05786
2013.03.29 01:05:35.980,1.05755,1.05784
2013.03.29 01:05:40.415,1.05749,1.05787
2013.03.29 01:05:40.755,1.05752,1.05784
2013.03.29 01:05:41.255,1.05755,1.05784
2013.03.29 01:05:41.314,1.05755,1.05785
2013.03.29 01:05:41.525,1.05759,1.05787
2013.03.29 01:05:42.292,1.05757,1.05787
2013.03.29 01:05:42.805,1.05757,1.05787
2013.03.29 01:05:46.586,1.05757,1.05786
2013.03.29 01:05:46.646,1.05759,1.05789
2013.03.29 01:05:46.825,1.05757,1.05787
2013.03.29 01:05:47.419,1.05756,1.05787
2013.03.29 01:05:47.793,1.05756,1.05787
2013.03.29 01:05:49.635,1.05754,1.05785
2013.03.29 01:05:49.976,1.05757,1.05787
2013.03.29 01:05:50.155,1.05757,1.05787
2013.03.29 01:05:50.337,1.05753,1.05786
2013.03.29 01:05:50.456,1.05752,1.05783
2013.03.29 01:05:50.843,1.05751,1.05782
2013.03.29 01:05:55.257,1.05748,1.05779
2013.03.29 01:05:55.776,1.05748,1.05779
2013.03.29 01:05:58.869,1.05748,1.05782
2013.03.29 01:05:59.556,1.05747,1.0578
2013.03.29 01:06:12.642,1.05746,1.05779
2013.03.29 01:06:13.224,1.05746,1.0578
2013.03.29 01:06:17.536,1.05745,1.05777
2013.03.29 01:06:26.526,1.05746,1.05777
2013.03.29 01:06:28.245,1.05746,1.05776
2013.03.29 01:06:29.542,1.05743,1.05773
2013.03.29 01:06:30.226,1.05744,1.05773
2013.03.29 01:06:32.016,1.05744,1.05772
2013.03.29 01:06:37.955,1.05743,1.05772
2013.03.29 01:06:39.699,1.05743,1.05774
2013.03.29 01:06:40.226,1.05744,1.05774
2013.03.29 01:06:47.845,1.05744,1.05771
2013.03.29 01:06:49.525,1.05744,1.05769
2013.03.29 01:06:51.094,1.05744,1.05769
2013.03.29 01:06:56.152,1.05744,1.05768
2013.03.29 01:06:59.737,1.05737,1.0577
2013.03.29 01:06:59.930,1.05744,1.0577
2013.03.29 01:07:00.319,1.05744,1.0577
2013.03.29 01:07:00.507,1.05737,1.0577
2013.03.29 01:07:00.565,1.05747,1.0577
2013.03.29 01:07:00.944,1.05737,1.0577
2013.03.29 01:07:01.474,1.05734,1.05769
2013.03.29 01:07:01.878,1.0574,1.05771
2013.03.29 01:07:06.016,1.05744,1.05772
2013.03.29 01:07:06.397,1.05744,1.05772
2013.03.29 01:07:06.575,1.05743,1.05776
2013.03.29 01:07:08.869,1.05743,1.05777
2013.03.29 01:07:12.596,1.05744,1.05776
2013.03.29 01:07:13.935,1.05746,1.05775
2013.03.29 01:07:20.207,1.05745,1.05778
2013.03.29 01:07:21.427,1.05746,1.05777
2013.03.29 01:07:30.429,1.05746,1.05776
2013.03.29 01:07:30.945,1.05744,1.05776
2013.03.29 01:07:31.336,1.05744,1.05772
2013.03.29 01:07:31.507,1.05742,1.05772
2013.03.29 01:07:33.250,1.05741,1.0577
2013.03.29 01:07:40.985,1.05742,1.05771
2013.03.29 01:07:51.195,1.05742,1.05771
2013.03.29 01:07:54.419,1.05741,1.0577
2013.03.29 01:07:55.090,1.05741,1.05771
2013.03.29 01:07:55.976,1.05743,1.05775
2013.03.29 01:07:57.186,1.05752,1.05777
2013.03.29 01:07:57.365,1.05752,1.05782
2013.03.29 01:07:57.605,1.05752,1.05782
2013.03.29 01:07:58.165,1.05752,1.05782
2013.03.29 01:08:00.316,1.05754,1.05784
2013.03.29 01:08:00.375,1.05752,1.05784
2013.03.29 01:08:00.616,1.05751,1.05781
2013.03.29 01:08:01.146,1.05749,1.05781
2013.03.29 01:08:01.677,1.0575,1.05781
2013.03.29 01:08:03.087,1.0575,1.0578
2013.03.29 01:08:03.445,1.05745,1.05775
2013.03.29 01:08:03.505,1.05747,1.05777
2013.03.29 01:08:04.162,1.05747,1.05779
2013.03.29 01:08:05.236,1.05751,1.05779
2013.03.29 01:08:05.296,1.05747,1.05777
2013.03.29 01:08:06.386,1.05746,1.05777
2013.03.29 01:08:09.215,1.05747,1.05777
2013.03.29 01:08:11.915,1.05745,1.05774
2013.03.29 01:08:16.734,1.05745,1.05776
2013.03.29 01:08:25.886,1.05742,1.05774
2013.03.29 01:08:26.006,1.05745,1.05776
2013.03.29 01:08:26.135,1.05745,1.05776
2013.03.29 01:08:26.685,1.05741,1.05772
2013.03.29 01:08:36.095,1.05739,1.05772
2013.03.29 01:08:36.216,1.05738,1.05768
2013.03.29 01:08:40.986,1.05738,1.05766
2013.03.29 01:08:41.346,1.05738,1.05764
2013.03.29 01:08:41.691,1.05731,1.05761
2013.03.29 01:08:42.125,1.05733,1.05761
2013.03.29 01:08:42.486,1.05731,1.05758
2013.03.29 01:08:42.986,1.05732,1.0576
2013.03.29 01:08:43.525,1.05735,1.05761
2013.03.29 01:08:44.495,1.05735,1.05764
2013.03.29 01:08:46.048,1.05735,1.05762
2013.03.29 01:08:46.857,1.05737,1.05765
2013.03.29 01:08:51.120,1.05738,1.05767
2013.03.29 01:08:51.247,1.05736,1.05764
2013.03.29 01:08:51.575,1.05736,1.05764
2013.03.29 01:08:51.887,1.05731,1.0576
2013.03.29 01:08:52.331,1.05731,1.05759
2013.03.29 01:08:52.736,1.05729,1.05757
2013.03.29 01:08:52.857,1.05729,1.05759
2013.03.29 01:08:52.922,1.05729,1.05759
2013.03.29 01:08:53.047,1.05729,1.05759
2013.03.29 01:08:54.013,1.05729,1.05757
2013.03.29 01:08:55.166,1.05726,1.05755
2013.03.29 01:08:56.057,1.05726,1.05755
2013.03.29 01:08:56.425,1.05727,1.05756
2013.03.29 01:08:56.486,1.05729,1.05759
2013.03.29 01:08:56.613,1.05727,1.05758
2013.03.29 01:08:57.276,1.05726,1.05756
2013.03.29 01:08:57.636,1.05734,1.05759
2013.03.29 01:08:57.756,1.05734,1.05761
2013.03.29 01:08:58.308,1.05733,1.05761
2013.03.29 01:08:58.865,1.05732,1.05761
2013.03.29 01:08:58.986,1.05729,1.05759
2013.03.29 01:08:59.287,1.0573,1.05758
2013.03.29 01:08:59.637,1.0573,1.0576
2013.03.29 01:08:59.696,1.0573,1.0576
2013.03.29 01:09:00.580,1.05733,1.0576
2013.03.29 01:09:00.870,1.05729,1.05759
2013.03.29 01:09:01.117,1.05729,1.05756
2013.03.29 01:09:01.625,1.05729,1.05756
2013.03.29 01:09:01.936,1.05734,1.05762
2013.03.29 01:09:02.116,1.0574,1.05766
2013.03.29 01:09:02.235,1.05748,1.05771
2013.03.29 01:09:02.415,1.05752,1.05781
2013.03.29 01:09:02.834,1.0576,1.05788
2013.03.29 01:09:02.955,1.0576,1.05794
2013.03.29 01:09:04.565,1.05761,1.05794
2013.03.29 01:09:08.395,1.05762,1.05794
2013.03.29 01:09:12.484,1.05758,1.05794
2013.03.29 01:09:12.606,1.0576,1.05794
2013.03.29 01:09:12.666,1.05758,1.05794
2013.03.29 01:09:12.905,1.05763,1.05794
2013.03.29 01:09:13.204,1.05772,1.05801
2013.03.29 01:09:13.774,1.05776,1.05803
2013.03.29 01:09:13.835,1.05776,1.05805
2013.03.29 01:09:13.894,1.05776,1.05807
2013.03.29 01:09:15.464,1.05778,1.05809
2013.03.29 01:09:16.405,1.05774,1.05809
2013.03.29 01:09:16.525,1.05772,1.05804
2013.03.29 01:09:18.084,1.05772,1.05803
2013.03.29 01:09:19.825,1.05771,1.05802
2013.03.29 01:09:20.044,1.05773,1.05804
2013.03.29 01:09:20.415,1.05777,1.05805
2013.03.29 01:09:20.774,1.05785,1.05814
2013.03.29 01:09:21.335,1.05785,1.05814
2013.03.29 01:09:21.515,1.05781,1.05814
2013.03.29 01:09:22.130,1.05783,1.05812
2013.03.29 01:09:22.585,1.05781,1.05811
2013.03.29 01:09:22.707,1.05779,1.05808
2013.03.29 01:09:23.196,1.05777,1.05811
2013.03.29 01:09:23.756,1.05777,1.05811
2013.03.29 01:09:25.470,1.05776,1.05811
2013.03.29 01:09:25.986,1.05776,1.05806
2013.03.29 01:09:26.506,1.05776,1.05805
2013.03.29 01:09:27.057,1.05777,1.05805
2013.03.29 01:09:27.666,1.05777,1.05804
2013.03.29 01:09:28.026,1.05773,1.05804
2013.03.29 01:09:28.087,1.0577,1.05804
2013.03.29 01:09:28.801,1.05773,1.05806
2013.03.29 01:09:29.907,1.05773,1.05806
2013.03.29 01:09:31.165,1.05775,1.05806
2013.03.29 01:09:32.562,1.05775,1.05806
2013.03.29 01:09:33.385,1.05773,1.05807
2013.03.29 01:09:33.876,1.05771,1.05804
2013.03.29 01:09:34.055,1.05769,1.05802
2013.03.29 01:09:34.175,1.05773,1.05802
2013.03.29 01:09:34.355,1.05773,1.05805
2013.03.29 01:09:35.985,1.05776,1.05805
2013.03.29 01:09:39.445,1.05771,1.05807
2013.03.29 01:09:40.046,1.0577,1.05804
2013.03.29 01:09:40.105,1.05772,1.05805
2013.03.29 01:09:41.811,1.05774,1.05806
2013.03.29 01:09:44.050,1.05775,1.05806
2013.03.29 01:09:44.477,1.05779,1.05807
2013.03.29 01:09:44.536,1.05779,1.05808
2013.03.29 01:09:45.049,1.05779,1.05808
2013.03.29 01:09:46.856,1.0578,1.0581
2013.03.29 01:09:46.975,1.05782,1.05811
2013.03.29 01:09:47.335,1.05785,1.05814
2013.03.29 01:09:48.200,1.05792,1.05813
2013.03.29 01:09:48.279,1.05797,1.05827
2013.03.29 01:09:48.769,1.058,1.05827
2013.03.29 01:09:52.179,1.05797,1.05827
2013.03.29 01:09:53.426,1.05801,1.05827
2013.03.29 01:09:53.667,1.05801,1.05831
2013.03.29 01:09:53.726,1.05809,1.05831
2013.03.29 01:09:54.085,1.0581,1.05838
2013.03.29 01:09:55.696,1.05812,1.05838
2013.03.29 01:09:57.070,1.05812,1.0584
2013.03.29 01:09:57.135,1.05809,1.05838
2013.03.29 01:09:57.255,1.05798,1.05829
2013.03.29 01:09:57.616,1.05796,1.05826
2013.03.29 01:09:57.976,1.05802,1.05828
2013.03.29 01:09:58.436,1.05806,1.05833
2013.03.29 01:09:59.418,1.05805,1.05833
2013.03.29 01:10:00.809,1.05805,1.05833
2013.03.29 01:10:00.986,1.05797,1.05833
2013.03.29 01:10:01.165,1.05797,1.05827
2013.03.29 01:10:01.466,1.05794,1.05824
2013.03.29 01:10:01.939,1.05787,1.05818
2013.03.29 01:10:02.187,1.05787,1.05818
2013.03.29 01:10:02.306,1.05787,1.05818
2013.03.29 01:10:02.367,1.05787,1.05818
2013.03.29 01:10:02.496,1.05782,1.05814
2013.03.29 01:10:02.855,1.05782,1.05813
2013.03.29 01:10:03.247,1.0578,1.05808
2013.03.29 01:10:03.626,1.05779,1.05806
2013.03.29 01:10:06.916,1.05772,1.05802
2013.03.29 01:10:06.976,1.05772,1.05796
2013.03.29 01:10:07.036,1.05766,1.05796
2013.03.29 01:10:07.096,1.05765,1.05793
2013.03.29 01:10:08.696,1.05764,1.05789
2013.03.29 01:10:10.196,1.05765,1.05787
2013.03.29 01:10:10.387,1.05754,1.05783
2013.03.29 01:10:10.516,1.05752,1.05781
2013.03.29 01:10:10.815,1.05754,1.0578
2013.03.29 01:10:11.055,1.05754,1.0578
2013.03.29 01:10:11.355,1.05755,1.05776
2013.03.29 01:10:12.735,1.05755,1.05774
2013.03.29 01:10:13.246,1.05753,1.05784
2013.03.29 01:10:13.371,1.05754,1.05784
2013.03.29 01:10:13.557,1.05752,1.05777
2013.03.29 01:10:15.110,1.05749,1.05778
2013.03.29 01:10:15.696,1.05749,1.05778
2013.03.29 01:10:17.825,1.05752,1.05783
2013.03.29 01:10:22.286,1.05752,1.05782
2013.03.29 01:10:25.356,1.05752,1.05781
2013.03.29 01:10:26.202,1.05754,1.05784
2013.03.29 01:10:28.088,1.05753,1.05782
2013.03.29 01:10:29.236,1.05753,1.05785
2013.03.29 01:10:29.496,1.05757,1.05788
2013.03.29 01:10:29.737,1.05761,1.0579
2013.03.29 01:10:29.855,1.05761,1.0579
2013.03.29 01:10:29.917,1.05767,1.05798
2013.03.29 01:10:30.036,1.05772,1.05803
2013.03.29 01:10:30.276,1.05782,1.05813
2013.03.29 01:10:30.336,1.05784,1.05818
2013.03.29 01:10:30.576,1.05776,1.05811
2013.03.29 01:10:32.326,1.05776,1.05809
2013.03.29 01:10:32.656,1.05782,1.05817
2013.03.29 01:10:35.016,1.05783,1.05818
2013.03.29 01:10:35.356,1.05786,1.05818
2013.03.29 01:10:36.355,1.05786,1.05818
2013.03.29 01:10:37.298,1.05786,1.05816
2013.03.29 01:10:38.436,1.05783,1.05814
2013.03.29 01:10:39.457,1.05782,1.05814
2013.03.29 01:10:41.142,1.0578,1.05817
2013.03.29 01:10:41.505,1.05783,1.05818
2013.03.29 01:10:42.806,1.05782,1.05815
2013.03.29 01:10:46.276,1.05789,1.05818
2013.03.29 01:10:47.696,1.05784,1.05816
2013.03.29 01:10:47.815,1.05786,1.05817
2013.03.29 01:10:47.876,1.05791,1.05824
2013.03.29 01:10:47.996,1.05795,1.05824
2013.03.29 01:10:48.390,1.058,1.05833
2013.03.29 01:10:48.696,1.05798,1.05833
2013.03.29 01:10:49.241,1.05799,1.05833
2013.03.29 01:10:50.879,1.05797,1.0583
2013.03.29 01:10:52.066,1.05795,1.0583
2013.03.29 01:10:56.002,1.05799,1.05831
2013.03.29 01:10:56.966,1.05797,1.05833
2013.03.29 01:10:57.146,1.05797,1.05831
2013.03.29 01:10:57.326,1.058,1.05834
2013.03.29 01:10:57.445,1.05797,1.05831
2013.03.29 01:10:59.336,1.05797,1.05831
2013.03.29 01:10:59.576,1.05795,1.05829
2013.03.29 01:10:59.947,1.05792,1.05826
2013.03.29 01:11:00.427,1.05797,1.05829
2013.03.29 01:11:01.862,1.05797,1.05829
2013.03.29 01:11:02.045,1.05794,1.05829
2013.03.29 01:11:02.107,1.05791,1.05824
2013.03.29 01:11:04.596,1.05791,1.05824
2013.03.29 01:11:04.716,1.05794,1.05827
2013.03.29 01:11:07.098,1.05794,1.05827
2013.03.29 01:11:07.456,1.05791,1.05822
2013.03.29 01:11:07.575,1.05786,1.05819
2013.03.29 01:11:09.121,1.05786,1.05818
2013.03.29 01:11:09.927,1.05784,1.05817
2013.03.29 01:11:10.946,1.05785,1.05818
2013.03.29 01:11:11.066,1.05782,1.05813
2013.03.29 01:11:12.135,1.05779,1.0581
2013.03.29 01:11:12.785,1.05777,1.05809
2013.03.29 01:11:12.848,1.05781,1.05812
2013.03.29 01:11:15.406,1.05781,1.05811
2013.03.29 01:11:15.776,1.05776,1.05807
2013.03.29 01:11:16.135,1.05781,1.0581
2013.03.29 01:11:17.360,1.05782,1.05814
2013.03.29 01:11:17.771,1.05786,1.05818
2013.03.29 01:11:20.826,1.05786,1.05818
2013.03.29 01:11:20.885,1.05788,1.05821
2013.03.29 01:11:22.917,1.05791,1.05823
2013.03.29 01:11:23.036,1.05794,1.05824
2013.03.29 01:11:23.396,1.05802,1.05831
2013.03.29 01:11:23.949,1.05802,1.05829
2013.03.29 01:11:24.557,1.058,1.05829
2013.03.29 01:11:24.687,1.05798,1.05829
2013.03.29 01:11:25.236,1.05795,1.05824
2013.03.29 01:11:25.356,1.05795,1.05824
2013.03.29 01:11:25.557,1.05796,1.05826
2013.03.29 01:11:25.716,1.05797,1.05828
2013.03.29 01:11:27.916,1.05794,1.05826
2013.03.29 01:11:27.976,1.05793,1.05824
2013.03.29 01:11:28.036,1.05795,1.05824
2013.03.29 01:11:28.396,1.05787,1.05818
2013.03.29 01:11:28.636,1.05786,1.05815
2013.03.29 01:11:28.946,1.05791,1.05817
2013.03.29 01:11:29.065,1.05793,1.05823
2013.03.29 01:11:29.125,1.05793,1.05822
2013.03.29 01:11:29.246,1.05791,1.05819
2013.03.29 01:11:30.112,1.05788,1.05816
2013.03.29 01:11:30.436,1.05784,1.05813
2013.03.29 01:11:31.016,1.05782,1.05811
2013.03.29 01:11:32.446,1.05781,1.05811
2013.03.29 01:11:33.581,1.05782,1.05811
2013.03.29 01:11:33.826,1.0578,1.05811
2013.03.29 01:11:34.396,1.0578,1.05809
2013.03.29 01:11:34.635,1.05782,1.05813
2013.03.29 01:11:34.976,1.05785,1.05818
2013.03.29 01:11:35.035,1.0579,1.0582
2013.03.29 01:11:35.157,1.05786,1.05819
2013.03.29 01:11:35.276,1.05786,1.05814
2013.03.29 01:11:35.775,1.05782,1.0581
2013.03.29 01:11:36.086,1.05782,1.0581
2013.03.29 01:11:37.147,1.05782,1.0581
2013.03.29 01:11:37.386,1.05783,1.05813
2013.03.29 01:11:37.506,1.05786,1.05815
2013.03.29 01:11:37.567,1.05786,1.05817
2013.03.29 01:11:38.326,1.05786,1.05816
2013.03.29 01:11:38.446,1.05785,1.05821
2013.03.29 01:11:38.506,1.05795,1.05823
2013.03.29 01:11:38.686,1.05795,1.0582
2013.03.29 01:11:39.046,1.05782,1.05812
2013.03.29 01:11:39.166,1.05782,1.05811
2013.03.29 01:11:39.356,1.05782,1.0581
2013.03.29 01:11:39.417,1.05782,1.0581
2013.03.29 01:11:39.656,1.05781,1.05811
2013.03.29 01:11:39.776,1.05782,1.05812
2013.03.29 01:11:40.136,1.05784,1.05813
2013.03.29 01:11:40.469,1.05781,1.0581
2013.03.29 01:11:40.796,1.05777,1.05806
2013.03.29 01:11:42.395,1.05776,1.05805
2013.03.29 01:11:46.397,1.05773,1.05801
2013.03.29 01:11:48.778,1.05773,1.05802
2013.03.29 01:11:49.638,1.05773,1.05802
2013.03.29 01:11:49.766,1.05774,1.05806
2013.03.29 01:11:50.066,1.05772,1.05802
2013.03.29 01:11:50.126,1.05771,1.05799
2013.03.29 01:11:50.426,1.05769,1.05796
2013.03.29 01:11:50.546,1.05768,1.05792
2013.03.29 01:11:50.606,1.05766,1.05792
2013.03.29 01:11:50.726,1.05765,1.05785
2013.03.29 01:11:52.215,1.05752,1.05783
2013.03.29 01:11:52.357,1.05752,1.05783
2013.03.29 01:11:53.323,1.05753,1.05782
2013.03.29 01:11:58.787,1.05754,1.05781
2013.03.29 01:12:00.156,1.05754,1.05783
2013.03.29 01:12:01.360,1.05754,1.05783
2013.03.29 01:12:01.559,1.05754,1.05783
2013.03.29 01:12:02.093,1.05753,1.05783
2013.03.29 01:12:02.216,1.05754,1.05786
2013.03.29 01:12:02.396,1.05754,1.05786
2013.03.29 01:12:02.516,1.05758,1.05789
2013.03.29 01:12:02.876,1.05763,1.05793
2013.03.29 01:12:03.696,1.05763,1.05793
2013.03.29 01:12:03.817,1.05766,1.05795
2013.03.29 01:12:04.088,1.05766,1.05795
2013.03.29 01:12:05.685,1.05766,1.05798
2013.03.29 01:12:07.348,1.0577,1.05801
2013.03.29 01:12:08.427,1.05768,1.05798
2013.03.29 01:12:08.667,1.05767,1.05795
2013.03.29 01:12:11.911,1.05765,1.05794
2013.03.29 01:12:13.478,1.05762,1.05794
2013.03.29 01:12:13.727,1.05761,1.0579
2013.03.29 01:12:13.971,1.05757,1.05784
2013.03.29 01:12:14.526,1.05758,1.05785
2013.03.29 01:12:14.586,1.05758,1.05787
2013.03.29 01:12:14.766,1.05755,1.05785
2013.03.29 01:12:15.006,1.05759,1.05788
2013.03.29 01:12:15.306,1.05757,1.05786
2013.03.29 01:12:15.848,1.05757,1.05785
