Time,Bid,Ask
2013.03.21 00:00:00.179,1.06436,1.06462
2013.03.21 00:00:00.706,1.06437,1.06461
2013.03.21 00:00:01.157,1.06436,1.0646
2013.03.21 00:00:01.997,1.06444,1.06462
2013.03.21 00:00:02.176,1.06443,1.06462
2013.03.21 00:00:02.716,1.06443,1.06462
2013.03.21 00:00:03.347,1.06444,1.06464
2013.03.21 00:00:03.587,1.06444,1.06464
2013.03.21 00:00:03.707,1.06444,1.06465
2013.03.21 00:00:04.288,1.06447,1.06468
2013.03.21 00:00:04.347,1.06447,1.06469
2013.03.21 00:00:06.457,1.06447,1.06469
2013.03.21 00:00:08.647,1.06448,1.06471
2013.03.21 00:00:08.827,1.06451,1.06474
2013.03.21 00:00:09.603,1.06451,1.06478
2013.03.21 00:00:10.266,1.06452,1.06478
2013.03.21 00:00:10.812,1.06452,1.06478
2013.03.21 00:00:11.326,1.06452,1.06478
2013.03.21 00:00:14.537,1.06452,1.06478
2013.03.21 00:00:17.698,1.06452,1.06478
2013.03.21 00:00:26.776,1.06452,1.06478
2013.03.21 00:00:27.322,1.06452,1.06478
2013.03.21 00:00:33.994,1.06454,1.06481
2013.03.21 00:00:34.937,1.06454,1.06477
2013.03.21 00:00:35.847,1.06454,1.06477
2013.03.21 00:00:37.342,1.06457,1.06479
2013.03.21 00:00:38.607,1.06454,1.06479
2013.03.21 00:00:40.487,1.06454,1.06476
2013.03.21 00:00:42.867,1.06454,1.06476
2013.03.21 00:00:43.387,1.06454,1.06476
2013.03.21 00:00:48.088,1.0645,1.06472
2013.03.21 00:00:48.398,1.06444,1.06468
2013.03.21 00:00:49.631,1.06444,1.06467
2013.03.21 00:00:50.102,1.06444,1.06467
2013.03.21 00:00:51.599,1.06444,1.06464
2013.03.21 00:00:52.580,1.06444,1.0646
2013.03.21 00:00:53.402,1.06444,1.0646
2013.03.21 00:00:56.657,1.06443,1.06461
2013.03.21 00:01:02.758,1.06443,1.06459
2013.03.21 00:01:11.457,1.06443,1.06459
2013.03.21 00:01:11.964,1.06443,1.06456
2013.03.21 00:01:15.352,1.06444,1.06456
2013.03.21 00:01:22.187,1.06444,1.06456
2013.03.21 00:01:24.950,1.06444,1.06457
2013.03.21 00:01:25.770,1.06444,1.06456
2013.03.21 00:01:26.347,1.06444,1.06454
2013.03.21 00:01:27.351,1.06444,1.06454
2013.03.21 00:01:27.419,1.06431,1.06455
2013.03.21 00:01:27.597,1.06429,1.06451
2013.03.21 00:01:27.907,1.06433,1.0645
2013.03.21 00:01:28.148,1.06434,1.06453
2013.03.21 00:01:28.208,1.06434,1.06457
2013.03.21 00:01:28.328,1.06436,1.06459
2013.03.21 00:01:34.238,1.06436,1.0646
2013.03.21 00:01:35.964,1.06436,1.06461
2013.03.21 00:01:36.149,1.06437,1.06461
2013.03.21 00:01:37.122,1.06443,1.06464
2013.03.21 00:01:37.247,1.06442,1.06468
2013.03.21 00:01:40.894,1.06442,1.06466
2013.03.21 00:01:46.582,1.06442,1.06468
2013.03.21 00:01:53.301,1.06441,1.06466
2013.03.21 00:02:07.398,1.0644,1.06464
2013.03.21 00:02:07.639,1.0644,1.06464
2013.03.21 00:02:08.466,1.0644,1.06459
2013.03.21 00:02:12.347,1.0644,1.06462
2013.03.21 00:02:12.899,1.06434,1.06461
2013.03.21 00:02:36.737,1.06438,1.06462
2013.03.21 00:02:38.550,1.06438,1.06462
2013.03.21 00:02:41.631,1.06438,1.06462
2013.03.21 00:02:42.840,1.06438,1.06461
2013.03.21 00:02:43.358,1.06438,1.06462
2013.03.21 00:02:45.811,1.06438,1.06462
2013.03.21 00:02:47.130,1.06438,1.06462
2013.03.21 00:03:02.310,1.06441,1.06464
2013.03.21 00:03:14.088,1.06441,1.06464
2013.03.21 00:03:26.309,1.06439,1.06463
2013.03.21 00:03:26.828,1.06439,1.0646
2013.03.21 00:03:27.290,1.06442,1.06461
2013.03.21 00:03:27.468,1.06439,1.0646
2013.03.21 00:03:27.975,1.06434,1.06458
2013.03.21 00:03:29.503,1.06434,1.06458
2013.03.21 00:03:31.607,1.06435,1.06458
2013.03.21 00:03:32.196,1.06437,1.0646
2013.03.21 00:03:34.097,1.06438,1.06464
2013.03.21 00:03:34.868,1.06439,1.06464
2013.03.21 00:03:34.927,1.06444,1.06467
2013.03.21 00:03:39.838,1.06439,1.06465
2013.03.21 00:03:40.617,1.06438,1.06463
2013.03.21 00:03:41.110,1.06438,1.06463
2013.03.21 00:03:41.647,1.06433,1.0646
2013.03.21 00:03:44.350,1.06436,1.0646
2013.03.21 00:03:45.045,1.06436,1.0646
2013.03.21 00:03:57.832,1.06436,1.0646
2013.03.21 00:03:58.857,1.06436,1.0646
2013.03.21 00:03:59.437,1.06442,1.0646
2013.03.21 00:04:00.557,1.06442,1.0646
2013.03.21 00:04:02.107,1.06437,1.0646
2013.03.21 00:04:02.997,1.06437,1.0646
2013.03.21 00:04:03.613,1.06437,1.0646
2013.03.21 00:04:07.339,1.06437,1.0646
2013.03.21 00:04:13.838,1.06437,1.06461
2013.03.21 00:04:14.377,1.06441,1.06467
2013.03.21 00:04:29.139,1.06441,1.06466
2013.03.21 00:04:29.844,1.06441,1.06464
2013.03.21 00:04:31.907,1.06441,1.06466
2013.03.21 00:04:36.288,1.06441,1.06466
2013.03.21 00:04:36.747,1.06445,1.06467
2013.03.21 00:04:37.107,1.06446,1.06469
2013.03.21 00:04:37.168,1.06446,1.06471
2013.03.21 00:04:37.677,1.06451,1.06475
2013.03.21 00:04:37.868,1.06451,1.06475
2013.03.21 00:04:37.929,1.06451,1.06475
2013.03.21 00:04:38.270,1.06454,1.0648
2013.03.21 00:04:38.610,1.06455,1.0648
2013.03.21 00:04:41.008,1.06455,1.0648
2013.03.21 00:04:46.300,1.06455,1.06479
2013.03.21 00:04:46.778,1.06449,1.06471
2013.03.21 00:04:46.958,1.06449,1.06471
2013.03.21 00:04:53.707,1.06449,1.06472
2013.03.21 00:04:54.475,1.06452,1.06473
2013.03.21 00:04:56.208,1.06452,1.06474
2013.03.21 00:04:57.662,1.06452,1.06473
2013.03.21 00:05:01.711,1.06449,1.06475
2013.03.21 00:05:02.868,1.06448,1.06475
2013.03.21 00:05:03.408,1.06444,1.06469
2013.03.21 00:05:03.778,1.06441,1.06465
2013.03.21 00:05:04.488,1.06442,1.06468
2013.03.21 00:05:05.028,1.06441,1.06464
2013.03.21 00:05:06.690,1.0644,1.06464
2013.03.21 00:05:07.498,1.06436,1.0646
2013.03.21 00:05:08.034,1.06437,1.06463
2013.03.21 00:05:15.451,1.06439,1.06463
2013.03.21 00:05:16.220,1.06439,1.06463
2013.03.21 00:05:16.648,1.06442,1.06466
2013.03.21 00:05:16.708,1.06442,1.06469
2013.03.21 00:05:17.329,1.06442,1.06469
2013.03.21 00:05:18.071,1.06443,1.0647
2013.03.21 00:05:20.938,1.06448,1.06472
2013.03.21 00:05:21.317,1.06448,1.06472
2013.03.21 00:05:23.379,1.06449,1.06472
2013.03.21 00:05:23.438,1.06447,1.06472
2013.03.21 00:05:23.978,1.06443,1.06468
2013.03.21 00:05:30.128,1.06446,1.06469
2013.03.21 00:05:30.288,1.06447,1.06473
2013.03.21 00:05:31.411,1.06447,1.06473
2013.03.21 00:05:31.658,1.06447,1.0647
2013.03.21 00:05:54.457,1.0645,1.06474
2013.03.21 00:05:54.647,1.06451,1.06476
2013.03.21 00:05:55.970,1.06451,1.06477
2013.03.21 00:05:58.091,1.06451,1.06478
2013.03.21 00:05:58.398,1.06451,1.06473
2013.03.21 00:06:01.958,1.0645,1.06473
2013.03.21 00:06:10.859,1.06446,1.06469
2013.03.21 00:06:11.218,1.06444,1.06468
2013.03.21 00:06:11.748,1.06442,1.06466
2013.03.21 00:06:14.244,1.06442,1.06466
2013.03.21 00:06:15.500,1.06442,1.06465
2013.03.21 00:06:18.067,1.06442,1.06463
2013.03.21 00:06:18.601,1.06442,1.06466
2013.03.21 00:06:18.848,1.06442,1.06467
2013.03.21 00:06:19.208,1.0644,1.06463
2013.03.21 00:06:19.638,1.0644,1.06463
2013.03.21 00:06:25.239,1.06436,1.06462
2013.03.21 00:06:28.184,1.06436,1.06461
2013.03.21 00:06:28.628,1.06436,1.0646
2013.03.21 00:06:28.988,1.06432,1.06457
2013.03.21 00:06:29.499,1.06432,1.06455
2013.03.21 00:06:29.560,1.06432,1.06455
2013.03.21 00:06:29.677,1.06432,1.06457
2013.03.21 00:06:29.857,1.06431,1.06454
2013.03.21 00:06:29.977,1.06431,1.06454
2013.03.21 00:06:30.279,1.06434,1.06458
2013.03.21 00:06:30.758,1.06434,1.06457
2013.03.21 00:06:31.058,1.06429,1.06453
2013.03.21 00:06:32.363,1.06428,1.06452
2013.03.21 00:06:34.910,1.06428,1.0645
2013.03.21 00:06:35.148,1.06433,1.06457
2013.03.21 00:06:35.328,1.06437,1.06459
2013.03.21 00:06:35.628,1.06439,1.06463
2013.03.21 00:06:42.938,1.06441,1.06464
2013.03.21 00:06:44.060,1.06441,1.06465
2013.03.21 00:06:44.269,1.06442,1.06465
2013.03.21 00:06:44.748,1.06442,1.06469
2013.03.21 00:06:49.577,1.06442,1.06467
2013.03.21 00:06:50.138,1.06437,1.06462
2013.03.21 00:06:50.684,1.06434,1.06458
2013.03.21 00:06:56.708,1.06432,1.06456
2013.03.21 00:07:02.699,1.06432,1.06458
2013.03.21 00:07:06.202,1.06432,1.06457
2013.03.21 00:07:07.618,1.06431,1.06455
2013.03.21 00:07:11.036,1.06431,1.06455
2013.03.21 00:07:18.938,1.06431,1.06453
2013.03.21 00:07:20.708,1.06428,1.06452
2013.03.21 00:07:20.768,1.06426,1.06448
2013.03.21 00:07:20.948,1.06426,1.06447
2013.03.21 00:07:21.489,1.06426,1.06448
2013.03.21 00:07:23.378,1.06426,1.0645
2013.03.21 00:07:23.438,1.06426,1.06451
2013.03.21 00:07:24.439,1.06432,1.06453
2013.03.21 00:07:25.088,1.06432,1.06454
2013.03.21 00:07:26.289,1.06432,1.06456
2013.03.21 00:07:26.468,1.06437,1.06459
2013.03.21 00:07:26.829,1.06441,1.06463
2013.03.21 00:07:26.889,1.06442,1.06465
2013.03.21 00:07:27.009,1.06442,1.06467
2013.03.21 00:07:27.198,1.06442,1.06468
2013.03.21 00:07:29.397,1.06442,1.06467
2013.03.21 00:07:37.728,1.06442,1.06463
2013.03.21 00:07:38.694,1.06442,1.06465
2013.03.21 00:07:39.940,1.06445,1.06468
2013.03.21 00:07:40.584,1.06447,1.06472
2013.03.21 00:07:42.188,1.06445,1.06472
2013.03.21 00:07:42.369,1.06443,1.06468
2013.03.21 00:07:43.618,1.06446,1.06469
2013.03.21 00:07:43.739,1.06441,1.06465
2013.03.21 00:07:53.528,1.06438,1.06463
2013.03.21 00:07:54.718,1.06437,1.06461
2013.03.21 00:07:56.178,1.06435,1.06461
2013.03.21 00:07:56.786,1.06433,1.06458
2013.03.21 00:07:57.568,1.06435,1.06459
2013.03.21 00:07:57.759,1.06435,1.06461
2013.03.21 00:07:57.818,1.06435,1.0646
2013.03.21 00:07:57.939,1.06439,1.0646
2013.03.21 00:08:01.641,1.06441,1.06465
2013.03.21 00:08:04.599,1.06443,1.06466
2013.03.21 00:08:04.660,1.06446,1.06466
2013.03.21 00:08:04.719,1.06446,1.06469
2013.03.21 00:08:07.000,1.06448,1.06474
2013.03.21 00:08:07.169,1.06449,1.06474
2013.03.21 00:08:09.608,1.06449,1.06473
2013.03.21 00:08:11.239,1.06449,1.06473
2013.03.21 00:08:15.056,1.06448,1.06473
2013.03.21 00:08:22.196,1.06449,1.06473
2013.03.21 00:08:26.298,1.06452,1.06477
2013.03.21 00:08:28.509,1.06452,1.06474
2013.03.21 00:08:43.138,1.06451,1.06476
2013.03.21 00:08:44.673,1.06451,1.06474
2013.03.21 00:09:05.618,1.06449,1.06475
2013.03.21 00:09:05.738,1.06447,1.06474
2013.03.21 00:09:08.999,1.06446,1.06472
2013.03.21 00:09:12.209,1.06446,1.06469
2013.03.21 00:09:12.329,1.06444,1.06469
2013.03.21 00:09:12.508,1.06442,1.06467
2013.03.21 00:09:12.568,1.0644,1.06467
2013.03.21 00:09:17.565,1.06438,1.06464
2013.03.21 00:09:18.068,1.06436,1.06461
2013.03.21 00:09:18.840,1.06437,1.06462
2013.03.21 00:09:19.384,1.06437,1.06462
2013.03.21 00:09:19.968,1.06436,1.06461
2013.03.21 00:09:20.269,1.06436,1.06462
2013.03.21 00:09:20.329,1.06436,1.06461
2013.03.21 00:09:21.305,1.06436,1.06462
2013.03.21 00:09:21.651,1.06431,1.06458
2013.03.21 00:09:22.210,1.06432,1.06459
2013.03.21 00:09:23.269,1.06435,1.06459
2013.03.21 00:09:23.347,1.06431,1.06457
2013.03.21 00:09:23.708,1.06436,1.06459
2013.03.21 00:09:23.878,1.06437,1.06459
2013.03.21 00:09:24.438,1.06438,1.0646
2013.03.21 00:09:24.497,1.06438,1.06462
2013.03.21 00:09:27.769,1.06441,1.06464
2013.03.21 00:09:32.311,1.06441,1.06467
2013.03.21 00:09:32.678,1.06441,1.06467
2013.03.21 00:09:32.738,1.06447,1.06469
2013.03.21 00:09:32.918,1.06451,1.06473
2013.03.21 00:09:33.218,1.06451,1.06476
2013.03.21 00:09:34.619,1.06451,1.06476
2013.03.21 00:09:34.738,1.06446,1.06469
2013.03.21 00:09:34.859,1.06444,1.0647
2013.03.21 00:09:35.039,1.0645,1.06474
2013.03.21 00:09:35.589,1.0645,1.06473
2013.03.21 00:09:38.248,1.0645,1.06473
2013.03.21 00:09:38.875,1.0645,1.06473
2013.03.21 00:09:38.938,1.06446,1.06472
2013.03.21 00:09:43.538,1.06446,1.0647
2013.03.21 00:09:50.539,1.06443,1.06468
2013.03.21 00:09:50.839,1.06439,1.06463
2013.03.21 00:09:51.138,1.06437,1.06461
2013.03.21 00:09:51.318,1.06437,1.06461
2013.03.21 00:09:59.439,1.06437,1.06461
2013.03.21 00:09:59.618,1.06437,1.06461
2013.03.21 00:10:01.598,1.06437,1.06463
2013.03.21 00:10:01.719,1.06441,1.06468
2013.03.21 00:10:04.874,1.06441,1.06467
2013.03.21 00:10:07.128,1.06442,1.06464
2013.03.21 00:10:07.188,1.06442,1.06469
2013.03.21 00:10:08.858,1.06446,1.06469
2013.03.21 00:10:08.978,1.06446,1.06473
2013.03.21 00:10:09.158,1.06449,1.06473
2013.03.21 00:10:15.451,1.06447,1.06473
2013.03.21 00:10:15.508,1.06447,1.0647
2013.03.21 00:10:15.569,1.06447,1.06468
2013.03.21 00:10:22.200,1.06447,1.0647
2013.03.21 00:10:30.098,1.06446,1.06469
2013.03.21 00:10:30.630,1.06446,1.06469
2013.03.21 00:10:31.538,1.06443,1.06467
2013.03.21 00:10:31.658,1.06443,1.06466
2013.03.21 00:10:32.498,1.06443,1.06467
2013.03.21 00:10:33.037,1.06443,1.06467
2013.03.21 00:10:35.564,1.06442,1.06465
2013.03.21 00:10:36.363,1.0644,1.06464
2013.03.21 00:10:36.800,1.0644,1.06465
2013.03.21 00:10:37.099,1.06444,1.06468
2013.03.21 00:10:37.403,1.06442,1.06467
2013.03.21 00:10:43.838,1.06441,1.06464
2013.03.21 00:10:45.813,1.06441,1.06467
2013.03.21 00:10:54.284,1.0644,1.06465
2013.03.21 00:11:09.388,1.06441,1.06465
2013.03.21 00:11:19.011,1.0644,1.06466
2013.03.21 00:11:19.543,1.0644,1.06466
2013.03.21 00:11:21.298,1.06447,1.06469
2013.03.21 00:11:26.438,1.06447,1.06473
2013.03.21 00:11:28.286,1.06449,1.06473
2013.03.21 00:11:28.869,1.06449,1.06474
2013.03.21 00:11:30.429,1.0645,1.06473
2013.03.21 00:11:30.818,1.06447,1.06473
2013.03.21 00:11:30.939,1.06446,1.0647
2013.03.21 00:11:34.116,1.06447,1.06473
2013.03.21 00:11:41.519,1.06449,1.06473
2013.03.21 00:11:42.599,1.0645,1.06474
2013.03.21 00:11:43.118,1.06451,1.06476
2013.03.21 00:11:49.292,1.06451,1.06477
2013.03.21 00:11:53.149,1.0645,1.06476
2013.03.21 00:11:53.716,1.0645,1.06473
2013.03.21 00:11:57.180,1.06451,1.06475
2013.03.21 00:12:03.169,1.06451,1.06476
2013.03.21 00:12:16.976,1.06452,1.06477
2013.03.21 00:12:33.668,1.06452,1.06476
2013.03.21 00:12:34.738,1.06451,1.06476
2013.03.21 00:12:37.828,1.0645,1.06474
2013.03.21 00:12:50.579,1.06451,1.06476
2013.03.21 00:12:51.121,1.06449,1.06474
2013.03.21 00:12:58.098,1.06447,1.06473
2013.03.21 00:13:07.638,1.06449,1.06473
2013.03.21 00:13:07.704,1.06449,1.06474
2013.03.21 00:13:08.455,1.06449,1.06474
2013.03.21 00:13:16.531,1.06449,1.06474
2013.03.21 00:13:18.021,1.06451,1.06475
2013.03.21 00:13:27.278,1.06451,1.06477
2013.03.21 00:13:28.769,1.06453,1.06478
2013.03.21 00:13:29.129,1.06454,1.06479
2013.03.21 00:13:33.090,1.06452,1.06478
2013.03.21 00:13:46.361,1.06453,1.06478
2013.03.21 00:13:53.868,1.06453,1.06477
2013.03.21 00:13:54.487,1.06453,1.06477
2013.03.21 00:13:58.292,1.06452,1.06477
2013.03.21 00:14:02.349,1.06453,1.06478
2013.03.21 00:14:10.930,1.06457,1.0648
2013.03.21 00:14:16.831,1.06454,1.06478
2013.03.21 00:14:18.138,1.06452,1.06478
2013.03.21 00:14:28.119,1.06453,1.06478
2013.03.21 00:14:28.180,1.06453,1.06478
2013.03.21 00:14:36.032,1.06452,1.06478
2013.03.21 00:14:39.118,1.0645,1.06476
2013.03.21 00:14:39.629,1.06449,1.06475
2013.03.21 00:14:39.989,1.06445,1.0647
2013.03.21 00:14:40.118,1.06445,1.06471
2013.03.21 00:14:44.388,1.06451,1.06472
2013.03.21 00:14:44.946,1.06451,1.06473
2013.03.21 00:14:48.269,1.06451,1.06474
2013.03.21 00:14:48.808,1.06451,1.06475
2013.03.21 00:14:50.630,1.06451,1.06476
2013.03.21 00:14:50.858,1.06451,1.06475
2013.03.21 00:14:51.668,1.06449,1.06475
2013.03.21 00:14:52.299,1.06451,1.06475
2013.03.21 00:14:54.638,1.06451,1.06475
2013.03.21 00:14:55.021,1.06456,1.06479
2013.03.21 00:14:56.838,1.06454,1.06479
2013.03.21 00:14:56.959,1.06452,1.06476
2013.03.21 00:14:57.019,1.06451,1.06476
2013.03.21 00:14:59.489,1.0645,1.06476
2013.03.21 00:14:59.548,1.06449,1.06476
2013.03.21 00:15:00.860,1.0645,1.06476
2013.03.21 00:15:27.918,1.06449,1.06473
2013.03.21 00:15:29.706,1.06449,1.06473
2013.03.21 00:15:32.439,1.06452,1.06474
2013.03.21 00:15:39.139,1.06454,1.06479
2013.03.21 00:15:39.258,1.06454,1.0648
2013.03.21 00:15:40.371,1.06454,1.0648
2013.03.21 00:15:40.436,1.06454,1.06479
2013.03.21 00:15:40.818,1.06454,1.06479
2013.03.21 00:15:41.559,1.06454,1.06479
2013.03.21 00:15:42.179,1.06454,1.06478
2013.03.21 00:15:47.898,1.06454,1.06479
2013.03.21 00:15:51.851,1.06452,1.06478
2013.03.21 00:15:53.089,1.06451,1.06478
2013.03.21 00:16:04.781,1.06452,1.06479
2013.03.21 00:16:08.232,1.06452,1.06479
2013.03.21 00:16:08.498,1.06451,1.06478
2013.03.21 00:16:13.007,1.06452,1.06479
2013.03.21 00:16:19.359,1.06454,1.0648
2013.03.21 00:16:33.879,1.06455,1.06482
2013.03.21 00:16:35.354,1.06455,1.06481
2013.03.21 00:16:35.539,1.06455,1.06478
2013.03.21 00:16:35.839,1.06455,1.06479
2013.03.21 00:16:41.240,1.06455,1.06479
2013.03.21 00:16:46.754,1.06455,1.06478
2013.03.21 00:16:50.769,1.06455,1.06479
2013.03.21 00:16:52.179,1.06455,1.06479
2013.03.21 00:16:52.389,1.06451,1.06478
2013.03.21 00:16:57.078,1.06451,1.06475
2013.03.21 00:16:57.319,1.06447,1.06471
2013.03.21 00:17:16.571,1.06446,1.06467
2013.03.21 00:17:36.910,1.06444,1.06468
2013.03.21 00:17:42.300,1.06444,1.06471
2013.03.21 00:17:42.542,1.06441,1.06465
2013.03.21 00:17:43.130,1.06441,1.06468
2013.03.21 00:17:43.430,1.0644,1.06464
2013.03.21 00:17:43.670,1.0644,1.06465
2013.03.21 00:17:44.021,1.06441,1.06466
2013.03.21 00:17:47.130,1.06444,1.06467
2013.03.21 00:17:47.901,1.06444,1.06468
2013.03.21 00:17:47.981,1.0644,1.06466
2013.03.21 00:17:52.129,1.0644,1.06466
2013.03.21 00:17:52.630,1.06443,1.06467
2013.03.21 00:17:56.389,1.06444,1.06467
2013.03.21 00:17:56.510,1.06445,1.0647
2013.03.21 00:17:57.280,1.06445,1.06469
2013.03.21 00:17:57.420,1.06445,1.06468
2013.03.21 00:17:57.879,1.0644,1.06467
2013.03.21 00:17:58.420,1.0644,1.06465
2013.03.21 00:17:58.630,1.06441,1.06467
2013.03.21 00:17:59.039,1.06445,1.06468
2013.03.21 00:18:00.651,1.06445,1.0647
2013.03.21 00:18:00.771,1.0645,1.06475
2013.03.21 00:18:01.406,1.06451,1.06476
2013.03.21 00:18:01.492,1.06452,1.06477
2013.03.21 00:18:04.362,1.06455,1.06477
2013.03.21 00:18:04.874,1.06451,1.06478
2013.03.21 00:18:05.618,1.06451,1.06476
2013.03.21 00:18:21.971,1.06452,1.06476
2013.03.21 00:18:29.046,1.06454,1.06479
2013.03.21 00:18:33.379,1.06453,1.06477
2013.03.21 00:18:34.109,1.06454,1.06479
2013.03.21 00:18:34.571,1.06456,1.06479
2013.03.21 00:18:35.866,1.06458,1.06479
2013.03.21 00:18:35.989,1.06458,1.06483
2013.03.21 00:18:36.638,1.06458,1.06483
2013.03.21 00:18:37.490,1.06457,1.06482
2013.03.21 00:18:38.031,1.06457,1.06478
2013.03.21 00:18:46.122,1.06454,1.06477
2013.03.21 00:18:46.299,1.06453,1.06477
2013.03.21 00:18:52.059,1.06454,1.06478
2013.03.21 00:18:57.876,1.06453,1.06477
2013.03.21 00:19:00.570,1.06451,1.06476
2013.03.21 00:19:03.238,1.06451,1.06476
2013.03.21 00:19:03.419,1.06449,1.06476
2013.03.21 00:19:03.600,1.06445,1.06471
2013.03.21 00:19:03.840,1.06445,1.06471
2013.03.21 00:19:08.150,1.06445,1.06471
2013.03.21 00:19:14.869,1.06445,1.06471
2013.03.21 00:19:15.639,1.06446,1.06471
2013.03.21 00:19:18.010,1.06445,1.0647
2013.03.21 00:19:18.620,1.06445,1.06469
2013.03.21 00:19:29.190,1.06441,1.06468
2013.03.21 00:19:29.610,1.0644,1.06464
2013.03.21 00:19:30.109,1.06441,1.06464
2013.03.21 00:19:30.469,1.06441,1.06464
2013.03.21 00:19:33.353,1.06443,1.06468
2013.03.21 00:19:40.490,1.06443,1.06469
2013.03.21 00:19:44.653,1.06443,1.06468
2013.03.21 00:19:47.065,1.06441,1.06466
2013.03.21 00:19:47.409,1.0644,1.06464
2013.03.21 00:19:49.830,1.06439,1.06463
2013.03.21 00:19:51.039,1.06439,1.06463
2013.03.21 00:19:57.859,1.06439,1.06465
2013.03.21 00:19:58.100,1.06443,1.06468
2013.03.21 00:20:00.199,1.06443,1.06468
2013.03.21 00:20:04.784,1.06443,1.06468
2013.03.21 00:20:06.919,1.06443,1.06466
2013.03.21 00:20:09.625,1.06443,1.06466
2013.03.21 00:20:09.690,1.06443,1.06469
2013.03.21 00:20:11.041,1.06443,1.06469
2013.03.21 00:20:13.903,1.06442,1.06467
2013.03.21 00:20:14.390,1.06445,1.0647
2013.03.21 00:20:14.629,1.06447,1.0647
2013.03.21 00:20:14.809,1.06447,1.0647
2013.03.21 00:20:15.064,1.06445,1.0647
2013.03.21 00:20:18.910,1.06446,1.06471
2013.03.21 00:20:19.570,1.06446,1.06471
2013.03.21 00:20:22.539,1.06447,1.06471
2013.03.21 00:20:26.594,1.06448,1.06473
2013.03.21 00:20:29.829,1.06448,1.06471
2013.03.21 00:20:31.160,1.06446,1.06471
2013.03.21 00:20:44.889,1.06445,1.06471
2013.03.21 00:20:47.272,1.06445,1.06467
2013.03.21 00:20:47.449,1.06442,1.06467
2013.03.21 00:20:47.869,1.06442,1.06467
2013.03.21 00:20:50.589,1.06438,1.06462
2013.03.21 00:20:51.126,1.06438,1.06462
2013.03.21 00:20:52.884,1.06439,1.06463
2013.03.21 00:20:53.448,1.06439,1.06462
2013.03.21 00:20:55.304,1.06438,1.06461
2013.03.21 00:20:56.076,1.06439,1.06462
2013.03.21 00:20:57.284,1.06438,1.06461
2013.03.21 00:21:00.471,1.06438,1.06462
2013.03.21 00:21:01.010,1.06433,1.06458
2013.03.21 00:21:03.409,1.06437,1.06462
2013.03.21 00:21:24.059,1.06439,1.06463
2013.03.21 00:21:32.822,1.06437,1.06461
2013.03.21 00:21:33.246,1.06439,1.06463
2013.03.21 00:21:35.849,1.06436,1.06461
2013.03.21 00:21:44.509,1.06438,1.06462
2013.03.21 00:21:48.486,1.06438,1.06462
2013.03.21 00:21:50.049,1.06436,1.06462
2013.03.21 00:21:52.720,1.06439,1.06462
2013.03.21 00:21:53.382,1.0644,1.06464
2013.03.21 00:21:54.809,1.06438,1.06463
2013.03.21 00:21:57.591,1.06439,1.06464
2013.03.21 00:21:58.589,1.06438,1.06465
2013.03.21 00:22:02.889,1.06438,1.06464
2013.03.21 00:22:06.960,1.06438,1.06462
2013.03.21 00:22:08.149,1.06438,1.06463
2013.03.21 00:22:11.466,1.06441,1.06465
2013.03.21 00:22:17.890,1.0644,1.06465
2013.03.21 00:22:18.330,1.06439,1.06462
2013.03.21 00:22:18.450,1.06439,1.06462
2013.03.21 00:22:18.569,1.06437,1.06462
2013.03.21 00:22:32.809,1.06438,1.06462
2013.03.21 00:22:40.089,1.06439,1.06464
2013.03.21 00:22:43.703,1.06439,1.06465
2013.03.21 00:22:45.760,1.06439,1.06464
2013.03.21 00:22:46.060,1.06434,1.06459
2013.03.21 00:22:46.333,1.06432,1.06459
2013.03.21 00:22:47.163,1.06431,1.06455
2013.03.21 00:23:06.037,1.06431,1.06457
2013.03.21 00:23:07.989,1.0643,1.06457
2013.03.21 00:23:22.361,1.0643,1.06455
2013.03.21 00:23:25.149,1.06429,1.06454
2013.03.21 00:23:28.819,1.06426,1.06452
2013.03.21 00:23:29.320,1.06425,1.06449
2013.03.21 00:23:31.253,1.06425,1.0645
2013.03.21 00:23:31.380,1.06425,1.0645
2013.03.21 00:23:39.821,1.06425,1.06452
2013.03.21 00:23:40.342,1.06425,1.06451
2013.03.21 00:23:45.379,1.06424,1.06449
2013.03.21 00:23:49.400,1.06424,1.0645
2013.03.21 00:23:51.881,1.06429,1.06453
2013.03.21 00:23:54.863,1.06429,1.06453
2013.03.21 00:23:55.341,1.0643,1.06455
2013.03.21 00:23:55.580,1.06435,1.06459
2013.03.21 00:23:58.880,1.06435,1.06462
2013.03.21 00:23:59.209,1.0644,1.06464
2013.03.21 00:24:00.120,1.06442,1.06466
2013.03.21 00:24:12.690,1.0644,1.06464
2013.03.21 00:24:19.969,1.06438,1.06464
2013.03.21 00:24:29.576,1.06437,1.06463
2013.03.21 00:24:36.010,1.06437,1.06462
2013.03.21 00:24:38.610,1.06437,1.06463
2013.03.21 00:24:40.743,1.06436,1.06462
2013.03.21 00:24:43.131,1.06436,1.06461
2013.03.21 00:24:57.152,1.06434,1.06461
2013.03.21 00:24:59.409,1.06434,1.06461
2013.03.21 00:25:20.700,1.06441,1.06466
2013.03.21 00:25:40.564,1.0644,1.06466
2013.03.21 00:25:40.958,1.06439,1.06464
2013.03.21 00:25:51.652,1.06439,1.06464
2013.03.21 00:26:01.220,1.06442,1.06466
2013.03.21 00:26:01.580,1.06441,1.06466
2013.03.21 00:26:06.731,1.06439,1.06464
2013.03.21 00:26:07.480,1.06439,1.06463
2013.03.21 00:26:07.782,1.06438,1.06463
2013.03.21 00:26:07.841,1.06438,1.06465
2013.03.21 00:26:08.426,1.06439,1.06465
2013.03.21 00:26:09.580,1.06438,1.06463
2013.03.21 00:26:10.400,1.06438,1.06463
2013.03.21 00:26:10.460,1.06438,1.06462
2013.03.21 00:26:16.449,1.06439,1.06462
2013.03.21 00:26:17.440,1.06436,1.06462
2013.03.21 00:26:37.561,1.06436,1.06461
2013.03.21 00:26:38.268,1.06436,1.06462
2013.03.21 00:26:47.249,1.06435,1.06462
2013.03.21 00:26:48.653,1.06436,1.06462
2013.03.21 00:26:50.954,1.06435,1.06461
2013.03.21 00:26:58.091,1.06435,1.0646
2013.03.21 00:27:10.454,1.06434,1.0646
2013.03.21 00:27:10.960,1.06433,1.0646
2013.03.21 00:27:14.929,1.06434,1.0646
2013.03.21 00:27:18.324,1.06434,1.0646
2013.03.21 00:27:22.940,1.06433,1.06461
2013.03.21 00:27:27.121,1.06435,1.06461
2013.03.21 00:27:28.650,1.06433,1.06461
2013.03.21 00:27:39.055,1.06433,1.0646
2013.03.21 00:27:40.799,1.06432,1.0646
2013.03.21 00:27:43.653,1.06434,1.0646
2013.03.21 00:27:43.769,1.06438,1.06465
2013.03.21 00:27:43.889,1.06439,1.06465
2013.03.21 00:27:44.359,1.06439,1.06464
2013.03.21 00:27:44.915,1.06438,1.06464
2013.03.21 00:27:54.888,1.06438,1.06464
2013.03.21 00:27:58.787,1.06438,1.06465
2013.03.21 00:28:00.485,1.06438,1.06464
2013.03.21 00:28:05.337,1.06437,1.06462
2013.03.21 00:28:15.931,1.06436,1.06462
2013.03.21 00:28:22.632,1.06438,1.06463
2013.03.21 00:28:25.089,1.06435,1.06462
2013.03.21 00:28:45.362,1.06437,1.06462
2013.03.21 00:29:05.667,1.06434,1.0646
2013.03.21 00:29:06.339,1.06434,1.06462
2013.03.21 00:29:08.159,1.06436,1.06462
2013.03.21 00:29:19.964,1.06434,1.06462
2013.03.21 00:29:23.679,1.06433,1.0646
2013.03.21 00:29:23.739,1.06433,1.0646
2013.03.21 00:29:24.337,1.06431,1.06458
2013.03.21 00:29:30.605,1.06433,1.06458
2013.03.21 00:29:34.662,1.06429,1.06452
2013.03.21 00:29:34.839,1.06427,1.06452
2013.03.21 00:29:53.051,1.0643,1.06452
2013.03.21 00:29:53.170,1.06431,1.06456
2013.03.21 00:30:13.590,1.0643,1.06454
2013.03.21 00:30:14.130,1.06426,1.06453
2013.03.21 00:30:16.626,1.06429,1.06453
2013.03.21 00:30:18.712,1.06429,1.06453
2013.03.21 00:30:20.000,1.06429,1.06453
2013.03.21 00:30:24.198,1.06429,1.06453
2013.03.21 00:30:32.381,1.06427,1.06453
2013.03.21 00:30:32.440,1.06427,1.06448
2013.03.21 00:30:32.794,1.06427,1.0645
2013.03.21 00:30:32.859,1.06429,1.06453
2013.03.21 00:30:32.921,1.06429,1.06454
2013.03.21 00:30:52.170,1.06431,1.06456
2013.03.21 00:30:52.971,1.06431,1.06456
2013.03.21 00:30:53.805,1.06431,1.06454
2013.03.21 00:31:01.660,1.0643,1.06457
2013.03.21 00:31:02.581,1.0643,1.06454
2013.03.21 00:31:08.720,1.0643,1.06455
2013.03.21 00:31:28.810,1.06434,1.06458
2013.03.21 00:31:29.010,1.06434,1.06459
2013.03.21 00:31:29.334,1.06434,1.06459
2013.03.21 00:31:35.360,1.06439,1.06464
2013.03.21 00:31:35.662,1.06442,1.06465
2013.03.21 00:31:36.192,1.06444,1.06467
2013.03.21 00:31:36.251,1.06444,1.06468
2013.03.21 00:31:37.257,1.06444,1.06468
2013.03.21 00:31:37.365,1.06442,1.06468
2013.03.21 00:31:38.350,1.06442,1.06463
2013.03.21 00:31:38.531,1.06439,1.06462
2013.03.21 00:31:38.650,1.06441,1.06463
2013.03.21 00:31:38.831,1.06441,1.06465
2013.03.21 00:31:39.011,1.06442,1.06468
2013.03.21 00:31:39.070,1.06442,1.06468
2013.03.21 00:31:44.501,1.06442,1.06467
2013.03.21 00:31:45.730,1.06443,1.06468
2013.03.21 00:31:48.002,1.06442,1.06467
2013.03.21 00:31:50.200,1.06443,1.06468
2013.03.21 00:32:06.091,1.06443,1.06469
2013.03.21 00:32:06.275,1.06448,1.06473
2013.03.21 00:32:06.820,1.06448,1.06475
2013.03.21 00:32:07.311,1.0645,1.06473
2013.03.21 00:32:07.671,1.06444,1.06467
2013.03.21 00:32:08.030,1.06442,1.06467
2013.03.21 00:32:08.351,1.0644,1.06464
2013.03.21 00:32:08.834,1.0644,1.06466
2013.03.21 00:32:09.824,1.06443,1.06466
2013.03.21 00:32:09.892,1.06443,1.06468
2013.03.21 00:32:10.070,1.06446,1.06469
2013.03.21 00:32:10.190,1.06447,1.06472
2013.03.21 00:32:10.310,1.06446,1.06473
2013.03.21 00:32:10.371,1.06447,1.06473
2013.03.21 00:32:10.611,1.06447,1.06472
2013.03.21 00:32:10.850,1.06447,1.06471
2013.03.21 00:32:11.850,1.06445,1.06469
2013.03.21 00:32:11.910,1.06442,1.06466
2013.03.21 00:32:11.971,1.06441,1.06464
2013.03.21 00:32:13.721,1.0644,1.06464
2013.03.21 00:32:14.080,1.06435,1.06458
2013.03.21 00:32:14.931,1.0644,1.0646
2013.03.21 00:32:14.991,1.0644,1.06463
2013.03.21 00:32:15.530,1.0644,1.06464
2013.03.21 00:32:15.591,1.0644,1.06466
2013.03.21 00:32:16.640,1.0644,1.06464
2013.03.21 00:32:17.835,1.06445,1.06467
2013.03.21 00:32:18.741,1.06445,1.06468
2013.03.21 00:32:23.794,1.06443,1.06467
2013.03.21 00:32:24.495,1.06445,1.06467
2013.03.21 00:32:24.561,1.06445,1.06469
2013.03.21 00:32:25.270,1.06449,1.06473
2013.03.21 00:32:25.337,1.06449,1.06473
2013.03.21 00:32:25.520,1.06452,1.06476
2013.03.21 00:32:26.221,1.06452,1.06477
2013.03.21 00:32:31.517,1.06452,1.06478
2013.03.21 00:32:31.884,1.06451,1.06477
2013.03.21 00:32:32.381,1.0645,1.06476
2013.03.21 00:32:33.370,1.0645,1.06474
2013.03.21 00:32:34.382,1.06448,1.06471
2013.03.21 00:32:34.440,1.06442,1.06467
2013.03.21 00:32:34.950,1.06441,1.06464
2013.03.21 00:32:36.613,1.06441,1.06467
2013.03.21 00:32:40.047,1.06441,1.06467
2013.03.21 00:32:41.091,1.06441,1.06467
2013.03.21 00:32:53.677,1.06442,1.06466
2013.03.21 00:32:56.684,1.06442,1.06466
2013.03.21 00:32:58.421,1.06442,1.06466
2013.03.21 00:32:59.330,1.06442,1.06468
2013.03.21 00:33:03.062,1.06442,1.06466
2013.03.21 00:33:03.180,1.06441,1.06465
2013.03.21 00:33:03.242,1.06441,1.06464
2013.03.21 00:33:03.803,1.06437,1.06463
2013.03.21 00:33:04.142,1.06437,1.06463
2013.03.21 00:33:04.262,1.06441,1.06467
2013.03.21 00:33:06.884,1.06441,1.06465
2013.03.21 00:33:10.850,1.06441,1.06467
2013.03.21 00:33:11.790,1.06441,1.06466
2013.03.21 00:33:12.041,1.06442,1.06467
2013.03.21 00:33:12.161,1.06441,1.06466
2013.03.21 00:33:12.340,1.06442,1.06467
2013.03.21 00:33:12.640,1.06441,1.06466
2013.03.21 00:33:13.196,1.06441,1.06464
2013.03.21 00:33:13.922,1.06437,1.06464
2013.03.21 00:33:21.152,1.06436,1.06462
2013.03.21 00:33:27.020,1.06436,1.06459
2013.03.21 00:33:27.142,1.06436,1.06458
2013.03.21 00:33:28.192,1.06432,1.06458
2013.03.21 00:33:31.177,1.06432,1.06458
2013.03.21 00:33:36.190,1.06436,1.06461
2013.03.21 00:33:40.211,1.06436,1.06462
2013.03.21 00:33:46.201,1.06436,1.06461
2013.03.21 00:33:48.607,1.06436,1.06461
2013.03.21 00:33:51.911,1.06436,1.06461
2013.03.21 00:34:00.680,1.06435,1.0646
2013.03.21 00:34:18.632,1.06437,1.06462
2013.03.21 00:34:18.690,1.06438,1.06463
2013.03.21 00:34:19.328,1.06444,1.06468
2013.03.21 00:34:19.581,1.06446,1.06472
2013.03.21 00:34:22.071,1.06448,1.06472
2013.03.21 00:34:22.592,1.06448,1.06472
2013.03.21 00:34:23.801,1.06447,1.06472
2013.03.21 00:34:25.550,1.06446,1.06468
2013.03.21 00:34:25.730,1.06442,1.06465
2013.03.21 00:34:26.091,1.06437,1.06462
2013.03.21 00:34:26.150,1.06437,1.06462
2013.03.21 00:34:28.830,1.06437,1.06462
2013.03.21 00:34:34.200,1.06437,1.06464
2013.03.21 00:34:36.390,1.06437,1.06464
2013.03.21 00:34:36.917,1.06442,1.06466
2013.03.21 00:34:37.331,1.06441,1.06464
2013.03.21 00:34:37.510,1.06441,1.06463
2013.03.21 00:34:38.911,1.06441,1.06464
2013.03.21 00:34:43.570,1.06441,1.06464
2013.03.21 00:34:44.581,1.06437,1.06463
2013.03.21 00:34:45.182,1.06437,1.06462
2013.03.21 00:34:45.720,1.06437,1.06463
2013.03.21 00:34:46.791,1.06437,1.06463
2013.03.21 00:34:46.971,1.06442,1.06466
2013.03.21 00:34:47.430,1.06442,1.06464
2013.03.21 00:34:47.490,1.06437,1.06462
2013.03.21 00:34:58.225,1.06437,1.06462
2013.03.21 00:35:08.190,1.06438,1.06463
2013.03.21 00:35:15.424,1.06438,1.06463
2013.03.21 00:35:15.491,1.06438,1.06462
2013.03.21 00:35:25.111,1.06438,1.06463
2013.03.21 00:35:35.441,1.06436,1.06462
2013.03.21 00:35:41.380,1.06436,1.06461
2013.03.21 00:35:52.622,1.06437,1.06464
2013.03.21 00:35:54.021,1.06436,1.06462
2013.03.21 00:35:58.810,1.06437,1.06463
2013.03.21 00:35:59.351,1.06439,1.06464
2013.03.21 00:36:04.520,1.06441,1.06467
2013.03.21 00:36:18.902,1.06441,1.06467
2013.03.21 00:36:20.300,1.06437,1.06462
2013.03.21 00:36:20.361,1.06437,1.06463
2013.03.21 00:36:20.602,1.06436,1.0646
2013.03.21 00:36:26.541,1.06433,1.06459
2013.03.21 00:36:36.402,1.06436,1.06459
2013.03.21 00:36:56.552,1.06436,1.06462
2013.03.21 00:36:59.773,1.06434,1.06459
2013.03.21 00:37:12.882,1.06436,1.06459
2013.03.21 00:37:14.965,1.06436,1.0646
2013.03.21 00:37:20.582,1.06435,1.06461
2013.03.21 00:37:21.981,1.06435,1.06461
2013.03.21 00:37:25.080,1.06435,1.06462
2013.03.21 00:37:28.911,1.06435,1.06457
2013.03.21 00:37:30.320,1.06435,1.06456
2013.03.21 00:37:33.120,1.06432,1.06457
2013.03.21 00:37:40.871,1.06434,1.06458
2013.03.21 00:37:41.931,1.06434,1.06459
2013.03.21 00:37:42.482,1.06436,1.06459
2013.03.21 00:37:43.172,1.06436,1.06459
2013.03.21 00:37:50.401,1.06436,1.06459
2013.03.21 00:37:50.990,1.06436,1.06459
2013.03.21 00:37:54.057,1.06436,1.06461
2013.03.21 00:37:59.230,1.06436,1.06459
2013.03.21 00:38:07.861,1.06437,1.0646
2013.03.21 00:38:12.308,1.06442,1.06466
2013.03.21 00:38:13.792,1.06443,1.06466
2013.03.21 00:38:14.101,1.06445,1.06471
2013.03.21 00:38:14.160,1.06447,1.06471
2013.03.21 00:38:14.580,1.06445,1.06468
2013.03.21 00:38:14.941,1.06447,1.0647
2013.03.21 00:38:16.433,1.06447,1.06474
2013.03.21 00:38:17.101,1.0645,1.06472
2013.03.21 00:38:17.221,1.06446,1.06468
2013.03.21 00:38:17.402,1.06446,1.0647
2013.03.21 00:38:17.872,1.06446,1.06469
2013.03.21 00:38:18.261,1.06446,1.06471
2013.03.21 00:38:18.945,1.06448,1.06473
2013.03.21 00:38:19.611,1.0645,1.06474
2013.03.21 00:38:23.098,1.06451,1.06473
2013.03.21 00:38:24.791,1.06452,1.06478
2013.03.21 00:38:25.101,1.06453,1.06478
2013.03.21 00:38:25.461,1.06456,1.06479
2013.03.21 00:38:25.716,1.06456,1.0648
2013.03.21 00:38:29.731,1.06456,1.06479
2013.03.21 00:38:30.091,1.06451,1.06475
2013.03.21 00:38:33.003,1.06451,1.06475
2013.03.21 00:38:33.120,1.06452,1.06476
2013.03.21 00:38:33.882,1.06451,1.06475
2013.03.21 00:38:33.943,1.06451,1.06472
2013.03.21 00:38:34.005,1.0645,1.06472
2013.03.21 00:38:34.132,1.0645,1.06472
2013.03.21 00:38:34.868,1.06446,1.06472
2013.03.21 00:38:41.311,1.06448,1.06472
2013.03.21 00:38:43.665,1.0645,1.06472
2013.03.21 00:38:44.147,1.0645,1.06473
2013.03.21 00:38:46.131,1.06452,1.06475
2013.03.21 00:38:46.252,1.06452,1.06477
2013.03.21 00:38:46.347,1.06451,1.06475
2013.03.21 00:38:47.931,1.06452,1.06477
2013.03.21 00:38:53.101,1.06458,1.0648
2013.03.21 00:38:53.281,1.06456,1.0648
2013.03.21 00:39:02.361,1.06457,1.0648
2013.03.21 00:39:03.371,1.06456,1.0648
2013.03.21 00:39:04.577,1.06456,1.06481
2013.03.21 00:39:11.945,1.06455,1.0648
2013.03.21 00:39:12.307,1.06455,1.0648
2013.03.21 00:39:13.068,1.06455,1.0648
2013.03.21 00:39:19.855,1.06455,1.06479
2013.03.21 00:39:25.320,1.06456,1.06481
2013.03.21 00:39:28.596,1.06456,1.06479
2013.03.21 00:39:29.961,1.06456,1.06479
2013.03.21 00:39:31.371,1.06457,1.06481
2013.03.21 00:39:31.851,1.0646,1.06483
2013.03.21 00:39:35.971,1.06459,1.06483
2013.03.21 00:39:36.077,1.06459,1.06483
2013.03.21 00:39:37.851,1.06459,1.06483
2013.03.21 00:39:38.421,1.06459,1.06483
2013.03.21 00:39:39.081,1.06459,1.06483
2013.03.21 00:39:40.181,1.06456,1.0648
2013.03.21 00:39:41.830,1.06455,1.06478
2013.03.21 00:39:43.881,1.06454,1.06478
2013.03.21 00:39:43.941,1.06454,1.06478
2013.03.21 00:39:44.241,1.06449,1.06473
2013.03.21 00:39:44.421,1.06448,1.06473
2013.03.21 00:39:44.981,1.06447,1.06471
2013.03.21 00:39:53.487,1.06446,1.06469
2013.03.21 00:39:53.611,1.06444,1.06469
2013.03.21 00:39:53.802,1.06442,1.06468
2013.03.21 00:39:54.052,1.0644,1.06464
2013.03.21 00:39:54.172,1.06437,1.06462
2013.03.21 00:39:54.291,1.06438,1.06462
2013.03.21 00:39:54.866,1.06437,1.06462
2013.03.21 00:39:57.343,1.06436,1.06461
2013.03.21 00:40:01.631,1.06434,1.06459
2013.03.21 00:40:01.751,1.06434,1.06458
2013.03.21 00:40:01.872,1.06432,1.06458
2013.03.21 00:40:02.373,1.06428,1.06453
2013.03.21 00:40:04.591,1.06427,1.06453
2013.03.21 00:40:04.951,1.06431,1.06453
2013.03.21 00:40:05.311,1.06434,1.06458
2013.03.21 00:40:05.821,1.06436,1.06458
2013.03.21 00:40:06.361,1.06437,1.06458
2013.03.21 00:40:08.326,1.06438,1.06463
2013.03.21 00:40:12.593,1.06439,1.06462
2013.03.21 00:40:13.743,1.06438,1.06462
2013.03.21 00:40:14.991,1.06439,1.06464
2013.03.21 00:40:15.051,1.06441,1.06466
2013.03.21 00:40:15.411,1.06444,1.06467
2013.03.21 00:40:15.771,1.06442,1.06467
2013.03.21 00:40:15.836,1.06444,1.06469
2013.03.21 00:40:16.081,1.06442,1.06467
2013.03.21 00:40:16.510,1.06446,1.06467
2013.03.21 00:40:16.631,1.06444,1.06467
2013.03.21 00:40:17.132,1.06444,1.06467
2013.03.21 00:40:18.851,1.06445,1.06468
2013.03.21 00:40:19.391,1.06446,1.06471
2013.03.21 00:40:19.901,1.06447,1.06472
2013.03.21 00:40:20.980,1.06448,1.06473
2013.03.21 00:40:21.421,1.06448,1.06471
2013.03.21 00:40:22.402,1.06447,1.06471
2013.03.21 00:40:22.522,1.0645,1.06472
2013.03.21 00:40:22.941,1.0645,1.06475
2013.03.21 00:40:23.497,1.06451,1.06475
2013.03.21 00:40:23.682,1.06449,1.06474
2013.03.21 00:40:31.633,1.06449,1.06474
2013.03.21 00:40:31.931,1.06445,1.0647
2013.03.21 00:40:32.491,1.06444,1.06468
2013.03.21 00:40:34.401,1.06443,1.06467
2013.03.21 00:40:34.701,1.06439,1.06464
2013.03.21 00:40:35.162,1.0644,1.06464
2013.03.21 00:40:41.302,1.0644,1.06464
2013.03.21 00:40:42.816,1.06438,1.06463
2013.03.21 00:40:45.772,1.06435,1.06458
2013.03.21 00:40:45.832,1.06433,1.06458
2013.03.21 00:40:46.012,1.06431,1.06454
2013.03.21 00:40:46.431,1.06431,1.06458
2013.03.21 00:40:46.612,1.06435,1.06459
2013.03.21 00:40:46.762,1.06436,1.06459
2013.03.21 00:40:47.393,1.06438,1.06463
2013.03.21 00:40:56.786,1.06438,1.06463
2013.03.21 00:41:06.991,1.06435,1.06462
2013.03.21 00:41:07.676,1.06436,1.06462
2013.03.21 00:41:13.892,1.06437,1.06462
2013.03.21 00:41:31.691,1.06438,1.06462
2013.03.21 00:41:32.303,1.06437,1.06462
2013.03.21 00:41:38.082,1.06437,1.06462
2013.03.21 00:41:59.421,1.06439,1.06463
2013.03.21 00:42:04.392,1.0644,1.06464
2013.03.21 00:42:04.574,1.0644,1.06467
2013.03.21 00:42:04.932,1.06441,1.06467
2013.03.21 00:42:05.441,1.06445,1.06472
2013.03.21 00:42:06.585,1.06445,1.06471
2013.03.21 00:42:08.622,1.06445,1.06472
2013.03.21 00:42:10.545,1.06445,1.06471
2013.03.21 00:42:12.752,1.06444,1.06468
2013.03.21 00:42:13.298,1.06444,1.06469
2013.03.21 00:42:13.683,1.06442,1.06467
2013.03.21 00:42:13.801,1.06441,1.06467
2013.03.21 00:42:14.007,1.06438,1.06463
2013.03.21 00:42:14.861,1.06438,1.06464
2013.03.21 00:42:15.042,1.06446,1.06469
2013.03.21 00:42:15.772,1.06444,1.0647
2013.03.21 00:42:22.121,1.06446,1.0647
2013.03.21 00:42:22.645,1.06445,1.0647
2013.03.21 00:42:23.932,1.06446,1.06472
2013.03.21 00:42:24.322,1.06444,1.0647
2013.03.21 00:42:25.732,1.06442,1.06466
2013.03.21 00:42:26.272,1.06441,1.06466
2013.03.21 00:42:28.411,1.06439,1.06463
2013.03.21 00:42:28.472,1.06436,1.06462
2013.03.21 00:42:36.400,1.06435,1.06462
2013.03.21 00:42:37.203,1.06435,1.06462
2013.03.21 00:42:38.221,1.06435,1.06462
2013.03.21 00:42:39.584,1.06435,1.06461
2013.03.21 00:42:42.038,1.06435,1.06459
2013.03.21 00:42:43.441,1.06433,1.06458
2013.03.21 00:42:43.562,1.06431,1.06458
2013.03.21 00:42:47.101,1.06431,1.06457
2013.03.21 00:42:50.352,1.06431,1.06457
2013.03.21 00:42:52.156,1.06431,1.06457
2013.03.21 00:42:52.901,1.06431,1.06457
2013.03.21 00:42:53.021,1.06437,1.0646
2013.03.21 00:42:54.201,1.06437,1.06463
2013.03.21 00:42:54.681,1.06439,1.06464
2013.03.21 00:42:55.222,1.06442,1.06465
2013.03.21 00:42:56.071,1.06445,1.06466
2013.03.21 00:42:58.868,1.06441,1.06465
2013.03.21 00:42:58.932,1.06441,1.06463
2013.03.21 00:42:58.991,1.06441,1.06464
2013.03.21 00:42:59.112,1.06436,1.06462
2013.03.21 00:43:01.142,1.06438,1.06463
2013.03.21 00:43:02.355,1.06438,1.06463
2013.03.21 00:43:02.990,1.06437,1.06463
2013.03.21 00:43:03.521,1.06442,1.06465
2013.03.21 00:43:03.641,1.06445,1.06466
2013.03.21 00:43:03.941,1.06445,1.06469
2013.03.21 00:43:04.161,1.06446,1.06469
2013.03.21 00:43:05.591,1.06442,1.06468
2013.03.21 00:43:05.831,1.06442,1.06468
2013.03.21 00:43:23.971,1.06442,1.06468
2013.03.21 00:43:26.422,1.06442,1.06464
2013.03.21 00:43:26.601,1.0644,1.06464
2013.03.21 00:43:27.356,1.06438,1.06464
2013.03.21 00:43:30.844,1.06439,1.06464
2013.03.21 00:43:37.884,1.0644,1.06464
2013.03.21 00:43:37.942,1.06438,1.06464
2013.03.21 00:43:39.002,1.06438,1.06464
2013.03.21 00:43:40.298,1.06439,1.06464
2013.03.21 00:43:42.732,1.06438,1.06464
2013.03.21 00:43:44.511,1.06438,1.06464
2013.03.21 00:43:47.120,1.06439,1.06465
2013.03.21 00:43:55.132,1.06439,1.06465
2013.03.21 00:43:55.743,1.06437,1.06458
2013.03.21 00:43:56.309,1.06434,1.06458
2013.03.21 00:44:10.382,1.06433,1.06458
2013.03.21 00:44:10.812,1.06431,1.06454
2013.03.21 00:44:11.593,1.06428,1.06453
2013.03.21 00:44:11.713,1.06431,1.06454
2013.03.21 00:44:11.903,1.06431,1.06455
2013.03.21 00:44:12.142,1.06428,1.06453
2013.03.21 00:44:12.563,1.06427,1.06452
2013.03.21 00:44:13.142,1.06424,1.06449
2013.03.21 00:44:21.563,1.06426,1.06449
2013.03.21 00:44:22.112,1.06424,1.06449
2013.03.21 00:44:22.233,1.06424,1.06447
2013.03.21 00:44:26.742,1.06424,1.06444
2013.03.21 00:44:26.922,1.06424,1.06448
2013.03.21 00:44:27.042,1.06424,1.06449
2013.03.21 00:44:27.342,1.06424,1.06451
2013.03.21 00:44:27.522,1.06429,1.06453
2013.03.21 00:44:27.582,1.06429,1.06455
2013.03.21 00:44:31.685,1.0643,1.06456
2013.03.21 00:44:31.752,1.06434,1.06458
2013.03.21 00:44:33.530,1.06434,1.06458
2013.03.21 00:44:36.973,1.06432,1.06456
2013.03.21 00:44:41.383,1.06434,1.06456
2013.03.21 00:44:41.653,1.06434,1.06459
2013.03.21 00:44:43.142,1.06432,1.06457
2013.03.21 00:44:43.264,1.06429,1.06454
2013.03.21 00:44:51.013,1.06432,1.06454
2013.03.21 00:44:51.073,1.06433,1.06456
2013.03.21 00:44:51.415,1.06433,1.06459
2013.03.21 00:44:55.703,1.06433,1.0646
2013.03.21 00:44:57.243,1.06435,1.0646
2013.03.21 00:45:00.328,1.06435,1.0646
2013.03.21 00:45:02.639,1.06433,1.06459
2013.03.21 00:45:05.246,1.06438,1.06463
2013.03.21 00:45:10.812,1.06438,1.06463
2013.03.21 00:45:12.214,1.06438,1.06463
2013.03.21 00:45:14.542,1.06438,1.06465
2013.03.21 00:45:14.783,1.06436,1.06459
2013.03.21 00:45:16.313,1.06433,1.06459
2013.03.21 00:45:18.503,1.06433,1.06457
2013.03.21 00:45:22.584,1.06432,1.06456
2013.03.21 00:45:23.101,1.06429,1.06454
2013.03.21 00:45:34.166,1.06428,1.06454
2013.03.21 00:45:34.353,1.06424,1.06449
2013.03.21 00:45:34.579,1.06423,1.06449
2013.03.21 00:45:35.123,1.06422,1.06448
2013.03.21 00:45:37.492,1.06419,1.06444
2013.03.21 00:45:38.313,1.06419,1.06444
2013.03.21 00:45:38.673,1.0642,1.06444
2013.03.21 00:45:39.389,1.06418,1.06443
2013.03.21 00:45:39.638,1.06418,1.06444
2013.03.21 00:45:39.704,1.06419,1.06446
2013.03.21 00:45:40.123,1.06419,1.06444
2013.03.21 00:45:40.873,1.06419,1.06446
2013.03.21 00:45:43.135,1.06421,1.06446
2013.03.21 00:45:43.254,1.06425,1.0645
2013.03.21 00:45:44.115,1.06425,1.0645
2013.03.21 00:45:44.675,1.06427,1.06451
2013.03.21 00:45:44.914,1.06428,1.06454
2013.03.21 00:45:44.974,1.06428,1.06454
2013.03.21 00:45:50.384,1.06428,1.06454
2013.03.21 00:45:52.392,1.06429,1.06454
2013.03.21 00:46:05.087,1.0643,1.06455
2013.03.21 00:46:05.893,1.0643,1.06455
2013.03.21 00:46:06.903,1.0643,1.06457
2013.03.21 00:46:08.093,1.0643,1.06455
2013.03.21 00:46:10.842,1.0643,1.06455
2013.03.21 00:46:11.663,1.06436,1.06457
2013.03.21 00:46:11.845,1.06436,1.06458
2013.03.21 00:46:20.813,1.06435,1.06459
2013.03.21 00:46:23.434,1.06434,1.06459
2013.03.21 00:46:24.043,1.0643,1.06454
2013.03.21 00:46:24.632,1.06427,1.06454
2013.03.21 00:46:25.843,1.0643,1.06454
2013.03.21 00:46:25.902,1.0643,1.06453
2013.03.21 00:46:26.353,1.06427,1.06451
2013.03.21 00:46:26.675,1.0643,1.06453
2013.03.21 00:46:26.735,1.06433,1.06456
2013.03.21 00:46:26.793,1.06434,1.06458
2013.03.21 00:46:26.854,1.06434,1.0646
2013.03.21 00:46:27.182,1.06433,1.06456
2013.03.21 00:46:34.303,1.06434,1.06459
2013.03.21 00:46:34.546,1.06437,1.06462
2013.03.21 00:46:34.853,1.0644,1.06464
2013.03.21 00:47:03.173,1.0644,1.06466
2013.03.21 00:47:12.843,1.06438,1.06464
2013.03.21 00:47:13.503,1.06436,1.06461
2013.03.21 00:47:14.023,1.06434,1.06459
2013.03.21 00:47:15.894,1.06434,1.06461
2013.03.21 00:47:16.193,1.06436,1.06461
2013.03.21 00:47:16.314,1.06436,1.06461
2013.03.21 00:47:23.373,1.06434,1.06461
2013.03.21 00:47:23.433,1.06434,1.06459
2013.03.21 00:47:23.674,1.0643,1.06456
2013.03.21 00:47:23.793,1.0643,1.06456
2013.03.21 00:47:25.132,1.0643,1.06454
2013.03.21 00:47:26.403,1.06432,1.06457
2013.03.21 00:47:27.603,1.06433,1.06456
2013.03.21 00:47:27.723,1.06432,1.06456
2013.03.21 00:47:27.943,1.06432,1.06456
2013.03.21 00:47:28.319,1.06434,1.06459
2013.03.21 00:47:32.853,1.06436,1.06461
2013.03.21 00:47:33.116,1.06436,1.06461
2013.03.21 00:47:38.554,1.06437,1.06461
2013.03.21 00:47:39.013,1.06436,1.06461
2013.03.21 00:47:39.194,1.06434,1.0646
2013.03.21 00:47:46.233,1.06436,1.06457
2013.03.21 00:47:46.294,1.06436,1.06459
2013.03.21 00:47:49.881,1.06435,1.06459
2013.03.21 00:47:50.874,1.06435,1.06459
2013.03.21 00:47:57.663,1.06435,1.06459
2013.03.21 00:48:03.934,1.06432,1.06456
2013.03.21 00:48:04.113,1.06431,1.06454
2013.03.21 00:48:04.662,1.0643,1.06453
2013.03.21 00:48:09.050,1.0643,1.06452
2013.03.21 00:48:10.354,1.06428,1.0645
2013.03.21 00:48:20.133,1.06423,1.06448
2013.03.21 00:48:20.373,1.06422,1.06448
2013.03.21 00:48:20.915,1.06418,1.06443
2013.03.21 00:48:21.492,1.06418,1.06442
2013.03.21 00:48:23.042,1.06418,1.06442
2013.03.21 00:48:24.362,1.06418,1.06442
2013.03.21 00:48:30.859,1.06418,1.06442
2013.03.21 00:48:31.985,1.06419,1.06444
2013.03.21 00:48:32.623,1.06419,1.06444
2013.03.21 00:48:32.684,1.06422,1.06448
2013.03.21 00:48:32.745,1.06426,1.06449
2013.03.21 00:48:33.042,1.06427,1.06452
2013.03.21 00:48:34.049,1.06427,1.06452
2013.03.21 00:48:34.593,1.06431,1.06457
2013.03.21 00:48:34.844,1.06437,1.06461
2013.03.21 00:48:34.964,1.06437,1.06462
2013.03.21 00:48:35.573,1.06437,1.06462
2013.03.21 00:48:36.586,1.06437,1.06462
2013.03.21 00:48:37.583,1.06442,1.06464
2013.03.21 00:48:37.764,1.06443,1.06468
2013.03.21 00:48:37.824,1.06442,1.06467
2013.03.21 00:48:38.004,1.06445,1.06468
2013.03.21 00:48:38.123,1.06447,1.06468
2013.03.21 00:48:38.604,1.06448,1.06471
2013.03.21 00:48:39.164,1.06448,1.06473
2013.03.21 00:48:40.103,1.06448,1.06472
2013.03.21 00:48:42.050,1.06448,1.06463
2013.03.21 00:48:42.114,1.06446,1.06463
2013.03.21 00:48:42.233,1.06437,1.06463
2013.03.21 00:48:42.533,1.06436,1.06463
2013.03.21 00:48:43.413,1.06436,1.06463
2013.03.21 00:48:46.232,1.06435,1.06458
2013.03.21 00:48:46.369,1.06432,1.06457
2013.03.21 00:48:47.143,1.06432,1.06458
2013.03.21 00:48:48.794,1.06432,1.06458
2013.03.21 00:48:49.423,1.06431,1.06454
2013.03.21 00:48:49.483,1.06427,1.06452
2013.03.21 00:48:49.543,1.06426,1.0645
2013.03.21 00:48:49.603,1.06427,1.06452
2013.03.21 00:48:49.723,1.06427,1.06453
2013.03.21 00:49:04.914,1.06435,1.06456
2013.03.21 00:49:04.974,1.06436,1.06459
2013.03.21 00:49:05.959,1.06436,1.06459
2013.03.21 00:49:07.102,1.06435,1.06459
2013.03.21 00:49:11.386,1.06434,1.06459
2013.03.21 00:49:11.693,1.0643,1.06454
2013.03.21 00:49:49.943,1.06428,1.06452
2013.03.21 00:50:08.513,1.06429,1.06454
2013.03.21 00:50:09.074,1.06434,1.06454
2013.03.21 00:50:09.492,1.06432,1.06453
2013.03.21 00:50:11.383,1.06429,1.06455
2013.03.21 00:50:13.213,1.06428,1.06454
2013.03.21 00:50:14.872,1.06428,1.06455
2013.03.21 00:50:21.403,1.06426,1.06453
2013.03.21 00:50:31.743,1.06426,1.06454
2013.03.21 00:50:32.933,1.06426,1.06453
2013.03.21 00:50:42.234,1.06425,1.0645
2013.03.21 00:50:44.403,1.06425,1.06453
2013.03.21 00:50:44.643,1.0643,1.06454
2013.03.21 00:50:45.108,1.0643,1.06452
2013.03.21 00:50:45.233,1.06426,1.06452
2013.03.21 00:50:45.754,1.06426,1.06449
2013.03.21 00:50:51.723,1.06426,1.06452
2013.03.21 00:51:05.803,1.06428,1.06454
2013.03.21 00:51:06.341,1.06428,1.06454
2013.03.21 00:51:06.843,1.06429,1.06456
2013.03.21 00:51:13.033,1.06433,1.06458
2013.03.21 00:51:17.680,1.06434,1.06458
2013.03.21 00:51:19.113,1.06433,1.06458
2013.03.21 00:51:20.724,1.06434,1.06458
2013.03.21 00:51:28.523,1.06433,1.06456
2013.03.21 00:51:28.924,1.0643,1.06454
2013.03.21 00:51:29.570,1.06428,1.06453
2013.03.21 00:51:31.434,1.06428,1.06454
2013.03.21 00:51:35.453,1.06432,1.06456
2013.03.21 00:51:35.635,1.06433,1.06457
2013.03.21 00:51:40.315,1.06433,1.06456
2013.03.21 00:51:43.339,1.06432,1.06454
2013.03.21 00:51:45.944,1.06432,1.06454
2013.03.21 00:51:46.884,1.06427,1.06454
2013.03.21 00:51:48.063,1.06428,1.06454
2013.03.21 00:51:49.195,1.06428,1.06453
2013.03.21 00:51:49.944,1.0643,1.06455
2013.03.21 00:51:50.063,1.0643,1.06455
2013.03.21 00:51:51.136,1.0643,1.06455
2013.03.21 00:51:58.483,1.06432,1.06455
2013.03.21 00:52:01.327,1.0643,1.06455
2013.03.21 00:52:02.163,1.0643,1.06456
2013.03.21 00:52:02.468,1.06428,1.06452
2013.03.21 00:52:02.855,1.06428,1.06452
2013.03.21 00:52:04.493,1.06428,1.06452
2013.03.21 00:52:06.270,1.06426,1.06452
2013.03.21 00:52:08.257,1.06425,1.06452
2013.03.21 00:52:11.046,1.06425,1.0645
2013.03.21 00:52:13.573,1.06424,1.06444
2013.03.21 00:52:13.753,1.06421,1.06444
2013.03.21 00:52:15.033,1.06421,1.06445
2013.03.21 00:52:15.093,1.06421,1.06446
2013.03.21 00:52:20.287,1.06421,1.06448
2013.03.21 00:52:37.184,1.06422,1.06446
2013.03.21 00:52:41.354,1.06422,1.06446
2013.03.21 00:52:41.474,1.0643,1.06451
2013.03.21 00:52:41.593,1.06428,1.06452
2013.03.21 00:52:41.834,1.06427,1.0645
2013.03.21 00:52:42.014,1.06422,1.06447
2013.03.21 00:52:42.553,1.06421,1.06445
2013.03.21 00:52:52.214,1.06422,1.06445
2013.03.21 00:52:52.889,1.06423,1.06447
2013.03.21 00:52:54.535,1.06422,1.06445
2013.03.21 00:52:54.673,1.06421,1.06445
2013.03.21 00:52:58.654,1.06421,1.06445
2013.03.21 00:53:02.055,1.0642,1.06445
2013.03.21 00:53:04.107,1.0642,1.06445
2013.03.21 00:53:04.855,1.06421,1.06448
2013.03.21 00:53:05.565,1.06421,1.06445
2013.03.21 00:53:10.853,1.0642,1.06445
2013.03.21 00:53:14.584,1.06421,1.06445
2013.03.21 00:53:22.734,1.0642,1.06443
2013.03.21 00:53:22.794,1.06418,1.06443
2013.03.21 00:53:23.153,1.06416,1.06439
2013.03.21 00:53:28.108,1.06416,1.06438
2013.03.21 00:53:28.354,1.06412,1.06435
2013.03.21 00:53:31.614,1.06409,1.06435
2013.03.21 00:53:32.693,1.06408,1.06434
2013.03.21 00:53:32.768,1.06409,1.06434
2013.03.21 00:53:33.784,1.06409,1.06435
2013.03.21 00:53:35.202,1.06408,1.06434
2013.03.21 00:53:47.055,1.06409,1.06434
2013.03.21 00:54:02.223,1.06408,1.06432
2013.03.21 00:54:05.873,1.06407,1.06431
2013.03.21 00:54:07.844,1.06408,1.06432
2013.03.21 00:54:14.704,1.06407,1.06431
2013.03.21 00:54:15.097,1.06407,1.06431
2013.03.21 00:54:15.403,1.06406,1.06428
2013.03.21 00:54:15.704,1.06402,1.06422
2013.03.21 00:54:16.064,1.06402,1.06422
2013.03.21 00:54:16.915,1.06402,1.06423
2013.03.21 00:54:17.904,1.06398,1.06418
2013.03.21 00:54:18.448,1.06396,1.06418
2013.03.21 00:54:20.374,1.06397,1.06418
2013.03.21 00:54:20.505,1.06397,1.06418
2013.03.21 00:54:20.875,1.064,1.06421
2013.03.21 00:54:20.994,1.06401,1.06423
2013.03.21 00:54:21.548,1.06401,1.06423
2013.03.21 00:54:22.993,1.06401,1.06423
2013.03.21 00:54:23.054,1.06401,1.06425
2013.03.21 00:54:23.274,1.06401,1.06425
2013.03.21 00:54:24.773,1.06401,1.06426
2013.03.21 00:54:28.084,1.06401,1.06426
2013.03.21 00:54:28.624,1.06401,1.06424
2013.03.21 00:54:28.907,1.06401,1.06425
2013.03.21 00:54:29.244,1.06401,1.06426
2013.03.21 00:54:30.594,1.06406,1.06428
2013.03.21 00:54:34.423,1.06401,1.06426
2013.03.21 00:54:35.184,1.06407,1.06428
2013.03.21 00:54:35.564,1.06402,1.06426
2013.03.21 00:54:44.366,1.06403,1.06428
2013.03.21 00:54:44.725,1.06397,1.06421
2013.03.21 00:54:44.964,1.06397,1.06421
2013.03.21 00:54:45.143,1.06399,1.06423
2013.03.21 00:54:45.263,1.06401,1.06424
2013.03.21 00:54:46.317,1.06402,1.06426
2013.03.21 00:54:46.386,1.06402,1.06426
2013.03.21 00:54:47.336,1.06402,1.06426
2013.03.21 00:54:48.474,1.06397,1.06418
2013.03.21 00:54:48.713,1.06398,1.06418
2013.03.21 00:54:49.463,1.06397,1.06418
2013.03.21 00:54:49.994,1.06397,1.06418
2013.03.21 00:54:53.656,1.06395,1.06415
2013.03.21 00:54:53.897,1.06393,1.06417
2013.03.21 00:54:53.964,1.06394,1.06419
2013.03.21 00:54:54.085,1.06397,1.06419
2013.03.21 00:54:54.633,1.06401,1.06421
2013.03.21 00:54:54.753,1.06399,1.06419
2013.03.21 00:54:55.033,1.06399,1.06419
2013.03.21 00:54:55.453,1.06402,1.06421
2013.03.21 00:54:58.287,1.06402,1.06423
2013.03.21 00:54:58.615,1.06402,1.06423
2013.03.21 00:54:59.504,1.06402,1.06424
2013.03.21 00:54:59.580,1.06402,1.06425
2013.03.21 00:54:59.913,1.06402,1.06424
2013.03.21 00:55:00.138,1.06399,1.06421
2013.03.21 00:55:00.975,1.06397,1.06418
2013.03.21 00:55:01.484,1.06394,1.06417
2013.03.21 00:55:01.724,1.06395,1.06417
2013.03.21 00:55:02.233,1.06395,1.06418
2013.03.21 00:55:03.795,1.06395,1.06419
2013.03.21 00:55:04.435,1.06398,1.06421
2013.03.21 00:55:04.494,1.06401,1.06421
2013.03.21 00:55:04.555,1.06401,1.06424
2013.03.21 00:55:04.674,1.06399,1.06423
2013.03.21 00:55:06.934,1.06401,1.06425
2013.03.21 00:55:07.264,1.06403,1.06425
2013.03.21 00:55:07.812,1.06401,1.06425
2013.03.21 00:55:09.536,1.06401,1.06424
2013.03.21 00:55:09.656,1.06401,1.06423
2013.03.21 00:55:09.714,1.06398,1.06422
2013.03.21 00:55:09.894,1.06402,1.06423
2013.03.21 00:55:10.557,1.06398,1.06418
2013.03.21 00:55:11.693,1.06399,1.06423
2013.03.21 00:55:11.874,1.06402,1.06423
2013.03.21 00:55:12.173,1.06402,1.06425
2013.03.21 00:55:13.035,1.06403,1.06428
2013.03.21 00:55:14.174,1.06402,1.06426
2013.03.21 00:55:15.143,1.06402,1.06423
2013.03.21 00:55:15.695,1.06402,1.06421
2013.03.21 00:55:16.112,1.06402,1.06419
2013.03.21 00:55:16.648,1.06397,1.06419
2013.03.21 00:55:19.005,1.06397,1.06421
2013.03.21 00:55:21.134,1.06398,1.06421
2013.03.21 00:55:21.764,1.06402,1.06427
2013.03.21 00:55:22.443,1.06402,1.06427
2013.03.21 00:55:23.114,1.06401,1.06426
2013.03.21 00:55:24.059,1.06401,1.06424
2013.03.21 00:55:24.130,1.06402,1.06426
2013.03.21 00:55:24.715,1.06403,1.06426
2013.03.21 00:55:39.314,1.06404,1.06429
2013.03.21 00:55:39.821,1.06404,1.06429
2013.03.21 00:55:41.073,1.06403,1.06428
2013.03.21 00:55:43.743,1.064,1.06427
2013.03.21 00:55:45.083,1.06401,1.06427
2013.03.21 00:55:45.204,1.06402,1.06424
2013.03.21 00:55:45.564,1.06399,1.06423
2013.03.21 00:55:45.878,1.06399,1.06423
2013.03.21 00:55:49.283,1.06405,1.06424
2013.03.21 00:55:49.854,1.06405,1.06424
2013.03.21 00:55:54.654,1.06401,1.06424
2013.03.21 00:55:59.384,1.06401,1.06423
2013.03.21 00:55:59.686,1.06402,1.06423
2013.03.21 00:56:00.223,1.06402,1.06425
2013.03.21 00:56:00.405,1.06398,1.06425
2013.03.21 00:56:00.964,1.06398,1.06421
2013.03.21 00:56:02.166,1.06401,1.06423
2013.03.21 00:56:05.087,1.06398,1.06421
2013.03.21 00:56:05.357,1.06402,1.06423
2013.03.21 00:56:05.475,1.06402,1.06424
2013.03.21 00:56:10.903,1.06398,1.06421
2013.03.21 00:56:12.905,1.06398,1.06422
2013.03.21 00:56:13.855,1.06401,1.06423
2013.03.21 00:56:21.354,1.064,1.06424
2013.03.21 00:56:25.554,1.06401,1.06422
2013.03.21 00:56:26.393,1.06399,1.06419
2013.03.21 00:56:26.634,1.06396,1.06419
2013.03.21 00:56:28.583,1.06396,1.06419
2013.03.21 00:56:29.802,1.06397,1.0642
2013.03.21 00:56:33.674,1.06396,1.06419
2013.03.21 00:56:42.445,1.06394,1.06416
2013.03.21 00:56:42.625,1.06395,1.06416
2013.03.21 00:56:43.044,1.06396,1.0642
2013.03.21 00:56:43.104,1.06396,1.0642
2013.03.21 00:56:43.664,1.06398,1.0642
2013.03.21 00:56:47.505,1.06401,1.06423
2013.03.21 00:56:48.414,1.06401,1.06424
2013.03.21 00:56:52.592,1.06399,1.06425
2013.03.21 00:56:56.648,1.06399,1.06424
2013.03.21 00:56:57.495,1.06399,1.06425
2013.03.21 00:56:58.595,1.06399,1.06426
2013.03.21 00:57:02.415,1.06399,1.06425
2013.03.21 00:57:02.655,1.06399,1.06424
2013.03.21 00:57:02.975,1.06397,1.06422
2013.03.21 00:57:04.055,1.06399,1.06423
2013.03.21 00:57:04.618,1.06401,1.06425
2013.03.21 00:57:07.614,1.06399,1.06425
2013.03.21 00:57:07.914,1.06399,1.06423
2013.03.21 00:57:08.445,1.064,1.06425
2013.03.21 00:57:14.104,1.06398,1.06424
2013.03.21 00:57:30.164,1.06404,1.06427
2013.03.21 00:57:46.864,1.06405,1.06428
2013.03.21 00:57:47.044,1.06408,1.0643
2013.03.21 00:57:47.405,1.06412,1.06432
2013.03.21 00:57:47.465,1.06412,1.06436
2013.03.21 00:57:47.811,1.06412,1.06436
2013.03.21 00:57:48.354,1.06412,1.06434
2013.03.21 00:57:48.951,1.06411,1.06435
2013.03.21 00:57:50.365,1.06411,1.06436
2013.03.21 00:57:50.489,1.06415,1.06437
2013.03.21 00:57:51.030,1.06416,1.06438
2013.03.21 00:57:51.332,1.06416,1.06438
2013.03.21 00:57:52.174,1.06411,1.06434
2013.03.21 00:57:52.475,1.06408,1.06432
2013.03.21 00:57:53.173,1.06412,1.06433
2013.03.21 00:57:53.989,1.06411,1.06433
2013.03.21 00:57:57.425,1.06408,1.06432
2013.03.21 00:57:57.982,1.06408,1.06432
2013.03.21 00:57:58.387,1.06408,1.06433
2013.03.21 00:57:59.607,1.06408,1.06432
2013.03.21 00:58:04.332,1.06408,1.06431
2013.03.21 00:58:04.635,1.06407,1.06432
2013.03.21 00:58:07.307,1.06406,1.06431
2013.03.21 00:58:07.664,1.06406,1.06431
2013.03.21 00:58:13.038,1.06406,1.0643
2013.03.21 00:58:13.596,1.06407,1.06431
2013.03.21 00:58:13.835,1.06407,1.06431
2013.03.21 00:58:14.914,1.06411,1.06434
2013.03.21 00:58:15.345,1.06412,1.06438
2013.03.21 00:58:15.585,1.06412,1.06437
2013.03.21 00:58:16.105,1.06412,1.06437
2013.03.21 00:58:18.336,1.06412,1.06434
2013.03.21 00:58:20.061,1.06408,1.06434
2013.03.21 00:58:20.423,1.06408,1.0643
2013.03.21 00:58:20.844,1.06408,1.0643
2013.03.21 00:58:22.061,1.06409,1.0643
2013.03.21 00:58:22.304,1.06407,1.06431
2013.03.21 00:58:26.025,1.06406,1.06428
2013.03.21 00:58:26.145,1.06404,1.06428
2013.03.21 00:58:26.384,1.06406,1.06428
2013.03.21 00:58:26.619,1.06404,1.06427
2013.03.21 00:58:27.104,1.06401,1.06424
2013.03.21 00:58:28.046,1.06401,1.06424
2013.03.21 00:58:28.556,1.06403,1.06424
2013.03.21 00:58:28.914,1.06401,1.06424
2013.03.21 00:58:28.975,1.06401,1.06424
2013.03.21 00:58:29.478,1.06403,1.06426
2013.03.21 00:58:31.075,1.06403,1.06428
2013.03.21 00:58:34.064,1.06406,1.0643
2013.03.21 00:58:34.404,1.06406,1.0643
2013.03.21 00:58:38.114,1.06403,1.0643
2013.03.21 00:58:38.294,1.06405,1.06429
2013.03.21 00:58:39.611,1.06403,1.06429
2013.03.21 00:58:41.064,1.06404,1.06426
2013.03.21 00:58:43.885,1.06402,1.06425
2013.03.21 00:58:47.674,1.06403,1.06426
2013.03.21 00:58:50.145,1.06401,1.06425
2013.03.21 00:58:50.610,1.06399,1.06423
2013.03.21 00:58:51.425,1.06402,1.06423
2013.03.21 00:59:01.290,1.06403,1.06428
2013.03.21 00:59:01.827,1.06403,1.06428
2013.03.21 00:59:04.194,1.06403,1.06427
2013.03.21 00:59:04.314,1.06406,1.06426
2013.03.21 00:59:05.117,1.06406,1.06427
2013.03.21 00:59:06.239,1.06406,1.06428
2013.03.21 00:59:10.290,1.06406,1.06425
2013.03.21 00:59:10.644,1.06406,1.06428
2013.03.21 00:59:12.025,1.06406,1.06428
2013.03.21 00:59:17.104,1.06406,1.06426
2013.03.21 00:59:17.645,1.06402,1.06424
2013.03.21 00:59:23.875,1.06402,1.06424
2013.03.21 00:59:29.351,1.06402,1.06425
2013.03.21 00:59:31.883,1.06402,1.06425
2013.03.21 00:59:34.574,1.06402,1.06428
2013.03.21 00:59:37.527,1.06403,1.06428
2013.03.21 00:59:41.594,1.06402,1.06427
2013.03.21 00:59:53.654,1.06402,1.06427
2013.03.21 00:59:59.165,1.06402,1.06426
2013.03.21 01:00:00.877,1.06403,1.06428
2013.03.21 01:00:01.494,1.06406,1.0643
2013.03.21 01:00:15.154,1.06406,1.06432
2013.03.21 01:00:16.054,1.06412,1.06437
2013.03.21 01:00:16.615,1.06413,1.06439
2013.03.21 01:00:17.109,1.06413,1.06439
2013.03.21 01:00:17.549,1.06413,1.06439
2013.03.21 01:00:18.144,1.06413,1.06438
2013.03.21 01:00:18.344,1.06412,1.06437
2013.03.21 01:00:18.856,1.06412,1.06437
2013.03.21 01:00:19.187,1.06412,1.06438
2013.03.21 01:00:21.849,1.06411,1.06437
2013.03.21 01:00:29.625,1.06412,1.06437
2013.03.21 01:00:30.548,1.06413,1.06439
2013.03.21 01:00:35.842,1.06412,1.06436
2013.03.21 01:00:38.755,1.06412,1.06437
2013.03.21 01:00:40.353,1.06411,1.06436
2013.03.21 01:00:46.817,1.06412,1.06437
2013.03.21 01:00:49.127,1.06411,1.06436
2013.03.21 01:00:49.313,1.06411,1.06433
2013.03.21 01:00:49.679,1.06407,1.06431
2013.03.21 01:00:50.383,1.06407,1.06431
2013.03.21 01:01:05.083,1.06407,1.06431
2013.03.21 01:01:05.264,1.06412,1.06434
2013.03.21 01:01:05.803,1.06412,1.06436
2013.03.21 01:01:07.166,1.06408,1.06432
2013.03.21 01:01:08.101,1.06408,1.06433
2013.03.21 01:01:20.119,1.06408,1.06431
2013.03.21 01:01:20.184,1.06407,1.06429
2013.03.21 01:01:27.073,1.06406,1.06429
2013.03.21 01:01:27.773,1.06406,1.06428
2013.03.21 01:01:28.134,1.06401,1.06424
2013.03.21 01:01:28.194,1.06401,1.06423
2013.03.21 01:01:28.553,1.06401,1.06424
2013.03.21 01:01:28.674,1.06403,1.06425
2013.03.21 01:01:28.794,1.06403,1.06427
2013.03.21 01:01:29.695,1.06405,1.06431
2013.03.21 01:01:29.753,1.06405,1.06431
2013.03.21 01:01:30.053,1.06409,1.06432
2013.03.21 01:01:30.183,1.06409,1.06434
2013.03.21 01:01:30.605,1.06406,1.0643
2013.03.21 01:01:31.437,1.06406,1.0643
2013.03.21 01:01:32.603,1.06408,1.06431
2013.03.21 01:01:32.784,1.0641,1.06434
2013.03.21 01:01:33.567,1.06409,1.06434
2013.03.21 01:01:34.381,1.06407,1.0643
2013.03.21 01:01:34.994,1.06405,1.0643
2013.03.21 01:01:37.363,1.06404,1.06429
2013.03.21 01:01:37.723,1.06404,1.06429
2013.03.21 01:01:37.867,1.06406,1.06429
2013.03.21 01:01:38.644,1.06403,1.06427
2013.03.21 01:01:38.704,1.06402,1.06424
2013.03.21 01:01:38.885,1.06402,1.06425
2013.03.21 01:01:39.004,1.06405,1.06428
2013.03.21 01:01:43.367,1.06403,1.06428
2013.03.21 01:01:51.674,1.06402,1.06425
2013.03.21 01:01:52.193,1.06401,1.06425
2013.03.21 01:01:52.606,1.06401,1.06425
2013.03.21 01:01:53.833,1.064,1.06425
2013.03.21 01:01:55.393,1.06401,1.06425
2013.03.21 01:01:56.293,1.064,1.06425
2013.03.21 01:02:01.624,1.064,1.06423
2013.03.21 01:02:03.826,1.064,1.06423
2013.03.21 01:02:03.946,1.064,1.06425
2013.03.21 01:02:04.074,1.064,1.06424
2013.03.21 01:02:05.204,1.06404,1.06428
2013.03.21 01:02:05.265,1.06405,1.06429
2013.03.21 01:02:07.623,1.06404,1.06428
2013.03.21 01:02:08.556,1.06405,1.06429
2013.03.21 01:02:09.148,1.06405,1.06429
2013.03.21 01:02:09.665,1.06405,1.06429
2013.03.21 01:02:14.826,1.06405,1.06431
2013.03.21 01:02:18.364,1.06407,1.0643
2013.03.21 01:02:19.108,1.06406,1.0643
2013.03.21 01:02:21.693,1.06405,1.0643
2013.03.21 01:02:33.885,1.06406,1.06432
2013.03.21 01:02:34.334,1.06406,1.0643
2013.03.21 01:02:37.443,1.06406,1.06431
2013.03.21 01:02:38.434,1.06407,1.0643
2013.03.21 01:02:39.615,1.06407,1.06432
2013.03.21 01:02:39.795,1.06409,1.06433
2013.03.21 01:02:40.774,1.06407,1.06432
2013.03.21 01:02:41.219,1.06407,1.0643
2013.03.21 01:02:45.071,1.06405,1.0643
2013.03.21 01:02:45.195,1.064,1.06425
2013.03.21 01:02:45.315,1.064,1.06425
2013.03.21 01:02:45.673,1.06401,1.06425
2013.03.21 01:02:48.146,1.06401,1.06426
2013.03.21 01:02:51.999,1.064,1.06425
2013.03.21 01:03:05.703,1.06403,1.06429
2013.03.21 01:03:12.624,1.06405,1.0643
2013.03.21 01:03:12.806,1.06407,1.06432
2013.03.21 01:03:12.934,1.06408,1.06434
2013.03.21 01:03:16.700,1.06408,1.06434
2013.03.21 01:03:22.654,1.06408,1.06434
2013.03.21 01:03:24.254,1.06408,1.06434
2013.03.21 01:03:28.583,1.06409,1.06434
2013.03.21 01:03:29.200,1.06413,1.06434
2013.03.21 01:03:33.523,1.0641,1.06435
2013.03.21 01:03:33.583,1.06409,1.06435
2013.03.21 01:03:45.274,1.0641,1.06434
2013.03.21 01:04:01.565,1.06411,1.06436
2013.03.21 01:04:03.668,1.06411,1.06436
2013.03.21 01:04:05.681,1.06411,1.06436
2013.03.21 01:04:06.233,1.06412,1.06437
2013.03.21 01:04:07.432,1.06412,1.06436
2013.03.21 01:04:08.133,1.06411,1.06436
2013.03.21 01:04:10.597,1.06411,1.06436
2013.03.21 01:04:14.014,1.06411,1.06436
2013.03.21 01:04:25.274,1.06413,1.06438
2013.03.21 01:04:34.724,1.06411,1.06437
2013.03.21 01:04:37.854,1.06411,1.06437
2013.03.21 01:04:38.670,1.06411,1.06437
2013.03.21 01:04:42.326,1.0641,1.06437
2013.03.21 01:04:42.443,1.06411,1.06437
2013.03.21 01:04:49.784,1.06412,1.06433
2013.03.21 01:04:50.143,1.06405,1.06428
2013.03.21 01:04:50.384,1.06404,1.06428
2013.03.21 01:04:51.284,1.06401,1.06425
2013.03.21 01:04:51.404,1.06401,1.06426
2013.03.21 01:04:52.144,1.06402,1.06428
2013.03.21 01:04:52.224,1.06406,1.06431
2013.03.21 01:04:53.595,1.06406,1.06431
2013.03.21 01:04:53.714,1.06409,1.06433
2013.03.21 01:04:53.894,1.06409,1.06435
2013.03.21 01:04:54.194,1.0641,1.06435
2013.03.21 01:04:54.315,1.06411,1.06435
2013.03.21 01:05:00.394,1.06414,1.0644
2013.03.21 01:05:00.695,1.06414,1.0644
2013.03.21 01:05:02.079,1.06415,1.0644
2013.03.21 01:05:02.344,1.06416,1.0644
2013.03.21 01:05:03.304,1.06419,1.06442
2013.03.21 01:05:03.663,1.06423,1.06448
2013.03.21 01:05:04.886,1.06424,1.06448
2013.03.21 01:05:15.833,1.06426,1.06451
2013.03.21 01:05:16.351,1.06429,1.06451
2013.03.21 01:05:17.045,1.06427,1.06451
2013.03.21 01:05:23.313,1.06427,1.06451
2013.03.21 01:05:26.063,1.06427,1.06451
2013.03.21 01:05:28.593,1.06427,1.06451
2013.03.21 01:05:36.435,1.06425,1.06451
2013.03.21 01:05:37.094,1.06425,1.0645
2013.03.21 01:05:38.339,1.06425,1.06451
2013.03.21 01:05:39.043,1.06426,1.06451
2013.03.21 01:05:47.763,1.06423,1.06448
2013.03.21 01:05:48.093,1.06422,1.06446
2013.03.21 01:05:49.613,1.06419,1.06443
2013.03.21 01:05:49.677,1.06418,1.0644
2013.03.21 01:05:49.744,1.06416,1.0644
2013.03.21 01:06:15.133,1.06417,1.06442
2013.03.21 01:06:15.193,1.06417,1.06442
2013.03.21 01:06:19.195,1.0642,1.06443
2013.03.21 01:06:28.508,1.0642,1.06443
2013.03.21 01:06:29.518,1.0642,1.06443
2013.03.21 01:06:34.602,1.06418,1.06443
2013.03.21 01:06:35.984,1.06417,1.06442
2013.03.21 01:06:49.353,1.06415,1.06433
2013.03.21 01:06:49.417,1.06414,1.06433
2013.03.21 01:06:49.833,1.0641,1.06432
2013.03.21 01:06:50.413,1.06411,1.06433
2013.03.21 01:06:51.551,1.06411,1.06434
2013.03.21 01:06:51.924,1.06412,1.06437
2013.03.21 01:06:52.117,1.06412,1.06437
2013.03.21 01:06:52.354,1.06418,1.06443
2013.03.21 01:06:52.474,1.06419,1.06444
2013.03.21 01:06:52.883,1.06418,1.06445
2013.03.21 01:06:54.083,1.06422,1.06443
2013.03.21 01:06:56.083,1.06418,1.06438
2013.03.21 01:06:56.505,1.06415,1.06437
2013.03.21 01:06:56.624,1.06413,1.06436
2013.03.21 01:06:57.185,1.06413,1.06434
2013.03.21 01:06:57.244,1.06413,1.06438
2013.03.21 01:06:57.970,1.06417,1.06441
2013.03.21 01:07:07.392,1.06418,1.06443
2013.03.21 01:07:07.754,1.06418,1.06443
2013.03.21 01:07:08.884,1.06419,1.06443
2013.03.21 01:07:09.005,1.06424,1.0645
2013.03.21 01:07:09.064,1.06424,1.06449
2013.03.21 01:07:09.592,1.06424,1.0645
2013.03.21 01:07:11.755,1.06424,1.06451
2013.03.21 01:07:16.054,1.06429,1.06454
2013.03.21 01:07:16.128,1.06429,1.06455
2013.03.21 01:07:16.723,1.06429,1.06455
2013.03.21 01:07:16.851,1.06429,1.06455
2013.03.21 01:07:19.324,1.06429,1.06454
2013.03.21 01:07:19.684,1.06427,1.0645
2013.03.21 01:07:19.744,1.06426,1.06449
2013.03.21 01:07:20.283,1.06424,1.06449
2013.03.21 01:07:21.376,1.06423,1.06449
2013.03.21 01:07:21.685,1.06421,1.06444
2013.03.21 01:07:22.044,1.06423,1.06446
2013.03.21 01:07:25.165,1.06423,1.06447
2013.03.21 01:07:28.664,1.06423,1.06446
2013.03.21 01:07:29.301,1.06422,1.06445
2013.03.21 01:07:41.436,1.06422,1.06446
2013.03.21 01:07:50.314,1.06422,1.06446
2013.03.21 01:07:50.864,1.06423,1.06446
2013.03.21 01:07:57.614,1.06421,1.06446
2013.03.21 01:07:58.214,1.06419,1.06443
2013.03.21 01:08:00.740,1.06416,1.0644
2013.03.21 01:08:05.150,1.06416,1.06441
2013.03.21 01:08:07.260,1.06416,1.0644
2013.03.21 01:08:18.213,1.06416,1.0644
2013.03.21 01:08:19.415,1.06414,1.06441
2013.03.21 01:08:25.918,1.06414,1.0644
2013.03.21 01:08:27.140,1.06414,1.06441
2013.03.21 01:08:30.518,1.06421,1.06445
2013.03.21 01:08:31.393,1.06416,1.06443
2013.03.21 01:08:31.454,1.06416,1.06442
2013.03.21 01:08:31.813,1.06416,1.0644
2013.03.21 01:08:47.784,1.06418,1.06442
2013.03.21 01:08:49.124,1.06418,1.06442
2013.03.21 01:08:50.190,1.06417,1.0644
2013.03.21 01:08:51.684,1.06417,1.06442
2013.03.21 01:09:11.124,1.06415,1.06442
2013.03.21 01:09:12.026,1.06414,1.06439
2013.03.21 01:09:19.224,1.0641,1.06436
2013.03.21 01:09:19.644,1.06413,1.06437
2013.03.21 01:09:22.849,1.06414,1.06439
2013.03.21 01:09:23.215,1.06417,1.06441
2013.03.21 01:09:23.576,1.0641,1.06435
2013.03.21 01:09:24.012,1.0641,1.06433
2013.03.21 01:09:24.199,1.06407,1.0643
2013.03.21 01:09:43.654,1.06404,1.06425
2013.03.21 01:09:48.563,1.06402,1.06425
2013.03.21 01:09:49.304,1.06401,1.06425
2013.03.21 01:09:51.953,1.06402,1.06424
2013.03.21 01:09:53.990,1.06401,1.06425
2013.03.21 01:09:54.367,1.06401,1.06428
2013.03.21 01:10:01.349,1.06401,1.06425
2013.03.21 01:10:02.565,1.06402,1.06427
2013.03.21 01:10:04.124,1.06402,1.06427
2013.03.21 01:10:04.794,1.06408,1.06433
2013.03.21 01:10:46.144,1.06407,1.06431
2013.03.21 01:10:49.265,1.06407,1.06433
2013.03.21 01:11:04.348,1.06406,1.06431
2013.03.21 01:11:06.054,1.06406,1.06431
2013.03.21 01:11:07.366,1.06406,1.06432
2013.03.21 01:11:08.859,1.06406,1.06433
2013.03.21 01:11:19.283,1.06405,1.06432
2013.03.21 01:11:22.489,1.06405,1.06431
2013.03.21 01:11:25.195,1.06405,1.06431
2013.03.21 01:11:27.329,1.06406,1.06432
2013.03.21 01:11:29.097,1.06406,1.06431
2013.03.21 01:11:58.114,1.06405,1.06431
2013.03.21 01:11:58.722,1.06405,1.06432
2013.03.21 01:11:59.389,1.06405,1.06431
2013.03.21 01:12:11.626,1.06405,1.0643
2013.03.21 01:12:11.688,1.06399,1.06422
2013.03.21 01:12:11.876,1.06399,1.06423
2013.03.21 01:12:12.414,1.064,1.06424
2013.03.21 01:12:20.864,1.064,1.06427
2013.03.21 01:12:21.555,1.06406,1.06429
2013.03.21 01:12:25.785,1.06402,1.06427
2013.03.21 01:12:25.845,1.06402,1.06425
2013.03.21 01:12:46.604,1.06402,1.06426
2013.03.21 01:12:47.276,1.06402,1.06427
2013.03.21 01:12:51.585,1.06402,1.06427
2013.03.21 01:12:52.145,1.06401,1.06426
2013.03.21 01:12:54.613,1.06402,1.06427
2013.03.21 01:12:55.634,1.06401,1.06426
2013.03.21 01:12:56.624,1.06402,1.06427
2013.03.21 01:13:07.725,1.06404,1.06428
2013.03.21 01:13:13.138,1.06404,1.06428
2013.03.21 01:13:20.945,1.06404,1.06429
2013.03.21 01:13:22.105,1.06404,1.06429
2013.03.21 01:13:25.094,1.06404,1.06429
2013.03.21 01:13:26.164,1.06404,1.06429
2013.03.21 01:13:26.698,1.06404,1.06429
2013.03.21 01:13:34.636,1.06403,1.06427
2013.03.21 01:13:35.185,1.06403,1.06427
2013.03.21 01:13:35.304,1.06403,1.06427
2013.03.21 01:13:35.844,1.06406,1.06428
2013.03.21 01:13:35.904,1.06406,1.06429
2013.03.21 01:13:36.084,1.06407,1.06429
2013.03.21 01:13:36.384,1.06407,1.06433
2013.03.21 01:13:36.505,1.06407,1.06433
2013.03.21 01:13:39.585,1.06407,1.06434
2013.03.21 01:13:39.884,1.06413,1.06436
2013.03.21 01:13:40.005,1.06413,1.06436
2013.03.21 01:13:40.184,1.06413,1.06436
2013.03.21 01:13:40.434,1.06419,1.0644
2013.03.21 01:13:40.555,1.06419,1.06443
2013.03.21 01:13:40.615,1.06419,1.06443
2013.03.21 01:13:41.124,1.06419,1.06443
2013.03.21 01:13:46.138,1.06423,1.06447
2013.03.21 01:13:46.204,1.06423,1.06448
2013.03.21 01:13:46.655,1.06422,1.06448
2013.03.21 01:13:46.846,1.06423,1.06449
2013.03.21 01:13:47.455,1.06423,1.06449
2013.03.21 01:13:48.256,1.06426,1.06451
2013.03.21 01:13:50.615,1.06426,1.06449
2013.03.21 01:13:50.735,1.06421,1.06447
2013.03.21 01:13:51.337,1.06418,1.06444
2013.03.21 01:13:52.576,1.06418,1.06444
2013.03.21 01:13:54.555,1.06418,1.06444
2013.03.21 01:13:54.614,1.06418,1.06444
2013.03.21 01:13:54.794,1.06418,1.06444
2013.03.21 01:13:56.204,1.06418,1.06443
2013.03.21 01:13:59.255,1.06421,1.06445
2013.03.21 01:14:01.595,1.06424,1.06449
2013.03.21 01:14:01.835,1.06423,1.06447
2013.03.21 01:14:02.014,1.06421,1.06444
2013.03.21 01:14:02.993,1.06419,1.06444
2013.03.21 01:14:09.677,1.06419,1.06443
2013.03.21 01:14:15.617,1.06419,1.06443
2013.03.21 01:14:15.685,1.06423,1.06445
2013.03.21 01:14:15.805,1.06423,1.06449
2013.03.21 01:14:16.535,1.06422,1.06447
2013.03.21 01:14:16.837,1.06418,1.06442
2013.03.21 01:14:17.528,1.0641,1.06437
2013.03.21 01:14:17.655,1.0641,1.06436
2013.03.21 01:14:17.775,1.06408,1.06432
2013.03.21 01:14:19.626,1.06406,1.0643
2013.03.21 01:14:20.145,1.06406,1.06429
2013.03.21 01:14:22.485,1.06404,1.06429
2013.03.21 01:14:26.135,1.06401,1.06427
2013.03.21 01:14:28.636,1.06402,1.06427
2013.03.21 01:14:33.178,1.06399,1.06423
2013.03.21 01:14:39.304,1.06402,1.06425
2013.03.21 01:14:47.167,1.06399,1.06426
2013.03.21 01:14:49.334,1.06401,1.06426
2013.03.21 01:14:53.064,1.064,1.06426
2013.03.21 01:14:55.420,1.06399,1.06423
2013.03.21 01:15:02.356,1.06399,1.06424
2013.03.21 01:15:03.049,1.06401,1.06424
2013.03.21 01:15:03.865,1.06405,1.06427
2013.03.21 01:15:04.365,1.06407,1.06428
2013.03.21 01:15:04.875,1.06407,1.06431
2013.03.21 01:15:24.195,1.06403,1.06429
2013.03.21 01:15:24.255,1.064,1.06427
2013.03.21 01:15:34.381,1.06402,1.06429
2013.03.21 01:15:40.594,1.06402,1.06425
2013.03.21 01:15:42.635,1.06403,1.06428
2013.03.21 01:15:44.295,1.06404,1.0643
2013.03.21 01:15:45.686,1.06403,1.06429
2013.03.21 01:15:46.525,1.06401,1.06425
2013.03.21 01:15:46.826,1.06396,1.06422
2013.03.21 01:15:46.976,1.06396,1.0642
2013.03.21 01:15:53.085,1.06396,1.06422
2013.03.21 01:15:54.225,1.06402,1.06423
2013.03.21 01:15:56.186,1.06401,1.06426
2013.03.21 01:15:56.245,1.06399,1.06421
2013.03.21 01:15:56.546,1.06397,1.06421
2013.03.21 01:16:02.093,1.06397,1.06423
2013.03.21 01:16:02.475,1.06401,1.06424
2013.03.21 01:16:04.396,1.06401,1.06424
2013.03.21 01:16:05.833,1.06395,1.0642
2013.03.21 01:16:06.775,1.06396,1.0642
2013.03.21 01:16:06.835,1.06397,1.06422
2013.03.21 01:16:13.234,1.064,1.06423
2013.03.21 01:16:13.735,1.064,1.06424
2013.03.21 01:16:13.854,1.06399,1.06422
2013.03.21 01:16:14.097,1.06396,1.0642
2013.03.21 01:16:14.635,1.06394,1.06419
2013.03.21 01:16:14.695,1.06394,1.06417
2013.03.21 01:16:15.073,1.06392,1.06415
2013.03.21 01:16:15.414,1.06391,1.06415
2013.03.21 01:16:16.175,1.06389,1.06414
2013.03.21 01:16:17.855,1.06389,1.06416
2013.03.21 01:16:18.576,1.06389,1.06415
2013.03.21 01:16:19.614,1.0639,1.06415
2013.03.21 01:16:22.334,1.06391,1.06416
2013.03.21 01:16:23.685,1.06395,1.06418
2013.03.21 01:16:23.805,1.06395,1.06421
2013.03.21 01:16:23.925,1.06395,1.0642
2013.03.21 01:16:24.105,1.06395,1.06421
2013.03.21 01:16:33.675,1.06395,1.0642
2013.03.21 01:16:33.796,1.06395,1.06419
2013.03.21 01:16:52.372,1.06391,1.06417
2013.03.21 01:16:54.121,1.06394,1.06418
2013.03.21 01:16:54.185,1.06394,1.06418
2013.03.21 01:16:55.725,1.06394,1.06418
2013.03.21 01:16:55.905,1.06392,1.06416
2013.03.21 01:16:57.015,1.06393,1.06418
2013.03.21 01:17:03.434,1.06393,1.06419
2013.03.21 01:17:06.602,1.06393,1.06418
2013.03.21 01:17:08.507,1.06393,1.06419
2013.03.21 01:17:10.245,1.06392,1.06415
2013.03.21 01:17:10.545,1.06393,1.06417
2013.03.21 01:17:10.605,1.06393,1.06417
2013.03.21 01:17:25.715,1.06393,1.06416
2013.03.21 01:17:25.777,1.06392,1.06414
2013.03.21 01:17:26.076,1.06393,1.06415
2013.03.21 01:17:26.305,1.06393,1.06417
2013.03.21 01:17:28.042,1.06393,1.06417
2013.03.21 01:17:28.346,1.06398,1.06421
2013.03.21 01:17:28.547,1.06396,1.06418
2013.03.21 01:17:28.844,1.06392,1.06414
2013.03.21 01:17:29.583,1.06392,1.06415
2013.03.21 01:17:31.580,1.06392,1.06416
2013.03.21 01:17:34.635,1.06392,1.06415
2013.03.21 01:17:35.345,1.06388,1.06413
2013.03.21 01:17:35.765,1.06393,1.06419
2013.03.21 01:17:36.125,1.06393,1.06417
2013.03.21 01:17:36.686,1.06392,1.06415
2013.03.21 01:17:42.595,1.06389,1.06414
2013.03.21 01:17:42.775,1.06394,1.06418
2013.03.21 01:17:42.835,1.06394,1.06418
2013.03.21 01:17:43.196,1.06393,1.06415
2013.03.21 01:17:45.355,1.06392,1.06413
2013.03.21 01:17:45.925,1.0639,1.06413
2013.03.21 01:17:51.845,1.06389,1.06413
2013.03.21 01:17:51.965,1.06394,1.06418
2013.03.21 01:17:52.025,1.06394,1.06419
2013.03.21 01:17:52.146,1.06394,1.06419
2013.03.21 01:17:53.725,1.06394,1.06418
2013.03.21 01:17:57.096,1.06394,1.06418
2013.03.21 01:17:57.659,1.06394,1.06419
2013.03.21 01:18:00.678,1.06395,1.06422
2013.03.21 01:18:04.145,1.06401,1.06423
2013.03.21 01:18:04.275,1.06401,1.06424
2013.03.21 01:18:04.340,1.06402,1.06424
2013.03.21 01:18:04.525,1.06401,1.06427
2013.03.21 01:18:07.744,1.064,1.06424
2013.03.21 01:18:13.966,1.06397,1.06423
2013.03.21 01:18:14.145,1.06398,1.06423
2013.03.21 01:18:15.745,1.06401,1.06424
2013.03.21 01:18:16.747,1.06401,1.06424
2013.03.21 01:18:19.927,1.06401,1.06424
2013.03.21 01:18:20.048,1.06397,1.06422
2013.03.21 01:18:20.115,1.06399,1.06423
2013.03.21 01:18:21.097,1.06397,1.06422
2013.03.21 01:18:21.494,1.064,1.06423
2013.03.21 01:18:22.265,1.06397,1.0642
2013.03.21 01:18:23.706,1.06393,1.06418
2013.03.21 01:18:23.885,1.06392,1.06416
2013.03.21 01:18:24.426,1.06392,1.06414
2013.03.21 01:18:24.602,1.06392,1.06416
2013.03.21 01:18:26.361,1.06392,1.06414
2013.03.21 01:18:28.178,1.06392,1.06416
2013.03.21 01:18:28.295,1.06392,1.06417
2013.03.21 01:18:28.595,1.06394,1.06417
2013.03.21 01:18:28.706,1.06392,1.06417
2013.03.21 01:18:28.765,1.06391,1.06417
2013.03.21 01:18:29.767,1.06391,1.06416
2013.03.21 01:18:30.344,1.06391,1.06417
2013.03.21 01:18:30.885,1.06396,1.06419
2013.03.21 01:18:31.524,1.06396,1.0642
2013.03.21 01:18:32.135,1.06396,1.06419
2013.03.21 01:18:35.405,1.06396,1.0642
2013.03.21 01:18:36.451,1.06396,1.0642
2013.03.21 01:18:36.774,1.06396,1.0642
2013.03.21 01:18:38.290,1.06396,1.0642
2013.03.21 01:18:46.426,1.06396,1.06418
2013.03.21 01:18:46.845,1.06394,1.06416
2013.03.21 01:18:47.025,1.06394,1.06415
2013.03.21 01:18:47.086,1.06391,1.06416
2013.03.21 01:18:52.185,1.06394,1.06417
2013.03.21 01:18:52.305,1.06394,1.06419
2013.03.21 01:18:53.626,1.06394,1.06419
2013.03.21 01:18:55.225,1.06394,1.06421
2013.03.21 01:18:55.546,1.06395,1.06421
2013.03.21 01:18:59.676,1.06399,1.06422
2013.03.21 01:19:00.235,1.06398,1.06421
2013.03.21 01:19:00.435,1.06398,1.0642
2013.03.21 01:19:00.675,1.06397,1.06418
2013.03.21 01:19:01.255,1.06394,1.06418
2013.03.21 01:19:01.830,1.06393,1.06417
2013.03.21 01:19:03.606,1.06394,1.06419
2013.03.21 01:19:03.784,1.06393,1.06419
2013.03.21 01:19:04.286,1.06393,1.06419
2013.03.21 01:19:04.800,1.06392,1.06416
2013.03.21 01:19:07.605,1.06393,1.06418
2013.03.21 01:19:12.625,1.06393,1.06418
2013.03.21 01:19:15.526,1.06393,1.06417
2013.03.21 01:19:16.265,1.0639,1.06416
2013.03.21 01:19:18.880,1.06389,1.06415
2013.03.21 01:19:19.365,1.06388,1.06413
2013.03.21 01:19:21.536,1.06385,1.06408
2013.03.21 01:19:21.858,1.06385,1.06409
2013.03.21 01:19:24.135,1.06385,1.06409
2013.03.21 01:19:24.496,1.06385,1.06409
2013.03.21 01:19:25.325,1.06385,1.06409
2013.03.21 01:19:28.485,1.06385,1.06409
2013.03.21 01:19:29.688,1.06385,1.06409
2013.03.21 01:19:29.876,1.06392,1.06411
2013.03.21 01:19:33.466,1.06387,1.06411
2013.03.21 01:19:34.092,1.06392,1.06413
2013.03.21 01:19:39.335,1.06387,1.06409
2013.03.21 01:19:39.896,1.06388,1.06412
2013.03.21 01:19:42.445,1.06387,1.06409
2013.03.21 01:20:11.026,1.06387,1.06408
2013.03.21 01:20:11.386,1.06387,1.06408
2013.03.21 01:20:12.115,1.06386,1.06409
2013.03.21 01:20:13.850,1.06385,1.06408
2013.03.21 01:20:15.605,1.06382,1.06404
2013.03.21 01:20:15.666,1.06382,1.06406
2013.03.21 01:20:16.232,1.06387,1.06408
2013.03.21 01:20:16.775,1.06382,1.06406
2013.03.21 01:20:17.386,1.06382,1.06406
2013.03.21 01:20:17.589,1.06382,1.06406
2013.03.21 01:20:22.194,1.06372,1.06397
2013.03.21 01:20:22.705,1.06378,1.06401
2013.03.21 01:20:23.245,1.06379,1.06402
2013.03.21 01:20:23.765,1.06379,1.06402
2013.03.21 01:20:24.186,1.06377,1.06399
2013.03.21 01:20:25.166,1.06377,1.06398
2013.03.21 01:20:28.540,1.06375,1.06397
2013.03.21 01:20:28.736,1.06368,1.06391
2013.03.21 01:20:28.916,1.06367,1.06389
2013.03.21 01:20:28.976,1.06364,1.06389
2013.03.21 01:20:29.395,1.06362,1.06386
2013.03.21 01:20:35.359,1.06361,1.06388
2013.03.21 01:20:40.639,1.06362,1.06386
2013.03.21 01:20:41.196,1.06361,1.06385
2013.03.21 01:20:42.030,1.06358,1.06382
2013.03.21 01:20:47.266,1.0636,1.06382
2013.03.21 01:20:52.105,1.06359,1.06382
2013.03.21 01:20:54.156,1.0636,1.06384
2013.03.21 01:20:54.455,1.0636,1.06384
2013.03.21 01:20:55.089,1.0636,1.06386
2013.03.21 01:20:55.395,1.06358,1.06382
2013.03.21 01:20:58.966,1.06356,1.06381
2013.03.21 01:21:01.927,1.06357,1.06382
2013.03.21 01:21:02.366,1.06359,1.06382
2013.03.21 01:21:02.487,1.0636,1.06386
2013.03.21 01:21:06.389,1.06362,1.06386
2013.03.21 01:21:08.339,1.06362,1.06386
2013.03.21 01:21:09.359,1.06362,1.06386
2013.03.21 01:21:09.607,1.06361,1.06386
2013.03.21 01:21:09.666,1.06361,1.06383
2013.03.21 01:21:10.026,1.06359,1.06383
2013.03.21 01:21:10.086,1.06359,1.06386
2013.03.21 01:21:10.604,1.06359,1.06386
2013.03.21 01:21:19.766,1.06364,1.06388
2013.03.21 01:21:23.528,1.06364,1.06387
2013.03.21 01:21:24.267,1.06364,1.06389
2013.03.21 01:21:24.575,1.06364,1.06389
2013.03.21 01:21:25.392,1.06364,1.06388
2013.03.21 01:21:26.736,1.06364,1.06388
2013.03.21 01:21:27.221,1.06364,1.06388
2013.03.21 01:21:27.406,1.06363,1.06385
2013.03.21 01:21:27.467,1.06362,1.06385
2013.03.21 01:21:27.658,1.06362,1.06383
2013.03.21 01:21:27.716,1.06362,1.06386
2013.03.21 01:21:28.324,1.06362,1.06386
2013.03.21 01:21:42.396,1.06359,1.06384
2013.03.21 01:21:42.577,1.06359,1.06384
2013.03.21 01:21:42.845,1.0636,1.06384
2013.03.21 01:21:58.107,1.06359,1.06385
2013.03.21 01:21:58.664,1.06359,1.06384
2013.03.21 01:22:02.618,1.0636,1.06386
2013.03.21 01:22:04.636,1.06359,1.06385
2013.03.21 01:22:13.899,1.06358,1.06385
2013.03.21 01:22:17.336,1.06358,1.06385
2013.03.21 01:22:25.068,1.06358,1.06382
2013.03.21 01:22:27.469,1.06358,1.06382
2013.03.21 01:22:38.787,1.06353,1.0638
2013.03.21 01:22:40.809,1.06355,1.0638
2013.03.21 01:22:59.221,1.06353,1.06378
2013.03.21 01:22:59.294,1.06352,1.06377
2013.03.21 01:22:59.907,1.06353,1.06379
2013.03.21 01:23:00.821,1.06352,1.06377
2013.03.21 01:23:07.695,1.06353,1.06379
2013.03.21 01:23:08.077,1.06353,1.0638
2013.03.21 01:23:08.206,1.06358,1.06384
2013.03.21 01:23:08.685,1.06359,1.06385
2013.03.21 01:23:09.205,1.06363,1.06387
2013.03.21 01:23:10.060,1.06363,1.06388
2013.03.21 01:23:12.145,1.06367,1.06388
2013.03.21 01:23:14.608,1.06363,1.06388
2013.03.21 01:23:16.116,1.06362,1.06387
2013.03.21 01:23:23.655,1.06361,1.06384
2013.03.21 01:23:31.655,1.06362,1.06384
2013.03.21 01:23:31.775,1.06364,1.06389
2013.03.21 01:23:31.965,1.06364,1.06389
2013.03.21 01:23:32.469,1.06364,1.06389
2013.03.21 01:23:33.587,1.06362,1.06388
2013.03.21 01:23:33.765,1.06362,1.06383
2013.03.21 01:23:35.346,1.06362,1.06385
2013.03.21 01:23:43.405,1.0636,1.06384
2013.03.21 01:23:54.106,1.06361,1.06386
2013.03.21 01:24:06.298,1.0636,1.06386
2013.03.21 01:24:06.397,1.06361,1.06386
2013.03.21 01:24:06.765,1.06359,1.06384
2013.03.21 01:24:26.259,1.06361,1.06384
2013.03.21 01:24:26.566,1.06357,1.06379
2013.03.21 01:24:26.875,1.06357,1.06378
2013.03.21 01:24:26.957,1.06356,1.06378
2013.03.21 01:24:39.857,1.06355,1.06378
2013.03.21 01:25:11.566,1.06355,1.0638
2013.03.21 01:25:17.036,1.06355,1.0638
2013.03.21 01:25:20.185,1.06358,1.06383
2013.03.21 01:25:21.135,1.06357,1.06381
2013.03.21 01:25:22.265,1.06357,1.06381
2013.03.21 01:25:27.495,1.06357,1.06381
2013.03.21 01:25:29.538,1.06356,1.06379
2013.03.21 01:25:30.176,1.06356,1.06379
2013.03.21 01:25:31.899,1.06356,1.06381
2013.03.21 01:25:51.119,1.06356,1.06381
2013.03.21 01:25:51.728,1.06356,1.06381
2013.03.21 01:25:52.394,1.06356,1.06381
2013.03.21 01:25:55.555,1.06358,1.06381
2013.03.21 01:26:01.546,1.06355,1.06381
2013.03.21 01:26:03.584,1.06355,1.06379
2013.03.21 01:26:14.216,1.06355,1.06379
2013.03.21 01:26:16.517,1.06352,1.06376
2013.03.21 01:26:18.329,1.06352,1.06375
2013.03.21 01:26:18.655,1.06352,1.06375
2013.03.21 01:26:18.896,1.06351,1.06375
2013.03.21 01:26:25.208,1.06352,1.06375
2013.03.21 01:26:25.506,1.06352,1.06375
2013.03.21 01:26:49.784,1.06355,1.06379
2013.03.21 01:26:50.885,1.06352,1.06379
2013.03.21 01:26:55.815,1.06355,1.06377
2013.03.21 01:26:56.407,1.06351,1.06374
2013.03.21 01:26:56.926,1.06351,1.06374
2013.03.21 01:26:58.276,1.06351,1.06374
2013.03.21 01:27:05.766,1.06351,1.06374
2013.03.21 01:27:16.846,1.06351,1.06375
2013.03.21 01:27:17.116,1.0635,1.06375
2013.03.21 01:27:26.966,1.0635,1.06372
2013.03.21 01:27:28.603,1.06351,1.06373
2013.03.21 01:27:28.976,1.06351,1.06376
2013.03.21 01:27:32.126,1.0635,1.06375
2013.03.21 01:27:42.573,1.0635,1.06374
2013.03.21 01:27:42.806,1.0635,1.06374
2013.03.21 01:27:43.420,1.06357,1.06377
2013.03.21 01:27:47.227,1.06357,1.06378
2013.03.21 01:27:50.038,1.06357,1.06377
2013.03.21 01:27:50.826,1.06354,1.06375
2013.03.21 01:27:51.299,1.06351,1.06374
2013.03.21 01:27:53.325,1.06353,1.06375
2013.03.21 01:27:54.086,1.06353,1.06374
2013.03.21 01:27:55.705,1.06352,1.06373
2013.03.21 01:27:55.887,1.06352,1.06374
2013.03.21 01:27:56.007,1.06355,1.06377
2013.03.21 01:27:56.776,1.06356,1.06378
2013.03.21 01:28:06.557,1.06356,1.06379
2013.03.21 01:28:09.967,1.06356,1.06379
2013.03.21 01:28:16.739,1.06356,1.06379
2013.03.21 01:28:20.724,1.06355,1.06379
2013.03.21 01:28:21.282,1.06355,1.06379
2013.03.21 01:28:37.116,1.06355,1.0638
2013.03.21 01:28:37.176,1.06355,1.0638
2013.03.21 01:28:42.525,1.06355,1.06378
2013.03.21 01:28:44.286,1.06355,1.06378
2013.03.21 01:28:50.848,1.06357,1.06378
2013.03.21 01:28:51.218,1.06354,1.06374
2013.03.21 01:28:51.721,1.06351,1.06374
2013.03.21 01:28:51.846,1.06351,1.06374
2013.03.21 01:28:52.486,1.06351,1.06374
2013.03.21 01:29:01.406,1.06349,1.06375
2013.03.21 01:29:01.526,1.06354,1.06378
2013.03.21 01:29:03.866,1.06357,1.06378
2013.03.21 01:29:08.318,1.06357,1.06378
2013.03.21 01:29:14.256,1.06357,1.06379
2013.03.21 01:29:20.050,1.06357,1.06378
2013.03.21 01:29:21.557,1.06357,1.06378
2013.03.21 01:29:24.296,1.06357,1.06378
2013.03.21 01:29:25.087,1.06357,1.06377
2013.03.21 01:29:25.628,1.06352,1.06375
2013.03.21 01:29:26.906,1.06352,1.06376
2013.03.21 01:29:29.127,1.06351,1.06375
2013.03.21 01:29:31.071,1.06351,1.06376
2013.03.21 01:29:31.210,1.06351,1.06378
2013.03.21 01:29:31.637,1.06357,1.06378
2013.03.21 01:29:31.756,1.06357,1.06381
2013.03.21 01:29:37.637,1.06357,1.06381
2013.03.21 01:29:38.887,1.06359,1.0638
2013.03.21 01:29:39.320,1.06357,1.06378
2013.03.21 01:29:39.566,1.06357,1.06378
2013.03.21 01:29:40.108,1.06357,1.06378
2013.03.21 01:29:40.316,1.06359,1.06378
2013.03.21 01:29:42.071,1.06356,1.06378
2013.03.21 01:29:42.726,1.06356,1.06378
2013.03.21 01:29:43.257,1.06355,1.06378
2013.03.21 01:29:45.217,1.06355,1.06377
2013.03.21 01:29:45.948,1.06352,1.06376
2013.03.21 01:29:46.497,1.06352,1.06376
2013.03.21 01:29:47.028,1.06352,1.06375
2013.03.21 01:29:53.595,1.06352,1.06375
2013.03.21 01:29:55.199,1.06354,1.06376
2013.03.21 01:29:56.922,1.06354,1.06376
2013.03.21 01:29:58.437,1.06354,1.06373
2013.03.21 01:29:58.557,1.06352,1.06373
2013.03.21 01:29:59.066,1.06352,1.06373
2013.03.21 01:30:00.567,1.06352,1.06373
2013.03.21 01:30:04.196,1.06352,1.06373
2013.03.21 01:30:09.705,1.06347,1.06372
2013.03.21 01:30:14.611,1.06351,1.06372
2013.03.21 01:30:15.117,1.0635,1.06372
2013.03.21 01:30:15.687,1.0635,1.06372
2013.03.21 01:30:16.206,1.0635,1.06372
2013.03.21 01:30:17.197,1.06346,1.0637
2013.03.21 01:30:18.187,1.06346,1.0637
2013.03.21 01:30:25.397,1.06346,1.0637
2013.03.21 01:30:53.601,1.06351,1.06372
2013.03.21 01:30:54.147,1.06351,1.06372
2013.03.21 01:30:56.107,1.06351,1.06372
2013.03.21 01:30:56.696,1.06346,1.06371
2013.03.21 01:30:57.666,1.06348,1.06373
2013.03.21 01:30:58.860,1.06347,1.06368
2013.03.21 01:31:00.597,1.06349,1.06369
2013.03.21 01:31:03.550,1.06346,1.06369
2013.03.21 01:31:05.998,1.06347,1.0637
2013.03.21 01:31:15.156,1.06346,1.0637
2013.03.21 01:31:32.421,1.06347,1.06371
2013.03.21 01:31:35.467,1.06347,1.06371
2013.03.21 01:31:35.600,1.06346,1.06369
2013.03.21 01:31:36.227,1.0635,1.06371
2013.03.21 01:31:36.539,1.06347,1.06372
2013.03.21 01:31:36.657,1.06351,1.06372
2013.03.21 01:31:40.699,1.06352,1.06373
2013.03.21 01:31:41.007,1.0635,1.06373
2013.03.21 01:31:48.799,1.06347,1.06372
2013.03.21 01:31:49.157,1.06348,1.06372
2013.03.21 01:31:49.909,1.06347,1.06372
2013.03.21 01:31:50.266,1.06351,1.06372
2013.03.21 01:31:50.386,1.06351,1.06376
2013.03.21 01:31:53.317,1.06351,1.06374
2013.03.21 01:31:53.377,1.06351,1.06373
2013.03.21 01:31:53.557,1.06351,1.06375
2013.03.21 01:31:53.738,1.06351,1.06375
2013.03.21 01:31:53.977,1.06351,1.06374
2013.03.21 01:31:54.244,1.06351,1.06373
2013.03.21 01:31:54.870,1.06351,1.06372
2013.03.21 01:31:55.605,1.0635,1.06372
2013.03.21 01:31:59.638,1.0635,1.06372
2013.03.21 01:32:01.046,1.0635,1.06373
2013.03.21 01:32:01.346,1.06347,1.06372
2013.03.21 01:32:01.887,1.06347,1.06372
2013.03.21 01:32:02.546,1.06349,1.06374
2013.03.21 01:32:03.026,1.0635,1.06375
2013.03.21 01:32:03.317,1.06347,1.06371
2013.03.21 01:32:41.437,1.06345,1.0637
2013.03.21 01:32:52.026,1.06346,1.06371
2013.03.21 01:33:03.598,1.06346,1.0637
2013.03.21 01:33:04.096,1.06346,1.0637
2013.03.21 01:33:08.552,1.06346,1.0637
2013.03.21 01:33:17.789,1.06348,1.0637
2013.03.21 01:33:18.148,1.06349,1.0637
2013.03.21 01:33:18.689,1.06351,1.06376
2013.03.21 01:33:23.508,1.06349,1.06376
2013.03.21 01:33:27.647,1.06351,1.06376
2013.03.21 01:33:33.647,1.06351,1.06376
2013.03.21 01:33:40.367,1.06353,1.06376
2013.03.21 01:33:52.847,1.06356,1.06381
2013.03.21 01:33:53.696,1.06356,1.06379
2013.03.21 01:33:56.907,1.06356,1.06379
2013.03.21 01:33:58.717,1.06355,1.06379
2013.03.21 01:34:00.876,1.06353,1.0638
2013.03.21 01:34:03.157,1.06354,1.06379
2013.03.21 01:34:16.475,1.06352,1.06377
2013.03.21 01:34:20.193,1.06352,1.06378
2013.03.21 01:34:26.706,1.06352,1.06378
2013.03.21 01:34:28.209,1.06352,1.06378
2013.03.21 01:34:40.666,1.06355,1.06379
2013.03.21 01:34:40.967,1.06358,1.0638
2013.03.21 01:34:41.207,1.06358,1.0638
2013.03.21 01:34:55.538,1.06356,1.06378
2013.03.21 01:35:18.887,1.06357,1.06383
2013.03.21 01:35:24.129,1.06357,1.06383
2013.03.21 01:35:24.308,1.06361,1.06386
2013.03.21 01:35:24.367,1.06361,1.06387
2013.03.21 01:35:24.427,1.06361,1.06387
2013.03.21 01:35:25.153,1.06359,1.06383
2013.03.21 01:35:25.230,1.06357,1.06384
2013.03.21 01:35:25.837,1.06356,1.06383
2013.03.21 01:35:27.362,1.06357,1.06383
2013.03.21 01:35:27.814,1.06357,1.06382
2013.03.21 01:35:32.527,1.06357,1.06383
2013.03.21 01:35:33.657,1.06356,1.06383
2013.03.21 01:35:34.017,1.06356,1.06383
2013.03.21 01:35:38.019,1.06356,1.06381
2013.03.21 01:35:43.257,1.06356,1.06383
2013.03.21 01:35:44.731,1.06356,1.06381
2013.03.21 01:35:46.077,1.06356,1.06383
2013.03.21 01:35:56.471,1.06356,1.06382
2013.03.21 01:36:08.137,1.06356,1.06381
2013.03.21 01:36:16.889,1.06356,1.06381
2013.03.21 01:36:17.128,1.06356,1.06381
2013.03.21 01:36:21.335,1.06356,1.06381
2013.03.21 01:36:25.335,1.06356,1.0638
2013.03.21 01:36:46.097,1.06354,1.06379
2013.03.21 01:37:06.417,1.06353,1.06378
2013.03.21 01:37:19.056,1.06355,1.06377
2013.03.21 01:37:19.574,1.06353,1.06375
2013.03.21 01:37:23.937,1.06353,1.06377
2013.03.21 01:37:24.493,1.06353,1.06374
2013.03.21 01:37:25.117,1.06353,1.06375
2013.03.21 01:37:42.376,1.06351,1.06374
2013.03.21 01:37:46.777,1.06353,1.06374
2013.03.21 01:37:57.677,1.06354,1.06379
2013.03.21 01:37:58.882,1.06353,1.06374
2013.03.21 01:37:59.534,1.06353,1.06374
2013.03.21 01:38:02.136,1.06353,1.06378
2013.03.21 01:38:03.458,1.06353,1.06374
2013.03.21 01:38:05.158,1.06353,1.06378
2013.03.21 01:38:25.209,1.06354,1.06379
2013.03.21 01:38:31.887,1.06354,1.06379
2013.03.21 01:38:35.310,1.0635,1.06377
2013.03.21 01:38:54.843,1.06352,1.06377
2013.03.21 01:38:56.148,1.06351,1.06377
2013.03.21 01:39:12.638,1.0635,1.06375
2013.03.21 01:39:15.609,1.0635,1.06375
2013.03.21 01:39:18.817,1.0635,1.06377
2013.03.21 01:39:33.767,1.06357,1.06378
2013.03.21 01:39:33.887,1.06357,1.06378
2013.03.21 01:39:42.011,1.06357,1.0638
2013.03.21 01:39:44.378,1.06355,1.06379
2013.03.21 01:39:47.281,1.06356,1.06379
2013.03.21 01:39:47.887,1.06357,1.06383
2013.03.21 01:39:52.202,1.06357,1.06381
2013.03.21 01:39:56.804,1.06356,1.0638
2013.03.21 01:39:56.927,1.06356,1.06378
2013.03.21 01:40:12.591,1.06354,1.0638
2013.03.21 01:40:14.791,1.06356,1.0638
2013.03.21 01:40:15.302,1.06353,1.06379
2013.03.21 01:40:28.958,1.06353,1.06378
2013.03.21 01:40:29.333,1.06354,1.06378
2013.03.21 01:40:31.733,1.06357,1.06384
2013.03.21 01:40:32.228,1.06356,1.06379
2013.03.21 01:40:32.287,1.06356,1.06379
2013.03.21 01:40:35.031,1.06352,1.06377
2013.03.21 01:40:35.752,1.06352,1.06377
2013.03.21 01:40:36.807,1.06354,1.06378
2013.03.21 01:40:43.427,1.06356,1.06377
2013.03.21 01:40:45.150,1.06357,1.06378
2013.03.21 01:40:46.582,1.06355,1.06377
2013.03.21 01:40:49.276,1.06355,1.06377
2013.03.21 01:40:49.899,1.06356,1.06378
2013.03.21 01:40:52.957,1.06353,1.06379
2013.03.21 01:40:54.757,1.06357,1.06381
2013.03.21 01:40:56.628,1.06357,1.06378
2013.03.21 01:40:57.454,1.06351,1.06376
2013.03.21 01:40:58.359,1.06351,1.06375
2013.03.21 01:41:04.200,1.06351,1.06373
2013.03.21 01:41:06.429,1.06351,1.06376
2013.03.21 01:41:06.488,1.06351,1.06378
2013.03.21 01:41:06.548,1.06352,1.06379
2013.03.21 01:41:08.390,1.06352,1.06378
2013.03.21 01:41:10.681,1.06353,1.06378
2013.03.21 01:41:11.598,1.06355,1.06378
2013.03.21 01:41:15.591,1.06357,1.06378
2013.03.21 01:41:16.120,1.06354,1.06376
2013.03.21 01:41:20.928,1.06353,1.06375
2013.03.21 01:41:20.988,1.06354,1.06375
2013.03.21 01:41:21.298,1.06356,1.06379
2013.03.21 01:41:21.478,1.06352,1.06377
2013.03.21 01:41:22.159,1.06352,1.06377
2013.03.21 01:41:22.817,1.06352,1.06377
2013.03.21 01:41:23.367,1.06356,1.06377
2013.03.21 01:41:23.428,1.06356,1.06379
2013.03.21 01:41:24.005,1.06357,1.0638
2013.03.21 01:41:24.081,1.06362,1.06383
2013.03.21 01:41:24.348,1.06363,1.06385
2013.03.21 01:41:26.321,1.06362,1.06384
2013.03.21 01:41:27.078,1.06362,1.06384
2013.03.21 01:41:27.139,1.06362,1.06382
2013.03.21 01:41:27.318,1.06357,1.06379
2013.03.21 01:41:27.738,1.06357,1.06378
2013.03.21 01:41:31.820,1.06356,1.0638
2013.03.21 01:41:32.368,1.06359,1.06385
2013.03.21 01:41:33.228,1.06361,1.06386
2013.03.21 01:41:34.858,1.06359,1.06378
2013.03.21 01:41:35.348,1.0636,1.06383
2013.03.21 01:41:40.138,1.06366,1.06386
2013.03.21 01:41:40.379,1.06367,1.06391
2013.03.21 01:41:41.493,1.06368,1.06392
2013.03.21 01:41:42.110,1.06368,1.06392
2013.03.21 01:41:42.719,1.06363,1.06388
2013.03.21 01:41:42.848,1.06366,1.06389
2013.03.21 01:41:43.909,1.06362,1.06388
2013.03.21 01:41:44.910,1.06363,1.06388
2013.03.21 01:41:45.371,1.06363,1.06388
2013.03.21 01:41:48.120,1.06363,1.06388
2013.03.21 01:41:48.358,1.06363,1.06388
2013.03.21 01:41:50.688,1.06368,1.06388
2013.03.21 01:41:51.408,1.0637,1.06388
2013.03.21 01:41:51.650,1.06369,1.06393
2013.03.21 01:41:53.860,1.06366,1.06387
2013.03.21 01:41:53.937,1.06364,1.06385
2013.03.21 01:41:54.300,1.06364,1.06385
2013.03.21 01:41:54.539,1.06364,1.0639
2013.03.21 01:41:57.189,1.06364,1.06388
2013.03.21 01:42:00.878,1.06364,1.06391
2013.03.21 01:42:01.358,1.0637,1.06394
2013.03.21 01:42:01.598,1.0637,1.06394
2013.03.21 01:42:05.850,1.06371,1.06394
2013.03.21 01:42:20.130,1.06372,1.06394
2013.03.21 01:42:21.778,1.06372,1.06397
2013.03.21 01:42:24.048,1.06372,1.06397
2013.03.21 01:42:24.168,1.06375,1.06397
2013.03.21 01:42:24.601,1.06377,1.06402
2013.03.21 01:42:27.110,1.06377,1.06402
2013.03.21 01:42:27.647,1.06373,1.06396
2013.03.21 01:42:27.891,1.06374,1.06398
2013.03.21 01:42:35.779,1.0637,1.06396
2013.03.21 01:42:40.311,1.06371,1.06396
2013.03.21 01:42:45.616,1.0637,1.06396
2013.03.21 01:42:46.938,1.06373,1.06396
2013.03.21 01:42:47.058,1.06376,1.06401
2013.03.21 01:42:47.629,1.06377,1.06402
2013.03.21 01:42:48.160,1.06376,1.06401
2013.03.21 01:42:48.718,1.06375,1.06398
2013.03.21 01:42:50.309,1.06375,1.06399
2013.03.21 01:42:53.669,1.06378,1.06398
2013.03.21 01:42:53.788,1.06378,1.06402
2013.03.21 01:42:54.849,1.06381,1.06402
2013.03.21 01:42:55.199,1.06377,1.06399
2013.03.21 01:42:55.559,1.06377,1.06396
2013.03.21 01:42:57.898,1.06377,1.06397
2013.03.21 01:43:05.447,1.06375,1.06399
2013.03.21 01:43:09.928,1.06375,1.06396
2013.03.21 01:43:11.918,1.06375,1.06395
2013.03.21 01:43:12.219,1.06366,1.06388
2013.03.21 01:43:12.398,1.06366,1.06386
2013.03.21 01:43:12.670,1.06364,1.06386
2013.03.21 01:43:14.976,1.06365,1.06386
2013.03.21 01:43:15.962,1.06367,1.06388
2013.03.21 01:43:24.999,1.06367,1.0639
2013.03.21 01:43:25.118,1.06367,1.06391
2013.03.21 01:43:25.877,1.06367,1.06391
2013.03.21 01:43:26.192,1.06367,1.0639
2013.03.21 01:43:27.785,1.06367,1.06392
2013.03.21 01:43:30.437,1.06367,1.0639
2013.03.21 01:43:31.204,1.06367,1.06394
2013.03.21 01:43:35.789,1.06371,1.06397
2013.03.21 01:43:36.298,1.06376,1.06397
2013.03.21 01:43:36.728,1.06376,1.06401
2013.03.21 01:43:53.183,1.06376,1.06402
2013.03.21 01:43:53.368,1.06377,1.06404
2013.03.21 01:43:53.428,1.06379,1.06404
2013.03.21 01:43:53.797,1.06383,1.06408
2013.03.21 01:43:58.369,1.0638,1.06406
2013.03.21 01:44:01.128,1.0638,1.06406
2013.03.21 01:44:01.439,1.06377,1.06403
2013.03.21 01:44:03.439,1.06376,1.06403
2013.03.21 01:44:03.618,1.06376,1.06403
2013.03.21 01:44:04.819,1.06376,1.06401
2013.03.21 01:44:05.139,1.06376,1.06401
2013.03.21 01:44:06.138,1.06378,1.06403
2013.03.21 01:44:13.428,1.06376,1.06403
2013.03.21 01:44:15.658,1.06376,1.06403
2013.03.21 01:44:15.778,1.06382,1.06409
2013.03.21 01:44:15.838,1.06386,1.06413
2013.03.21 01:44:16.019,1.06391,1.06417
2013.03.21 01:44:16.378,1.06389,1.06416
2013.03.21 01:44:36.099,1.06388,1.06415
2013.03.21 01:44:48.717,1.06385,1.06413
2013.03.21 01:44:48.778,1.06385,1.06413
2013.03.21 01:44:48.838,1.06385,1.06411
2013.03.21 01:44:49.415,1.06385,1.06411
2013.03.21 01:44:50.888,1.06385,1.06411
2013.03.21 01:44:51.289,1.06388,1.06416
2013.03.21 01:44:55.290,1.06381,1.06418
2013.03.21 01:44:56.099,1.06382,1.06417
2013.03.21 01:44:56.601,1.06384,1.06421
2013.03.21 01:44:57.468,1.06382,1.06423
2013.03.21 01:45:00.440,1.06379,1.06455
2013.03.21 01:45:00.499,1.06423,1.06455
2013.03.21 01:45:00.861,1.06434,1.06459
2013.03.21 01:45:00.927,1.06432,1.06459
2013.03.21 01:45:01.108,1.06433,1.0646
2013.03.21 01:45:01.468,1.0645,1.06477
2013.03.21 01:45:01.528,1.06455,1.0652
2013.03.21 01:45:01.588,1.06463,1.0652
2013.03.21 01:45:01.770,1.06468,1.0652
2013.03.21 01:45:02.127,1.06468,1.06498
2013.03.21 01:45:02.427,1.06468,1.06503
2013.03.21 01:45:02.909,1.0647,1.06513
2013.03.21 01:45:03.028,1.06472,1.06513
2013.03.21 01:45:03.340,1.06466,1.06515
2013.03.21 01:45:04.450,1.0647,1.06514
2013.03.21 01:45:04.697,1.06472,1.06518
2013.03.21 01:45:05.002,1.06477,1.06513
2013.03.21 01:45:05.130,1.06466,1.06518
2013.03.21 01:45:05.300,1.06466,1.06518
2013.03.21 01:45:05.659,1.06461,1.06491
2013.03.21 01:45:05.718,1.06461,1.06491
2013.03.21 01:45:05.899,1.0646,1.06491
2013.03.21 01:45:06.228,1.06451,1.06491
2013.03.21 01:45:06.648,1.06446,1.06488
2013.03.21 01:45:06.949,1.06441,1.06483
2013.03.21 01:45:07.069,1.06436,1.06483
2013.03.21 01:45:07.129,1.06436,1.06476
2013.03.21 01:45:07.188,1.06435,1.06476
2013.03.21 01:45:07.429,1.06435,1.06476
2013.03.21 01:45:08.380,1.06433,1.06474
2013.03.21 01:45:08.829,1.06431,1.06474
2013.03.21 01:45:09.188,1.06436,1.06478
2013.03.21 01:45:09.489,1.06435,1.06473
2013.03.21 01:45:09.968,1.06442,1.06472
2013.03.21 01:45:10.149,1.06442,1.06472
2013.03.21 01:45:10.208,1.0644,1.06472
2013.03.21 01:45:10.568,1.06447,1.06476
2013.03.21 01:45:10.627,1.06449,1.06477
2013.03.21 01:45:10.990,1.06452,1.06478
2013.03.21 01:45:11.348,1.06449,1.06476
2013.03.21 01:45:11.934,1.06452,1.06481
2013.03.21 01:45:12.237,1.06453,1.06483
2013.03.21 01:45:12.548,1.06449,1.06475
2013.03.21 01:45:12.608,1.06449,1.06475
2013.03.21 01:45:13.409,1.06449,1.06473
2013.03.21 01:45:13.698,1.06444,1.0647
2013.03.21 01:45:14.578,1.06445,1.0647
2013.03.21 01:45:14.699,1.06454,1.06478
2013.03.21 01:45:14.939,1.06443,1.06471
2013.03.21 01:45:15.361,1.06443,1.06471
2013.03.21 01:45:15.431,1.06442,1.06467
2013.03.21 01:45:15.548,1.06441,1.06468
2013.03.21 01:45:16.088,1.06441,1.06469
2013.03.21 01:45:16.148,1.06446,1.06473
2013.03.21 01:45:16.629,1.0644,1.06468
2013.03.21 01:45:16.989,1.06433,1.06461
2013.03.21 01:45:17.049,1.06436,1.06462
2013.03.21 01:45:17.108,1.06438,1.06465
2013.03.21 01:45:17.228,1.06441,1.0647
2013.03.21 01:45:17.349,1.06441,1.06468
2013.03.21 01:45:18.628,1.06441,1.0647
2013.03.21 01:45:20.040,1.06442,1.06465
2013.03.21 01:45:20.103,1.06442,1.06463
2013.03.21 01:45:20.434,1.06437,1.06463
2013.03.21 01:45:20.509,1.06435,1.06457
2013.03.21 01:45:21.939,1.06429,1.06457
2013.03.21 01:45:22.179,1.06429,1.06457
2013.03.21 01:45:22.539,1.06428,1.06455
2013.03.21 01:45:22.899,1.0643,1.06458
2013.03.21 01:45:23.638,1.0643,1.06456
2013.03.21 01:45:23.759,1.0643,1.06454
2013.03.21 01:45:24.078,1.06427,1.06453
2013.03.21 01:45:24.425,1.06423,1.06449
2013.03.21 01:45:24.827,1.06422,1.06449
2013.03.21 01:45:25.389,1.06421,1.06447
2013.03.21 01:45:25.638,1.06421,1.06446
2013.03.21 01:45:25.999,1.06417,1.06444
2013.03.21 01:45:26.121,1.06417,1.06443
2013.03.21 01:45:27.118,1.06417,1.06441
2013.03.21 01:45:27.419,1.06414,1.06437
2013.03.21 01:45:28.749,1.06415,1.06441
2013.03.21 01:45:29.869,1.06413,1.06441
2013.03.21 01:45:30.109,1.06413,1.06438
2013.03.21 01:45:30.350,1.06415,1.06438
2013.03.21 01:45:31.390,1.06411,1.06436
2013.03.21 01:45:32.268,1.06417,1.06443
2013.03.21 01:45:32.449,1.06421,1.06439
2013.03.21 01:45:32.510,1.06422,1.06439
2013.03.21 01:45:32.629,1.06423,1.06442
2013.03.21 01:45:32.690,1.06425,1.06442
2013.03.21 01:45:32.749,1.06429,1.06452
2013.03.21 01:45:32.869,1.06429,1.06452
2013.03.21 01:45:33.855,1.06429,1.06453
2013.03.21 01:45:33.925,1.0643,1.06457
2013.03.21 01:45:34.599,1.0643,1.06456
2013.03.21 01:45:36.188,1.06429,1.06456
2013.03.21 01:45:36.248,1.0643,1.06456
2013.03.21 01:45:36.369,1.06429,1.06453
2013.03.21 01:45:36.673,1.06424,1.06449
2013.03.21 01:45:37.199,1.06426,1.06449
2013.03.21 01:45:37.378,1.06427,1.06449
2013.03.21 01:45:37.925,1.06427,1.06449
2013.03.21 01:45:38.448,1.0643,1.06454
2013.03.21 01:45:38.628,1.0643,1.06456
2013.03.21 01:45:39.610,1.0643,1.06456
2013.03.21 01:45:39.968,1.06434,1.06459
2013.03.21 01:45:40.029,1.06429,1.06456
2013.03.21 01:45:40.238,1.06433,1.06459
2013.03.21 01:45:41.248,1.06433,1.06459
2013.03.21 01:45:41.844,1.06429,1.06456
2013.03.21 01:45:42.319,1.06428,1.06456
2013.03.21 01:45:43.088,1.06428,1.06455
2013.03.21 01:45:48.239,1.06427,1.06455
2013.03.21 01:45:48.359,1.06428,1.06455
2013.03.21 01:45:48.719,1.06425,1.06449
2013.03.21 01:45:49.079,1.06425,1.06448
2013.03.21 01:45:50.870,1.06425,1.06449
2013.03.21 01:45:51.729,1.0642,1.06447
2013.03.21 01:45:52.118,1.0642,1.06445
2013.03.21 01:45:54.287,1.0642,1.06445
2013.03.21 01:45:57.629,1.06421,1.06447
2013.03.21 01:45:58.799,1.06421,1.06447
2013.03.21 01:46:00.570,1.0642,1.06445
2013.03.21 01:46:00.882,1.0642,1.06441
2013.03.21 01:46:00.950,1.0642,1.06444
2013.03.21 01:46:01.549,1.06422,1.06444
2013.03.21 01:46:01.681,1.06429,1.06449
