Time,Bid,Ask
2013.03.18 00:00:00.898,1.0594,1.05966
2013.03.18 00:00:01.018,1.05944,1.0597
2013.03.18 00:00:01.527,1.05945,1.05971
2013.03.18 00:00:01.779,1.05941,1.05965
2013.03.18 00:00:02.310,1.05938,1.05965
2013.03.18 00:00:03.630,1.05941,1.05965
2013.03.18 00:00:04.188,1.05946,1.05972
2013.03.18 00:00:04.547,1.05945,1.05972
2013.03.18 00:00:05.627,1.05946,1.05972
2013.03.18 00:00:09.429,1.05954,1.05976
2013.03.18 00:00:11.378,1.05954,1.05982
2013.03.18 00:00:11.498,1.05961,1.05984
2013.03.18 00:00:13.148,1.05961,1.05987
2013.03.18 00:00:13.568,1.05966,1.05988
2013.03.18 00:00:14.083,1.05966,1.05988
2013.03.18 00:00:14.328,1.05966,1.05988
2013.03.18 00:00:15.290,1.05966,1.05991
2013.03.18 00:00:15.768,1.05971,1.05991
2013.03.18 00:00:16.288,1.05975,1.06
2013.03.18 00:00:16.407,1.05975,1.06
2013.03.18 00:00:21.270,1.0598,1.06004
2013.03.18 00:00:25.648,1.05982,1.06003
2013.03.18 00:00:28.928,1.05982,1.06007
2013.03.18 00:00:29.369,1.05982,1.06006
2013.03.18 00:00:29.965,1.05982,1.06005
2013.03.18 00:00:31.071,1.05982,1.06005
2013.03.18 00:00:31.248,1.05979,1.06004
2013.03.18 00:00:31.308,1.05979,1.06004
2013.03.18 00:00:31.621,1.05977,1.05998
2013.03.18 00:00:32.380,1.05981,1.06004
2013.03.18 00:00:32.610,1.05977,1.06004
2013.03.18 00:00:34.248,1.05979,1.06003
2013.03.18 00:00:34.788,1.05977,1.06003
2013.03.18 00:00:35.608,1.05979,1.06003
2013.03.18 00:00:35.968,1.05988,1.06013
2013.03.18 00:00:36.188,1.05988,1.06013
2013.03.18 00:00:38.138,1.0599,1.06009
2013.03.18 00:00:39.128,1.05985,1.06009
2013.03.18 00:00:39.698,1.05985,1.06006
2013.03.18 00:00:39.871,1.05985,1.06009
2013.03.18 00:00:40.029,1.05986,1.06009
2013.03.18 00:00:41.169,1.05985,1.06009
2013.03.18 00:00:41.350,1.05984,1.06008
2013.03.18 00:00:42.459,1.05981,1.06006
2013.03.18 00:00:43.258,1.05981,1.06004
2013.03.18 00:00:43.618,1.05968,1.05992
2013.03.18 00:00:43.978,1.05961,1.05985
2013.03.18 00:00:46.408,1.05957,1.05985
2013.03.18 00:00:46.658,1.05961,1.05981
2013.03.18 00:00:47.569,1.05961,1.05984
2013.03.18 00:00:47.637,1.0596,1.05984
2013.03.18 00:00:48.368,1.0596,1.05988
2013.03.18 00:00:48.882,1.05966,1.05988
2013.03.18 00:00:49.968,1.05967,1.05988
2013.03.18 00:00:50.348,1.05967,1.05986
2013.03.18 00:00:50.468,1.05956,1.0598
2013.03.18 00:00:50.710,1.05956,1.05979
2013.03.18 00:00:51.079,1.05956,1.05975
2013.03.18 00:00:54.008,1.05956,1.05973
2013.03.18 00:00:56.118,1.0595,1.05976
2013.03.18 00:00:56.718,1.05951,1.05976
2013.03.18 00:00:57.352,1.05952,1.05976
2013.03.18 00:00:57.888,1.05952,1.05977
2013.03.18 00:01:00.414,1.05946,1.05969
2013.03.18 00:01:00.778,1.05945,1.05967
2013.03.18 00:01:01.302,1.05943,1.05964
2013.03.18 00:01:01.619,1.0594,1.05963
2013.03.18 00:01:02.020,1.05941,1.05964
2013.03.18 00:01:04.468,1.05941,1.05964
2013.03.18 00:01:05.010,1.05941,1.05964
2013.03.18 00:01:06.319,1.0594,1.05964
2013.03.18 00:01:08.308,1.05936,1.05964
2013.03.18 00:01:08.447,1.05936,1.05964
2013.03.18 00:01:09.868,1.05936,1.05961
2013.03.18 00:01:10.058,1.05936,1.05964
2013.03.18 00:01:10.119,1.05936,1.05964
2013.03.18 00:01:11.035,1.05941,1.05964
2013.03.18 00:01:11.114,1.05936,1.05964
2013.03.18 00:01:15.064,1.05936,1.05958
2013.03.18 00:01:15.189,1.05936,1.05958
2013.03.18 00:01:15.568,1.05937,1.05958
2013.03.18 00:01:15.689,1.05937,1.05958
2013.03.18 00:01:15.749,1.05939,1.05959
2013.03.18 00:01:16.059,1.05942,1.05966
2013.03.18 00:01:16.539,1.05946,1.05969
2013.03.18 00:01:16.663,1.05946,1.0597
2013.03.18 00:01:17.908,1.05947,1.0597
2013.03.18 00:01:18.221,1.0595,1.05973
2013.03.18 00:01:18.467,1.05952,1.05973
2013.03.18 00:01:20.178,1.05952,1.05973
2013.03.18 00:01:20.538,1.05956,1.05979
2013.03.18 00:01:21.159,1.05956,1.05979
2013.03.18 00:01:25.080,1.05957,1.05981
2013.03.18 00:01:25.150,1.05961,1.05984
2013.03.18 00:01:26.829,1.05962,1.05986
2013.03.18 00:01:27.599,1.05961,1.05984
2013.03.18 00:01:31.998,1.05961,1.05986
2013.03.18 00:01:32.118,1.0596,1.05986
2013.03.18 00:01:35.658,1.05955,1.05978
2013.03.18 00:01:36.139,1.0595,1.05975
2013.03.18 00:01:36.619,1.05947,1.05972
2013.03.18 00:01:36.740,1.0595,1.05973
2013.03.18 00:01:36.858,1.0595,1.05973
2013.03.18 00:01:38.506,1.05943,1.0597
2013.03.18 00:01:38.570,1.05943,1.05968
2013.03.18 00:01:41.338,1.05942,1.05969
2013.03.18 00:01:41.458,1.05942,1.05969
2013.03.18 00:01:41.759,1.05948,1.05969
2013.03.18 00:01:42.070,1.05948,1.05974
2013.03.18 00:01:42.619,1.0595,1.05974
2013.03.18 00:01:42.858,1.0595,1.05974
2013.03.18 00:01:43.848,1.05949,1.05975
2013.03.18 00:01:45.315,1.05949,1.05975
2013.03.18 00:01:46.018,1.05946,1.05971
2013.03.18 00:01:46.079,1.05946,1.05969
2013.03.18 00:01:46.438,1.05946,1.05969
2013.03.18 00:01:47.789,1.05946,1.05965
2013.03.18 00:01:48.338,1.05943,1.05966
2013.03.18 00:01:48.399,1.05945,1.05968
2013.03.18 00:01:48.768,1.05946,1.05968
2013.03.18 00:01:51.708,1.05945,1.05968
2013.03.18 00:01:52.259,1.05943,1.05968
2013.03.18 00:01:53.678,1.05943,1.05968
2013.03.18 00:01:53.863,1.05945,1.05965
2013.03.18 00:01:54.108,1.05945,1.0597
2013.03.18 00:01:56.829,1.05945,1.05971
2013.03.18 00:01:57.008,1.05951,1.05976
2013.03.18 00:01:57.957,1.05953,1.05977
2013.03.18 00:01:58.474,1.05953,1.05977
2013.03.18 00:01:58.611,1.05951,1.05977
2013.03.18 00:01:58.919,1.05953,1.05976
2013.03.18 00:01:59.208,1.05956,1.05979
2013.03.18 00:02:00.909,1.0596,1.05981
2013.03.18 00:02:01.178,1.05961,1.05985
2013.03.18 00:02:02.140,1.05961,1.05988
2013.03.18 00:02:02.318,1.05956,1.05982
2013.03.18 00:02:02.498,1.05958,1.05982
2013.03.18 00:02:02.679,1.05961,1.05988
2013.03.18 00:02:03.378,1.05961,1.05988
2013.03.18 00:02:04.893,1.0596,1.05988
2013.03.18 00:02:05.380,1.05956,1.05982
2013.03.18 00:02:11.629,1.05956,1.05981
2013.03.18 00:02:14.049,1.05958,1.05982
2013.03.18 00:02:15.204,1.05962,1.05985
2013.03.18 00:02:15.520,1.05967,1.05994
2013.03.18 00:02:15.928,1.05967,1.05994
2013.03.18 00:02:16.048,1.05968,1.05994
2013.03.18 00:02:16.408,1.05974,1.05998
2013.03.18 00:02:16.888,1.05978,1.06005
2013.03.18 00:02:17.073,1.05975,1.05999
2013.03.18 00:02:17.138,1.05975,1.05999
2013.03.18 00:02:19.839,1.05969,1.05993
2013.03.18 00:02:19.959,1.05967,1.0599
2013.03.18 00:02:20.199,1.05968,1.05994
2013.03.18 00:02:20.389,1.05966,1.05994
2013.03.18 00:02:24.229,1.05965,1.05989
2013.03.18 00:02:24.469,1.05961,1.05987
2013.03.18 00:02:24.588,1.05961,1.05989
2013.03.18 00:02:27.868,1.05961,1.05987
2013.03.18 00:02:31.668,1.05966,1.05989
2013.03.18 00:02:34.298,1.05964,1.05988
2013.03.18 00:02:34.418,1.05966,1.05991
2013.03.18 00:02:36.808,1.05965,1.05991
2013.03.18 00:02:39.179,1.05967,1.05993
2013.03.18 00:02:39.298,1.05972,1.05993
2013.03.18 00:02:39.419,1.05973,1.05997
2013.03.18 00:02:40.033,1.05973,1.05997
2013.03.18 00:02:42.659,1.05973,1.05997
2013.03.18 00:02:46.178,1.05973,1.05997
2013.03.18 00:02:46.949,1.05972,1.06
2013.03.18 00:02:49.429,1.05971,1.05995
2013.03.18 00:02:49.489,1.05968,1.05995
2013.03.18 00:02:52.589,1.0597,1.05998
2013.03.18 00:02:57.379,1.05973,1.06001
2013.03.18 00:03:02.072,1.05984,1.06011
2013.03.18 00:03:02.338,1.05984,1.06011
2013.03.18 00:03:07.678,1.05981,1.06006
2013.03.18 00:03:07.859,1.0598,1.06006
2013.03.18 00:03:08.158,1.0598,1.06006
2013.03.18 00:03:08.279,1.05981,1.06006
2013.03.18 00:03:08.589,1.05989,1.06011
2013.03.18 00:03:08.709,1.05989,1.06012
2013.03.18 00:03:10.618,1.05985,1.06011
2013.03.18 00:03:11.968,1.05985,1.06011
2013.03.18 00:03:14.538,1.05985,1.06011
2013.03.18 00:03:15.303,1.05986,1.06011
2013.03.18 00:03:15.428,1.05986,1.06011
2013.03.18 00:03:19.458,1.05986,1.06012
2013.03.18 00:03:23.921,1.05987,1.06011
2013.03.18 00:03:24.468,1.05985,1.06011
2013.03.18 00:03:24.589,1.05984,1.06009
2013.03.18 00:03:24.708,1.05981,1.06008
2013.03.18 00:03:25.248,1.05981,1.06005
2013.03.18 00:03:26.678,1.05979,1.06005
2013.03.18 00:03:31.919,1.05976,1.06001
2013.03.18 00:03:31.979,1.05974,1.05999
2013.03.18 00:03:32.219,1.05973,1.05999
2013.03.18 00:03:34.358,1.05969,1.05994
2013.03.18 00:03:45.358,1.05968,1.05994
2013.03.18 00:03:48.499,1.05969,1.05995
2013.03.18 00:03:51.367,1.05968,1.05995
2013.03.18 00:03:56.328,1.05969,1.05995
2013.03.18 00:03:57.668,1.05968,1.05995
2013.03.18 00:04:03.858,1.0597,1.05995
2013.03.18 00:04:04.218,1.05972,1.05998
2013.03.18 00:04:05.468,1.05972,1.05994
2013.03.18 00:04:05.970,1.05972,1.05995
2013.03.18 00:04:10.638,1.05975,1.05999
2013.03.18 00:04:11.428,1.05972,1.05999
2013.03.18 00:04:12.739,1.05974,1.06002
2013.03.18 00:04:15.346,1.05977,1.06003
2013.03.18 00:04:15.719,1.05979,1.06005
2013.03.18 00:04:16.330,1.05981,1.06005
2013.03.18 00:04:16.390,1.05982,1.06006
2013.03.18 00:04:16.717,1.05985,1.06008
2013.03.18 00:04:17.018,1.05982,1.06007
2013.03.18 00:04:17.889,1.05985,1.06009
2013.03.18 00:04:17.949,1.05987,1.06009
2013.03.18 00:04:18.309,1.05992,1.06019
2013.03.18 00:04:18.879,1.05992,1.0602
2013.03.18 00:04:21.409,1.05989,1.06015
2013.03.18 00:04:21.469,1.05985,1.06013
2013.03.18 00:04:22.380,1.05977,1.06003
2013.03.18 00:04:22.658,1.05977,1.06
2013.03.18 00:04:28.332,1.05982,1.06003
2013.03.18 00:04:28.919,1.05982,1.06006
2013.03.18 00:04:29.279,1.05989,1.06009
2013.03.18 00:04:29.831,1.0599,1.06014
2013.03.18 00:04:30.790,1.0599,1.06014
2013.03.18 00:04:31.168,1.0599,1.06015
2013.03.18 00:04:31.849,1.05989,1.06015
2013.03.18 00:04:32.299,1.0599,1.06015
2013.03.18 00:04:34.429,1.05988,1.06015
2013.03.18 00:04:34.669,1.0599,1.06015
2013.03.18 00:04:35.279,1.05994,1.06018
2013.03.18 00:04:35.399,1.05997,1.06018
2013.03.18 00:04:35.579,1.06,1.06022
2013.03.18 00:04:35.640,1.06001,1.06025
2013.03.18 00:04:36.068,1.06001,1.06024
2013.03.18 00:04:36.399,1.06,1.06022
2013.03.18 00:04:37.101,1.06,1.06021
2013.03.18 00:04:37.218,1.05996,1.0602
2013.03.18 00:04:37.278,1.05996,1.06018
2013.03.18 00:04:37.660,1.05994,1.06015
2013.03.18 00:04:37.899,1.05992,1.06014
2013.03.18 00:04:37.958,1.0599,1.06014
2013.03.18 00:04:39.109,1.05988,1.06013
2013.03.18 00:04:40.129,1.0599,1.06013
2013.03.18 00:04:42.188,1.05988,1.06013
2013.03.18 00:04:42.846,1.0599,1.06014
2013.03.18 00:04:43.882,1.05991,1.06014
2013.03.18 00:04:43.948,1.05992,1.06014
2013.03.18 00:04:44.428,1.05995,1.06018
2013.03.18 00:04:44.818,1.05995,1.06019
2013.03.18 00:04:45.598,1.05992,1.06019
2013.03.18 00:04:46.367,1.05992,1.06019
2013.03.18 00:04:46.848,1.05992,1.06017
2013.03.18 00:04:47.839,1.05992,1.06019
2013.03.18 00:04:48.789,1.05992,1.06019
2013.03.18 00:04:49.208,1.05992,1.06019
2013.03.18 00:04:49.710,1.05995,1.06019
2013.03.18 00:04:55.569,1.05996,1.06022
2013.03.18 00:04:55.629,1.06001,1.06024
2013.03.18 00:04:55.689,1.06004,1.06029
2013.03.18 00:04:55.809,1.06006,1.06029
2013.03.18 00:04:56.312,1.06006,1.06031
2013.03.18 00:04:56.985,1.06011,1.06034
2013.03.18 00:04:57.169,1.06019,1.06043
2013.03.18 00:04:57.679,1.06017,1.06043
2013.03.18 00:04:59.169,1.06019,1.06044
2013.03.18 00:04:59.289,1.06021,1.06047
2013.03.18 00:04:59.749,1.06021,1.06046
2013.03.18 00:05:00.358,1.0602,1.06047
2013.03.18 00:05:00.479,1.0603,1.06054
2013.03.18 00:05:01.050,1.06032,1.06057
2013.03.18 00:05:01.108,1.06031,1.06054
2013.03.18 00:05:01.348,1.06026,1.06051
2013.03.18 00:05:02.539,1.06029,1.06055
2013.03.18 00:05:02.658,1.06029,1.06055
2013.03.18 00:05:02.860,1.06035,1.06059
2013.03.18 00:05:03.098,1.06035,1.06061
2013.03.18 00:05:03.418,1.06033,1.0606
2013.03.18 00:05:03.539,1.06034,1.0606
2013.03.18 00:05:03.659,1.06034,1.0606
2013.03.18 00:05:03.900,1.06034,1.0606
2013.03.18 00:05:04.258,1.06024,1.06051
2013.03.18 00:05:04.559,1.06019,1.06045
2013.03.18 00:05:04.679,1.06019,1.06045
2013.03.18 00:05:04.858,1.06018,1.06045
2013.03.18 00:05:04.979,1.06019,1.0604
2013.03.18 00:05:05.159,1.06014,1.0604
2013.03.18 00:05:05.938,1.06008,1.06036
2013.03.18 00:05:06.428,1.06007,1.06036
2013.03.18 00:05:07.439,1.06007,1.06034
2013.03.18 00:05:07.621,1.06001,1.06025
2013.03.18 00:05:07.680,1.06001,1.06025
2013.03.18 00:05:08.040,1.05995,1.06023
2013.03.18 00:05:08.488,1.05993,1.0602
2013.03.18 00:05:10.136,1.0599,1.06017
2013.03.18 00:05:11.441,1.0599,1.06016
2013.03.18 00:05:12.277,1.05984,1.06011
2013.03.18 00:05:12.344,1.05984,1.06011
2013.03.18 00:05:14.958,1.0598,1.06005
2013.03.18 00:05:15.081,1.05979,1.06005
2013.03.18 00:05:15.859,1.05979,1.06004
2013.03.18 00:05:15.919,1.05979,1.06003
2013.03.18 00:05:16.262,1.05972,1.06
2013.03.18 00:05:16.628,1.05972,1.06
2013.03.18 00:05:16.869,1.05971,1.05998
2013.03.18 00:05:17.171,1.05971,1.06
2013.03.18 00:05:18.139,1.05971,1.06
2013.03.18 00:05:18.536,1.05967,1.05997
2013.03.18 00:05:18.659,1.05967,1.05996
2013.03.18 00:05:18.718,1.05967,1.05994
2013.03.18 00:05:19.018,1.05966,1.05998
2013.03.18 00:05:19.638,1.05967,1.05998
2013.03.18 00:05:20.261,1.05972,1.05998
2013.03.18 00:05:20.319,1.05971,1.05998
2013.03.18 00:05:20.378,1.0597,1.05995
2013.03.18 00:05:20.739,1.05963,1.05991
2013.03.18 00:05:21.098,1.05958,1.05982
2013.03.18 00:05:21.458,1.05961,1.05985
2013.03.18 00:05:21.518,1.05961,1.05987
2013.03.18 00:05:21.699,1.05961,1.05987
2013.03.18 00:05:21.819,1.05959,1.05984
2013.03.18 00:05:21.998,1.05961,1.05987
2013.03.18 00:05:22.058,1.05961,1.05988
2013.03.18 00:05:22.825,1.05961,1.05988
2013.03.18 00:05:23.318,1.05966,1.05993
2013.03.18 00:05:23.678,1.05965,1.0599
2013.03.18 00:05:24.858,1.05965,1.05991
2013.03.18 00:05:24.919,1.05965,1.05993
2013.03.18 00:05:25.439,1.05963,1.05991
2013.03.18 00:05:25.619,1.05961,1.05984
2013.03.18 00:05:26.153,1.05955,1.05983
2013.03.18 00:05:27.758,1.05955,1.05982
2013.03.18 00:05:27.958,1.05952,1.05979
2013.03.18 00:05:28.838,1.05958,1.05982
2013.03.18 00:05:29.097,1.05957,1.0598
2013.03.18 00:05:29.978,1.05953,1.05979
2013.03.18 00:05:30.649,1.05953,1.05979
2013.03.18 00:05:31.129,1.05955,1.05981
2013.03.18 00:05:31.249,1.05956,1.05983
2013.03.18 00:05:31.309,1.05957,1.05983
2013.03.18 00:05:31.549,1.05961,1.05987
2013.03.18 00:05:31.908,1.05963,1.05988
2013.03.18 00:05:33.605,1.05962,1.05989
2013.03.18 00:05:34.529,1.05963,1.05989
2013.03.18 00:05:34.888,1.05975,1.06002
2013.03.18 00:05:36.759,1.05978,1.06002
2013.03.18 00:05:37.358,1.05978,1.06002
2013.03.18 00:05:37.479,1.05971,1.05993
2013.03.18 00:05:37.599,1.05971,1.05994
2013.03.18 00:05:37.660,1.05969,1.05991
2013.03.18 00:05:37.839,1.05969,1.05995
2013.03.18 00:05:38.199,1.05969,1.05996
2013.03.18 00:05:38.438,1.05974,1.05999
2013.03.18 00:05:38.808,1.05974,1.05999
2013.03.18 00:05:39.049,1.05956,1.05984
2013.03.18 00:05:39.639,1.05956,1.05979
2013.03.18 00:05:39.698,1.05954,1.05979
2013.03.18 00:05:39.819,1.05958,1.05984
2013.03.18 00:05:40.188,1.05958,1.05984
2013.03.18 00:05:40.368,1.05958,1.05983
2013.03.18 00:05:43.078,1.05958,1.05984
2013.03.18 00:05:43.139,1.05963,1.05984
2013.03.18 00:05:43.198,1.05963,1.05987
2013.03.18 00:05:43.619,1.05961,1.05987
2013.03.18 00:05:43.679,1.05947,1.05969
2013.03.18 00:05:44.269,1.05951,1.05971
2013.03.18 00:05:44.343,1.05951,1.05977
2013.03.18 00:05:44.640,1.05951,1.05976
2013.03.18 00:05:44.880,1.05951,1.05978
2013.03.18 00:05:44.999,1.05959,1.05986
2013.03.18 00:05:45.119,1.0596,1.05986
2013.03.18 00:05:46.618,1.05955,1.05983
2013.03.18 00:05:46.679,1.05953,1.05978
2013.03.18 00:05:46.738,1.05952,1.05974
2013.03.18 00:05:46.799,1.05946,1.05974
2013.03.18 00:05:46.858,1.05949,1.05973
2013.03.18 00:05:47.158,1.05947,1.05973
2013.03.18 00:05:47.398,1.05949,1.05974
2013.03.18 00:05:47.758,1.05952,1.05979
2013.03.18 00:05:48.176,1.05953,1.05979
2013.03.18 00:05:49.900,1.05957,1.0598
2013.03.18 00:05:50.079,1.05948,1.05974
2013.03.18 00:05:50.578,1.0595,1.05974
2013.03.18 00:05:50.778,1.05951,1.05974
2013.03.18 00:05:50.839,1.05953,1.05978
2013.03.18 00:05:50.898,1.05956,1.0598
2013.03.18 00:05:52.202,1.05956,1.0598
2013.03.18 00:05:52.660,1.05956,1.0598
2013.03.18 00:05:53.078,1.05956,1.05983
2013.03.18 00:05:54.099,1.05956,1.0598
2013.03.18 00:05:54.279,1.05953,1.05978
2013.03.18 00:05:54.401,1.05951,1.05975
2013.03.18 00:05:57.018,1.05952,1.05978
2013.03.18 00:05:57.145,1.05956,1.05983
2013.03.18 00:05:57.209,1.05962,1.05983
2013.03.18 00:05:58.382,1.05958,1.05983
2013.03.18 00:05:58.499,1.05957,1.05982
2013.03.18 00:05:58.620,1.05956,1.05982
2013.03.18 00:05:58.739,1.05956,1.05983
2013.03.18 00:05:59.099,1.05961,1.05987
2013.03.18 00:06:00.909,1.05955,1.0597
2013.03.18 00:06:00.969,1.05949,1.0597
2013.03.18 00:06:01.029,1.05948,1.0597
2013.03.18 00:06:01.149,1.05948,1.05973
2013.03.18 00:06:01.269,1.05951,1.05974
2013.03.18 00:06:01.328,1.05951,1.05977
2013.03.18 00:06:02.508,1.05951,1.05977
2013.03.18 00:06:02.629,1.05947,1.05971
2013.03.18 00:06:02.809,1.05951,1.05977
2013.03.18 00:06:03.379,1.05951,1.05978
2013.03.18 00:06:05.689,1.05953,1.05978
2013.03.18 00:06:05.749,1.05957,1.05979
2013.03.18 00:06:05.870,1.05958,1.05983
2013.03.18 00:06:05.989,1.05962,1.05986
2013.03.18 00:06:06.289,1.05964,1.0599
2013.03.18 00:06:06.409,1.05966,1.0599
2013.03.18 00:06:06.589,1.05964,1.0599
2013.03.18 00:06:06.729,1.05962,1.05987
2013.03.18 00:06:06.908,1.05961,1.05987
2013.03.18 00:06:07.209,1.0596,1.05987
2013.03.18 00:06:08.129,1.0596,1.05987
2013.03.18 00:06:08.489,1.05954,1.05979
2013.03.18 00:06:09.398,1.05958,1.05979
2013.03.18 00:06:10.108,1.05958,1.05979
2013.03.18 00:06:13.219,1.0596,1.05986
2013.03.18 00:06:13.398,1.05963,1.05991
2013.03.18 00:06:13.758,1.05965,1.05991
2013.03.18 00:06:13.818,1.05966,1.05995
2013.03.18 00:06:14.000,1.05969,1.05996
2013.03.18 00:06:14.358,1.05973,1.06
2013.03.18 00:06:15.189,1.05973,1.05997
2013.03.18 00:06:15.369,1.05972,1.05995
2013.03.18 00:06:15.879,1.05971,1.05995
2013.03.18 00:06:16.240,1.05969,1.05992
2013.03.18 00:06:17.298,1.05966,1.05993
2013.03.18 00:06:18.659,1.05964,1.05993
2013.03.18 00:06:20.472,1.05966,1.05993
2013.03.18 00:06:20.739,1.05965,1.05991
2013.03.18 00:06:22.344,1.05966,1.0599
2013.03.18 00:06:26.890,1.05961,1.05986
2013.03.18 00:06:27.428,1.05962,1.05989
2013.03.18 00:06:28.284,1.05963,1.05989
2013.03.18 00:06:28.629,1.05961,1.0599
2013.03.18 00:06:28.689,1.05958,1.05985
2013.03.18 00:06:30.814,1.05958,1.05985
2013.03.18 00:06:30.999,1.05953,1.0598
2013.03.18 00:06:31.059,1.05948,1.05975
2013.03.18 00:06:31.901,1.05947,1.05974
2013.03.18 00:06:32.243,1.0595,1.05979
2013.03.18 00:06:39.850,1.05948,1.05975
2013.03.18 00:06:39.910,1.05948,1.05975
2013.03.18 00:06:41.829,1.05944,1.05968
2013.03.18 00:06:42.379,1.05948,1.05974
2013.03.18 00:06:42.498,1.05948,1.05974
2013.03.18 00:06:42.818,1.05949,1.05975
2013.03.18 00:06:42.939,1.05947,1.05973
2013.03.18 00:06:43.479,1.05942,1.05968
2013.03.18 00:06:43.969,1.05948,1.05974
2013.03.18 00:06:44.359,1.05947,1.05974
2013.03.18 00:06:44.779,1.05948,1.05974
2013.03.18 00:06:45.198,1.05951,1.05974
2013.03.18 00:06:45.739,1.05952,1.05979
2013.03.18 00:06:46.162,1.05953,1.0598
2013.03.18 00:06:48.190,1.0596,1.05986
2013.03.18 00:06:50.081,1.05959,1.05986
2013.03.18 00:06:50.260,1.05953,1.05979
2013.03.18 00:06:50.379,1.05951,1.05979
2013.03.18 00:06:50.689,1.0595,1.05974
2013.03.18 00:06:51.018,1.05949,1.05973
2013.03.18 00:06:51.079,1.05946,1.05969
2013.03.18 00:06:51.139,1.05943,1.05969
2013.03.18 00:06:52.270,1.05946,1.05969
2013.03.18 00:06:52.391,1.05947,1.05971
2013.03.18 00:06:52.569,1.05947,1.05975
2013.03.18 00:06:52.629,1.05954,1.05979
2013.03.18 00:06:52.689,1.05957,1.0598
2013.03.18 00:06:56.554,1.05957,1.05984
2013.03.18 00:06:57.295,1.05953,1.05979
2013.03.18 00:07:00.868,1.05955,1.05979
2013.03.18 00:07:01.879,1.05957,1.05981
2013.03.18 00:07:03.619,1.05961,1.05988
2013.03.18 00:07:03.798,1.05961,1.05989
2013.03.18 00:07:04.099,1.05964,1.0599
2013.03.18 00:07:04.464,1.05964,1.05989
2013.03.18 00:07:05.576,1.05961,1.05986
2013.03.18 00:07:05.638,1.05958,1.05986
2013.03.18 00:07:06.180,1.05961,1.05986
2013.03.18 00:07:08.570,1.05958,1.05986
2013.03.18 00:07:10.701,1.05956,1.05979
2013.03.18 00:07:10.770,1.05954,1.05979
2013.03.18 00:07:23.623,1.05956,1.05979
2013.03.18 00:07:29.700,1.05954,1.05979
2013.03.18 00:07:29.819,1.05954,1.05979
2013.03.18 00:07:29.999,1.05951,1.05977
2013.03.18 00:07:30.119,1.0595,1.05977
2013.03.18 00:07:30.239,1.05956,1.0598
2013.03.18 00:07:50.610,1.05954,1.05979
2013.03.18 00:08:03.889,1.05952,1.05978
2013.03.18 00:08:04.544,1.05954,1.05979
2013.03.18 00:08:04.999,1.05956,1.05979
2013.03.18 00:08:07.073,1.05959,1.05981
2013.03.18 00:08:07.250,1.05959,1.05984
2013.03.18 00:08:07.309,1.05961,1.05986
2013.03.18 00:08:07.641,1.05961,1.05988
2013.03.18 00:08:09.908,1.05961,1.05988
2013.03.18 00:08:10.089,1.05957,1.05979
2013.03.18 00:08:10.210,1.05957,1.05979
2013.03.18 00:08:10.390,1.05952,1.05979
2013.03.18 00:08:10.939,1.05952,1.05973
2013.03.18 00:08:13.343,1.05951,1.0597
2013.03.18 00:08:13.950,1.05951,1.05974
2013.03.18 00:08:14.819,1.05951,1.05979
2013.03.18 00:08:18.878,1.05953,1.05979
2013.03.18 00:08:19.238,1.05957,1.05981
2013.03.18 00:08:19.299,1.05959,1.05981
2013.03.18 00:08:19.538,1.05959,1.05984
2013.03.18 00:08:20.729,1.05959,1.05983
2013.03.18 00:08:22.505,1.05959,1.05984
2013.03.18 00:08:24.056,1.05961,1.05985
2013.03.18 00:08:24.301,1.05964,1.05989
2013.03.18 00:08:25.318,1.05964,1.05988
2013.03.18 00:08:25.379,1.05956,1.05984
2013.03.18 00:08:25.621,1.05959,1.05984
2013.03.18 00:08:25.801,1.05962,1.05988
2013.03.18 00:08:26.119,1.05964,1.05989
2013.03.18 00:08:26.829,1.05966,1.05993
2013.03.18 00:08:32.435,1.05962,1.05989
2013.03.18 00:08:32.922,1.05963,1.05989
2013.03.18 00:08:34.400,1.05963,1.0599
2013.03.18 00:08:34.520,1.05968,1.05994
2013.03.18 00:08:34.640,1.05966,1.05994
2013.03.18 00:08:35.571,1.05968,1.05994
2013.03.18 00:08:37.359,1.05967,1.05994
2013.03.18 00:08:37.659,1.05961,1.05989
2013.03.18 00:08:37.899,1.05963,1.05989
2013.03.18 00:08:40.880,1.05962,1.05989
2013.03.18 00:08:52.430,1.05963,1.05989
2013.03.18 00:08:57.138,1.05962,1.05989
2013.03.18 00:08:57.619,1.05962,1.0599
2013.03.18 00:09:07.059,1.05966,1.0599
2013.03.18 00:09:07.995,1.05963,1.0599
2013.03.18 00:09:17.759,1.05963,1.05989
2013.03.18 00:09:37.784,1.05962,1.05988
2013.03.18 00:09:43.019,1.05958,1.05984
2013.03.18 00:10:03.047,1.05961,1.05985
2013.03.18 00:10:08.112,1.05958,1.05988
2013.03.18 00:10:10.369,1.05956,1.05985
2013.03.18 00:10:10.670,1.05955,1.05981
2013.03.18 00:10:11.004,1.05954,1.05981
2013.03.18 00:10:20.659,1.05955,1.05981
2013.03.18 00:10:21.448,1.05957,1.05982
2013.03.18 00:10:22.010,1.05957,1.0598
2013.03.18 00:10:22.069,1.05953,1.05975
2013.03.18 00:10:22.129,1.05949,1.05969
2013.03.18 00:10:22.189,1.05945,1.05969
2013.03.18 00:10:22.249,1.0594,1.05964
2013.03.18 00:10:22.429,1.0594,1.05963
2013.03.18 00:10:23.810,1.05939,1.05963
2013.03.18 00:10:24.159,1.0594,1.05964
2013.03.18 00:10:29.632,1.0594,1.05964
2013.03.18 00:10:30.432,1.0594,1.05964
2013.03.18 00:10:31.168,1.0594,1.05964
2013.03.18 00:10:31.793,1.0594,1.05964
2013.03.18 00:10:32.390,1.0594,1.05964
2013.03.18 00:10:41.549,1.05946,1.05968
2013.03.18 00:10:41.669,1.05943,1.05967
2013.03.18 00:10:41.889,1.05946,1.05969
2013.03.18 00:10:41.949,1.05946,1.0597
2013.03.18 00:10:49.471,1.05946,1.05973
2013.03.18 00:10:55.539,1.05949,1.05974
2013.03.18 00:10:58.350,1.05949,1.05971
2013.03.18 00:10:59.259,1.05944,1.0597
2013.03.18 00:10:59.450,1.05946,1.05971
2013.03.18 00:11:02.372,1.05949,1.05974
2013.03.18 00:11:02.899,1.05947,1.05971
2013.03.18 00:11:04.824,1.05945,1.05969
2013.03.18 00:11:05.265,1.05947,1.05971
2013.03.18 00:11:05.669,1.05945,1.0597
2013.03.18 00:11:05.729,1.05942,1.05969
2013.03.18 00:11:05.849,1.05943,1.05969
2013.03.18 00:11:05.969,1.05943,1.05969
2013.03.18 00:11:06.090,1.05946,1.05971
2013.03.18 00:11:06.410,1.05947,1.05971
2013.03.18 00:11:08.810,1.05947,1.05971
2013.03.18 00:11:15.909,1.05948,1.05974
2013.03.18 00:11:18.971,1.05951,1.05974
2013.03.18 00:11:19.029,1.05952,1.05975
2013.03.18 00:11:19.371,1.05952,1.05975
2013.03.18 00:11:21.750,1.05947,1.05974
2013.03.18 00:11:22.091,1.05946,1.05974
2013.03.18 00:11:25.059,1.05946,1.05969
2013.03.18 00:11:25.682,1.05944,1.05968
2013.03.18 00:11:28.949,1.05945,1.05968
2013.03.18 00:11:29.069,1.05948,1.05973
2013.03.18 00:11:33.419,1.0595,1.05974
2013.03.18 00:11:33.600,1.05952,1.05975
2013.03.18 00:11:33.859,1.05952,1.05979
2013.03.18 00:11:34.039,1.05955,1.05979
2013.03.18 00:11:37.849,1.05957,1.05982
2013.03.18 00:11:38.873,1.05961,1.05985
2013.03.18 00:11:39.859,1.05958,1.05985
2013.03.18 00:11:44.839,1.05958,1.05981
2013.03.18 00:11:49.141,1.05963,1.0599
2013.03.18 00:11:49.460,1.05972,1.05997
2013.03.18 00:11:50.445,1.05974,1.05996
2013.03.18 00:12:00.329,1.05974,1.05998
2013.03.18 00:12:01.089,1.05977,1.06001
2013.03.18 00:12:10.007,1.05977,1.06001
2013.03.18 00:12:11.669,1.05981,1.06003
2013.03.18 00:12:11.730,1.05984,1.06004
2013.03.18 00:12:17.599,1.05984,1.06012
2013.03.18 00:12:22.108,1.05984,1.06012
2013.03.18 00:12:31.830,1.05982,1.06009
2013.03.18 00:12:35.668,1.05982,1.06009
2013.03.18 00:12:40.619,1.05982,1.06009
2013.03.18 00:12:44.588,1.05982,1.06009
2013.03.18 00:12:44.780,1.05985,1.06009
2013.03.18 00:12:45.508,1.05989,1.06015
2013.03.18 00:12:46.649,1.05989,1.06016
2013.03.18 00:12:48.699,1.0599,1.06016
2013.03.18 00:12:48.819,1.05992,1.06016
2013.03.18 00:12:49.127,1.05994,1.06021
2013.03.18 00:12:51.179,1.05995,1.06021
2013.03.18 00:12:52.841,1.05997,1.06022
2013.03.18 00:12:52.960,1.05996,1.06022
2013.03.18 00:12:53.320,1.06001,1.06026
2013.03.18 00:12:53.380,1.06001,1.06027
2013.03.18 00:12:58.078,1.06001,1.06028
2013.03.18 00:12:58.199,1.05996,1.06024
2013.03.18 00:12:58.439,1.05992,1.06019
2013.03.18 00:12:58.679,1.05993,1.0602
2013.03.18 00:12:58.859,1.05993,1.0602
2013.03.18 00:12:59.099,1.05993,1.06019
2013.03.18 00:12:59.619,1.05993,1.0602
2013.03.18 00:12:59.739,1.06002,1.06026
2013.03.18 00:12:59.861,1.05999,1.06026
2013.03.18 00:13:00.158,1.05997,1.0602
2013.03.18 00:13:00.218,1.05996,1.0602
2013.03.18 00:13:01.349,1.05998,1.06022
2013.03.18 00:13:01.409,1.06001,1.06027
2013.03.18 00:13:01.709,1.06002,1.06029
2013.03.18 00:13:01.830,1.06007,1.06033
2013.03.18 00:13:06.172,1.06007,1.06035
2013.03.18 00:13:06.719,1.06012,1.06038
2013.03.18 00:13:06.899,1.06011,1.06038
2013.03.18 00:13:10.682,1.06008,1.06032
2013.03.18 00:13:10.740,1.06007,1.06032
2013.03.18 00:13:11.159,1.06005,1.06029
2013.03.18 00:13:13.080,1.06005,1.06029
2013.03.18 00:13:13.199,1.06003,1.06027
2013.03.18 00:13:13.259,1.06002,1.06027
2013.03.18 00:13:15.819,1.06,1.06027
2013.03.18 00:13:20.298,1.06,1.06026
2013.03.18 00:13:22.949,1.06,1.06027
2013.03.18 00:13:25.641,1.05995,1.06022
2013.03.18 00:13:26.093,1.05991,1.06016
2013.03.18 00:13:26.219,1.0599,1.06016
2013.03.18 00:13:26.969,1.05986,1.06011
2013.03.18 00:13:27.370,1.05984,1.06011
2013.03.18 00:13:27.549,1.05982,1.06006
2013.03.18 00:13:31.848,1.05982,1.06007
2013.03.18 00:13:32.618,1.05982,1.06006
2013.03.18 00:13:34.970,1.05981,1.06008
2013.03.18 00:13:35.239,1.05976,1.06004
2013.03.18 00:13:36.059,1.05976,1.06004
2013.03.18 00:13:36.965,1.05981,1.06006
2013.03.18 00:13:37.029,1.05981,1.06007
2013.03.18 00:13:37.579,1.05981,1.06008
2013.03.18 00:13:39.343,1.0598,1.06007
2013.03.18 00:13:39.399,1.05976,1.05998
2013.03.18 00:13:39.459,1.05971,1.05998
2013.03.18 00:13:39.579,1.05972,1.06
2013.03.18 00:13:39.729,1.05977,1.06001
2013.03.18 00:13:39.852,1.05977,1.06002
2013.03.18 00:13:41.009,1.05977,1.06002
2013.03.18 00:13:41.129,1.05975,1.06001
2013.03.18 00:13:41.249,1.05971,1.05997
2013.03.18 00:13:41.369,1.05971,1.05993
2013.03.18 00:13:44.849,1.05971,1.05993
2013.03.18 00:13:45.088,1.05962,1.05989
2013.03.18 00:13:46.598,1.05961,1.05988
2013.03.18 00:13:46.719,1.05956,1.05983
2013.03.18 00:13:47.479,1.05957,1.05984
2013.03.18 00:13:51.327,1.05957,1.05983
2013.03.18 00:13:53.307,1.05957,1.05983
2013.03.18 00:13:55.617,1.05957,1.05983
2013.03.18 00:14:01.339,1.0596,1.05985
2013.03.18 00:14:01.699,1.05967,1.05993
2013.03.18 00:14:01.939,1.05967,1.05993
2013.03.18 00:14:09.529,1.05961,1.05988
2013.03.18 00:14:09.588,1.05961,1.05987
2013.03.18 00:14:10.379,1.0596,1.05987
2013.03.18 00:14:30.386,1.05961,1.05985
2013.03.18 00:14:33.797,1.05961,1.05987
2013.03.18 00:14:33.979,1.05961,1.05989
2013.03.18 00:14:34.039,1.05964,1.05989
2013.03.18 00:14:34.160,1.05965,1.05989
2013.03.18 00:14:34.519,1.05967,1.05992
2013.03.18 00:14:39.562,1.05966,1.0599
2013.03.18 00:14:39.980,1.05961,1.05988
2013.03.18 00:14:40.051,1.05961,1.05985
2013.03.18 00:14:46.284,1.05956,1.0598
2013.03.18 00:14:46.589,1.05953,1.05978
2013.03.18 00:14:46.769,1.05951,1.05975
2013.03.18 00:14:46.950,1.05951,1.05975
2013.03.18 00:14:47.129,1.05948,1.05975
2013.03.18 00:14:47.190,1.05947,1.0597
2013.03.18 00:14:47.770,1.05946,1.0597
2013.03.18 00:14:49.069,1.05944,1.0597
2013.03.18 00:14:49.309,1.05946,1.0597
2013.03.18 00:14:49.669,1.05947,1.0597
2013.03.18 00:14:50.009,1.05949,1.05977
2013.03.18 00:14:50.132,1.05949,1.05977
2013.03.18 00:14:51.441,1.05951,1.05977
2013.03.18 00:14:52.243,1.05954,1.05982
2013.03.18 00:14:52.660,1.05954,1.05982
2013.03.18 00:14:57.840,1.05955,1.05982
2013.03.18 00:15:00.281,1.05955,1.05982
2013.03.18 00:15:00.340,1.05955,1.05982
2013.03.18 00:15:00.699,1.05955,1.05982
2013.03.18 00:15:07.339,1.05955,1.05981
2013.03.18 00:15:07.459,1.05956,1.05982
2013.03.18 00:15:07.760,1.0596,1.05986
2013.03.18 00:15:08.110,1.05965,1.05991
2013.03.18 00:15:08.360,1.05965,1.05991
2013.03.18 00:15:11.320,1.0596,1.05986
2013.03.18 00:15:11.620,1.05959,1.05986
2013.03.18 00:15:12.281,1.0596,1.05986
2013.03.18 00:15:12.854,1.05963,1.05991
2013.03.18 00:15:14.366,1.05963,1.05991
2013.03.18 00:15:16.512,1.05962,1.05986
2013.03.18 00:15:17.104,1.0596,1.05986
2013.03.18 00:15:26.819,1.05964,1.05992
2013.03.18 00:15:28.840,1.05966,1.05992
2013.03.18 00:15:28.899,1.05969,1.05997
2013.03.18 00:15:29.670,1.05971,1.05997
2013.03.18 00:15:31.179,1.05972,1.05999
2013.03.18 00:15:31.949,1.05977,1.06003
2013.03.18 00:15:32.369,1.0598,1.06006
2013.03.18 00:15:32.900,1.05982,1.06006
2013.03.18 00:15:32.959,1.05983,1.06012
2013.03.18 00:15:33.850,1.05983,1.06012
2013.03.18 00:15:36.000,1.05981,1.06006
2013.03.18 00:15:40.234,1.05981,1.06009
2013.03.18 00:15:54.189,1.05978,1.06005
2013.03.18 00:15:54.430,1.0598,1.06005
2013.03.18 00:15:54.790,1.05984,1.06011
2013.03.18 00:15:56.565,1.05984,1.06011
2013.03.18 00:16:01.009,1.05985,1.06011
2013.03.18 00:16:01.130,1.05989,1.06015
2013.03.18 00:16:01.630,1.0599,1.06015
2013.03.18 00:16:05.035,1.05991,1.06015
2013.03.18 00:16:05.500,1.05987,1.06013
2013.03.18 00:16:05.559,1.05985,1.06011
2013.03.18 00:16:05.619,1.05983,1.06009
2013.03.18 00:16:05.921,1.05981,1.06004
2013.03.18 00:16:05.982,1.0598,1.06004
2013.03.18 00:16:06.220,1.05976,1.06
2013.03.18 00:16:06.580,1.05972,1.06
2013.03.18 00:16:07.449,1.05978,1.06002
2013.03.18 00:16:09.369,1.05978,1.06003
2013.03.18 00:16:10.349,1.05978,1.06003
2013.03.18 00:16:10.609,1.05972,1.05997
2013.03.18 00:16:15.260,1.05977,1.05997
2013.03.18 00:16:16.306,1.05974,1.05999
2013.03.18 00:16:16.370,1.05972,1.05999
2013.03.18 00:16:18.360,1.05972,1.05998
2013.03.18 00:16:18.480,1.05968,1.05995
2013.03.18 00:16:18.900,1.05967,1.05989
2013.03.18 00:16:19.019,1.05965,1.05989
2013.03.18 00:16:19.200,1.05966,1.05989
2013.03.18 00:16:24.719,1.05967,1.05989
2013.03.18 00:16:24.780,1.05968,1.05992
2013.03.18 00:16:44.872,1.05968,1.05994
2013.03.18 00:16:48.809,1.05967,1.05994
2013.03.18 00:16:49.340,1.05963,1.05987
2013.03.18 00:17:01.570,1.05963,1.05989
2013.03.18 00:17:02.019,1.05966,1.0599
2013.03.18 00:17:10.810,1.05971,1.05998
2013.03.18 00:17:11.310,1.05966,1.05992
2013.03.18 00:17:11.369,1.05966,1.05992
2013.03.18 00:17:11.429,1.05961,1.05988
2013.03.18 00:17:11.610,1.05957,1.05984
2013.03.18 00:17:11.669,1.05956,1.05983
2013.03.18 00:17:19.450,1.05951,1.05978
2013.03.18 00:17:19.569,1.05947,1.05973
2013.03.18 00:17:19.630,1.05947,1.05971
2013.03.18 00:17:20.860,1.05951,1.05977
2013.03.18 00:17:21.729,1.05955,1.05981
2013.03.18 00:17:35.731,1.05956,1.05982
2013.03.18 00:17:37.119,1.05956,1.05983
2013.03.18 00:17:38.369,1.05961,1.05987
2013.03.18 00:17:42.359,1.05962,1.05987
2013.03.18 00:17:42.420,1.05964,1.05989
2013.03.18 00:17:42.480,1.05966,1.05991
2013.03.18 00:17:46.114,1.05967,1.05994
2013.03.18 00:17:46.301,1.05971,1.05996
2013.03.18 00:17:47.271,1.05966,1.05993
2013.03.18 00:17:47.451,1.05966,1.05991
2013.03.18 00:17:47.510,1.05965,1.05989
2013.03.18 00:17:47.880,1.05962,1.05986
2013.03.18 00:17:48.250,1.05962,1.05986
2013.03.18 00:17:50.844,1.05959,1.05986
2013.03.18 00:18:00.909,1.05962,1.05986
2013.03.18 00:18:04.819,1.05959,1.05986
2013.03.18 00:18:05.809,1.05962,1.05986
2013.03.18 00:18:05.972,1.05962,1.05986
2013.03.18 00:18:06.323,1.05965,1.05991
2013.03.18 00:18:09.972,1.05962,1.05985
2013.03.18 00:18:10.045,1.05958,1.05985
2013.03.18 00:18:10.111,1.05958,1.05985
2013.03.18 00:18:13.000,1.05964,1.05991
2013.03.18 00:18:13.119,1.05965,1.05991
2013.03.18 00:18:13.559,1.05968,1.05996
2013.03.18 00:18:18.563,1.0597,1.05996
2013.03.18 00:18:19.333,1.05968,1.05996
2013.03.18 00:18:26.071,1.0597,1.05996
2013.03.18 00:18:26.190,1.05971,1.05998
2013.03.18 00:18:35.659,1.05975,1.06001
2013.03.18 00:18:36.382,1.05974,1.06001
2013.03.18 00:18:40.590,1.05975,1.06001
2013.03.18 00:18:41.560,1.05976,1.06002
2013.03.18 00:18:45.293,1.0598,1.06006
2013.03.18 00:18:46.283,1.0598,1.06008
2013.03.18 00:18:46.400,1.05987,1.06008
2013.03.18 00:18:47.079,1.05987,1.06014
2013.03.18 00:18:47.500,1.05992,1.06018
2013.03.18 00:18:50.200,1.05992,1.06018
2013.03.18 00:18:52.260,1.05995,1.06018
2013.03.18 00:18:52.644,1.06,1.06025
2013.03.18 00:18:54.290,1.05998,1.06025
2013.03.18 00:18:54.349,1.05996,1.06025
2013.03.18 00:19:00.741,1.06,1.06027
2013.03.18 00:19:00.980,1.05997,1.06024
2013.03.18 00:19:02.400,1.05997,1.06024
2013.03.18 00:19:02.460,1.06,1.06027
2013.03.18 00:19:02.820,1.06008,1.0603
2013.03.18 00:19:03.360,1.06011,1.06037
2013.03.18 00:19:03.720,1.06013,1.06037
2013.03.18 00:19:04.080,1.06016,1.06045
2013.03.18 00:19:05.230,1.06014,1.0604
2013.03.18 00:19:05.882,1.06014,1.0604
2013.03.18 00:19:05.999,1.06015,1.06042
2013.03.18 00:19:06.120,1.06015,1.06042
2013.03.18 00:19:06.480,1.06018,1.06045
2013.03.18 00:19:06.839,1.06022,1.06049
2013.03.18 00:19:06.900,1.06022,1.06049
2013.03.18 00:19:11.031,1.06017,1.06046
2013.03.18 00:19:11.362,1.06017,1.06046
2013.03.18 00:19:11.751,1.06012,1.06038
2013.03.18 00:19:12.133,1.06011,1.06038
2013.03.18 00:19:12.792,1.06011,1.06037
2013.03.18 00:19:19.110,1.06011,1.06037
2013.03.18 00:19:19.529,1.06008,1.06033
2013.03.18 00:19:24.342,1.06008,1.06033
2013.03.18 00:19:25.591,1.06012,1.06033
2013.03.18 00:19:25.770,1.06013,1.0604
2013.03.18 00:19:26.129,1.06017,1.06042
2013.03.18 00:19:26.450,1.06019,1.06045
2013.03.18 00:19:26.812,1.06021,1.06046
2013.03.18 00:19:27.750,1.06013,1.06039
2013.03.18 00:19:27.870,1.06012,1.06039
2013.03.18 00:19:28.473,1.06013,1.06039
2013.03.18 00:19:32.422,1.06014,1.0604
2013.03.18 00:19:41.090,1.06017,1.06043
2013.03.18 00:19:41.150,1.06018,1.06043
2013.03.18 00:19:41.510,1.06027,1.06053
2013.03.18 00:19:41.828,1.06027,1.06053
2013.03.18 00:19:42.362,1.06027,1.06053
2013.03.18 00:19:42.607,1.06023,1.06049
2013.03.18 00:19:42.670,1.06023,1.06049
2013.03.18 00:19:43.270,1.06018,1.06044
2013.03.18 00:19:43.579,1.06018,1.06044
2013.03.18 00:19:43.810,1.06018,1.06044
2013.03.18 00:19:43.989,1.06022,1.06048
2013.03.18 00:19:44.352,1.06022,1.06048
2013.03.18 00:19:44.830,1.06017,1.06044
2013.03.18 00:19:45.271,1.06022,1.06048
2013.03.18 00:19:45.610,1.06019,1.06044
2013.03.18 00:19:48.329,1.06012,1.06038
2013.03.18 00:19:57.161,1.06011,1.06034
2013.03.18 00:19:57.586,1.06011,1.06033
2013.03.18 00:20:00.387,1.06007,1.06032
2013.03.18 00:20:03.351,1.06007,1.06028
2013.03.18 00:20:04.100,1.06006,1.06028
2013.03.18 00:20:09.180,1.06006,1.06032
2013.03.18 00:20:18.351,1.06006,1.06033
2013.03.18 00:20:18.531,1.06011,1.06036
2013.03.18 00:20:18.830,1.06011,1.06039
2013.03.18 00:20:18.891,1.06016,1.06042
2013.03.18 00:20:19.190,1.06016,1.06042
2013.03.18 00:20:19.310,1.0602,1.06043
2013.03.18 00:20:22.110,1.06021,1.06047
2013.03.18 00:20:26.781,1.0602,1.06047
2013.03.18 00:20:30.440,1.06021,1.06047
2013.03.18 00:20:31.841,1.06021,1.06048
2013.03.18 00:20:35.730,1.06026,1.06053
2013.03.18 00:20:43.234,1.06025,1.06053
2013.03.18 00:20:44.381,1.06026,1.06053
2013.03.18 00:20:46.550,1.06027,1.06053
2013.03.18 00:20:46.910,1.06031,1.06057
2013.03.18 00:20:47.580,1.06033,1.06057
2013.03.18 00:20:47.839,1.06031,1.06057
2013.03.18 00:20:49.722,1.06031,1.06057
2013.03.18 00:20:49.900,1.06033,1.06057
2013.03.18 00:20:50.020,1.06031,1.06057
2013.03.18 00:20:50.140,1.06031,1.06057
2013.03.18 00:20:50.200,1.0603,1.06052
2013.03.18 00:20:50.380,1.0603,1.06054
2013.03.18 00:20:50.740,1.06027,1.06052
2013.03.18 00:20:51.280,1.06027,1.0605
2013.03.18 00:20:53.269,1.06025,1.06053
2013.03.18 00:20:54.450,1.06022,1.06047
2013.03.18 00:20:57.124,1.06023,1.06047
2013.03.18 00:20:57.403,1.06027,1.06052
2013.03.18 00:20:57.523,1.06029,1.06054
2013.03.18 00:20:57.910,1.06031,1.06057
2013.03.18 00:20:58.474,1.06035,1.06057
2013.03.18 00:21:02.891,1.06036,1.06063
2013.03.18 00:21:03.071,1.06039,1.06067
2013.03.18 00:21:03.662,1.06041,1.06067
2013.03.18 00:21:04.431,1.06037,1.06062
2013.03.18 00:21:05.911,1.06038,1.06064
2013.03.18 00:21:05.970,1.06041,1.06064
2013.03.18 00:21:07.851,1.06046,1.06069
2013.03.18 00:21:08.752,1.06043,1.06067
2013.03.18 00:21:14.875,1.06041,1.06067
2013.03.18 00:21:21.622,1.06043,1.06068
2013.03.18 00:21:21.911,1.06045,1.06069
2013.03.18 00:21:22.680,1.0605,1.06074
2013.03.18 00:21:22.803,1.0605,1.06077
2013.03.18 00:21:25.551,1.06049,1.06072
2013.03.18 00:21:26.101,1.06048,1.06072
2013.03.18 00:21:26.400,1.06043,1.06067
2013.03.18 00:21:27.311,1.06041,1.06067
2013.03.18 00:21:40.401,1.0604,1.06067
2013.03.18 00:21:41.640,1.06042,1.06067
2013.03.18 00:21:44.191,1.0604,1.06067
2013.03.18 00:21:44.872,1.06037,1.06062
2013.03.18 00:21:48.200,1.06036,1.06058
2013.03.18 00:21:48.901,1.06032,1.06058
2013.03.18 00:21:50.363,1.06032,1.06058
2013.03.18 00:21:51.541,1.06032,1.06058
2013.03.18 00:21:52.260,1.06032,1.06055
2013.03.18 00:21:52.620,1.06037,1.06062
2013.03.18 00:21:52.680,1.06037,1.06062
2013.03.18 00:21:54.630,1.06037,1.06064
2013.03.18 00:21:56.345,1.06037,1.06064
2013.03.18 00:22:00.340,1.06037,1.06064
2013.03.18 00:22:00.579,1.06033,1.06059
2013.03.18 00:22:01.560,1.06036,1.0606
2013.03.18 00:22:04.053,1.06036,1.06058
2013.03.18 00:22:07.675,1.06032,1.06058
2013.03.18 00:22:09.210,1.06032,1.06058
2013.03.18 00:22:09.270,1.06035,1.06063
2013.03.18 00:22:09.510,1.06037,1.06063
2013.03.18 00:22:09.570,1.06037,1.06063
2013.03.18 00:22:10.072,1.06042,1.06065
2013.03.18 00:22:19.590,1.06044,1.06069
2013.03.18 00:22:19.710,1.06046,1.06074
2013.03.18 00:22:20.050,1.0605,1.06079
2013.03.18 00:22:20.758,1.06047,1.06078
2013.03.18 00:22:22.350,1.06047,1.06078
2013.03.18 00:22:22.470,1.06047,1.06074
2013.03.18 00:22:22.650,1.06045,1.06074
2013.03.18 00:22:25.100,1.06048,1.06076
2013.03.18 00:22:25.341,1.06049,1.06078
2013.03.18 00:22:25.731,1.06052,1.06079
2013.03.18 00:22:25.910,1.06052,1.06079
2013.03.18 00:22:30.160,1.06055,1.0608
2013.03.18 00:22:30.341,1.06057,1.06084
2013.03.18 00:22:31.490,1.06054,1.0608
2013.03.18 00:22:31.550,1.06053,1.06079
2013.03.18 00:22:31.802,1.06053,1.06079
2013.03.18 00:22:33.342,1.06052,1.06079
2013.03.18 00:22:34.151,1.06047,1.06075
2013.03.18 00:22:40.920,1.06048,1.06074
2013.03.18 00:22:41.434,1.06048,1.06074
2013.03.18 00:22:43.140,1.06047,1.06074
2013.03.18 00:22:46.570,1.06048,1.06075
2013.03.18 00:22:46.630,1.06049,1.06076
2013.03.18 00:22:49.600,1.06049,1.06078
2013.03.18 00:22:50.131,1.06049,1.06078
2013.03.18 00:22:52.981,1.06044,1.06071
2013.03.18 00:22:53.340,1.06042,1.06066
2013.03.18 00:22:53.874,1.0604,1.06066
2013.03.18 00:22:55.301,1.0604,1.06066
2013.03.18 00:22:55.720,1.06034,1.0606
2013.03.18 00:22:55.933,1.06032,1.0606
2013.03.18 00:22:56.200,1.0603,1.06054
2013.03.18 00:22:58.240,1.06033,1.06057
2013.03.18 00:22:58.440,1.06034,1.0606
2013.03.18 00:22:59.861,1.06034,1.0606
2013.03.18 00:23:09.141,1.06032,1.06055
2013.03.18 00:23:09.693,1.06028,1.06055
2013.03.18 00:23:10.589,1.06028,1.06057
2013.03.18 00:23:12.030,1.06033,1.06059
2013.03.18 00:23:12.452,1.06036,1.06059
2013.03.18 00:23:12.630,1.06039,1.06063
2013.03.18 00:23:13.889,1.06036,1.06062
2013.03.18 00:23:14.372,1.06039,1.06063
2013.03.18 00:23:17.231,1.06036,1.06062
2013.03.18 00:23:17.350,1.06032,1.06058
2013.03.18 00:23:17.801,1.06032,1.06058
2013.03.18 00:23:26.240,1.06032,1.06058
2013.03.18 00:23:30.071,1.06027,1.06053
2013.03.18 00:23:38.221,1.06022,1.06048
2013.03.18 00:23:38.580,1.06022,1.06048
2013.03.18 00:23:39.121,1.06021,1.06048
2013.03.18 00:23:39.360,1.06016,1.06041
2013.03.18 00:23:39.541,1.06016,1.06041
2013.03.18 00:23:39.960,1.06016,1.06042
2013.03.18 00:23:40.320,1.06021,1.06044
2013.03.18 00:23:41.910,1.06021,1.06046
2013.03.18 00:24:00.130,1.06021,1.06048
2013.03.18 00:24:08.250,1.06019,1.06044
2013.03.18 00:24:16.913,1.06017,1.06043
2013.03.18 00:24:17.270,1.06012,1.06038
2013.03.18 00:24:17.582,1.06012,1.06036
2013.03.18 00:24:17.642,1.0601,1.06032
2013.03.18 00:24:17.701,1.06011,1.06029
2013.03.18 00:24:18.071,1.06001,1.06025
2013.03.18 00:24:18.670,1.06,1.06025
2013.03.18 00:24:18.850,1.06001,1.06028
2013.03.18 00:24:19.210,1.06004,1.0603
2013.03.18 00:24:19.390,1.06002,1.06028
2013.03.18 00:24:20.930,1.05998,1.06025
2013.03.18 00:24:23.240,1.06002,1.06028
2013.03.18 00:24:23.360,1.06004,1.06029
2013.03.18 00:24:27.077,1.06001,1.06029
2013.03.18 00:24:27.200,1.05999,1.06024
2013.03.18 00:24:27.560,1.05996,1.06023
2013.03.18 00:24:28.490,1.06001,1.06028
2013.03.18 00:24:28.730,1.05998,1.06022
2013.03.18 00:24:28.911,1.05994,1.06019
2013.03.18 00:24:29.090,1.05991,1.06017
2013.03.18 00:24:29.630,1.05991,1.06017
2013.03.18 00:24:30.817,1.05989,1.06017
2013.03.18 00:24:31.860,1.05991,1.06017
2013.03.18 00:24:38.650,1.05991,1.06018
2013.03.18 00:24:38.890,1.05992,1.06018
2013.03.18 00:24:39.070,1.05991,1.06017
2013.03.18 00:24:39.670,1.05995,1.06021
2013.03.18 00:24:46.920,1.05995,1.06021
2013.03.18 00:24:47.490,1.05997,1.06021
2013.03.18 00:24:47.610,1.06001,1.06024
2013.03.18 00:24:56.620,1.06001,1.06027
2013.03.18 00:24:57.179,1.06001,1.06027
2013.03.18 00:25:02.301,1.06001,1.06027
2013.03.18 00:25:03.837,1.06001,1.06027
2013.03.18 00:25:05.046,1.06001,1.06027
2013.03.18 00:25:06.831,1.06002,1.06027
2013.03.18 00:25:06.951,1.06002,1.06029
2013.03.18 00:25:07.371,1.06006,1.06033
2013.03.18 00:25:09.901,1.06003,1.06027
2013.03.18 00:25:10.020,1.06002,1.06027
2013.03.18 00:25:10.327,1.06002,1.06027
2013.03.18 00:25:16.270,1.05997,1.06022
2013.03.18 00:25:16.450,1.06,1.06027
2013.03.18 00:25:16.630,1.05996,1.06022
2013.03.18 00:25:27.620,1.05998,1.06024
2013.03.18 00:25:27.941,1.06003,1.06027
2013.03.18 00:25:28.230,1.06001,1.06025
2013.03.18 00:25:28.807,1.05999,1.06025
2013.03.18 00:25:29.136,1.06,1.06025
2013.03.18 00:25:30.567,1.06,1.06027
2013.03.18 00:25:30.761,1.06005,1.06029
2013.03.18 00:25:31.061,1.06,1.06027
2013.03.18 00:25:31.180,1.06,1.06025
2013.03.18 00:25:39.037,1.06,1.06027
2013.03.18 00:25:39.161,1.06007,1.06032
2013.03.18 00:25:39.680,1.06011,1.06035
2013.03.18 00:25:39.860,1.06012,1.06038
2013.03.18 00:25:42.544,1.06011,1.06033
2013.03.18 00:25:42.672,1.06008,1.06032
2013.03.18 00:25:42.793,1.06006,1.06032
2013.03.18 00:25:43.150,1.06008,1.06034
2013.03.18 00:25:43.674,1.06011,1.06037
2013.03.18 00:25:44.030,1.06013,1.06039
2013.03.18 00:25:44.390,1.06016,1.06042
2013.03.18 00:25:56.341,1.06012,1.06039
2013.03.18 00:26:05.380,1.06011,1.06038
2013.03.18 00:26:05.721,1.06012,1.06038
2013.03.18 00:26:05.960,1.06017,1.06044
2013.03.18 00:26:06.080,1.06021,1.06045
2013.03.18 00:26:09.060,1.06026,1.06052
2013.03.18 00:26:09.361,1.06031,1.06054
2013.03.18 00:26:10.662,1.06027,1.06053
2013.03.18 00:26:10.721,1.06027,1.06053
2013.03.18 00:26:10.841,1.06026,1.06053
2013.03.18 00:26:11.671,1.06026,1.06053
2013.03.18 00:26:12.050,1.06027,1.06053
2013.03.18 00:26:12.590,1.06033,1.06057
2013.03.18 00:26:12.901,1.06031,1.06057
2013.03.18 00:26:13.140,1.06033,1.06059
2013.03.18 00:26:13.321,1.06036,1.06064
2013.03.18 00:26:13.380,1.06037,1.06063
2013.03.18 00:26:13.625,1.06036,1.06063
2013.03.18 00:26:14.171,1.06036,1.06062
2013.03.18 00:26:14.291,1.06031,1.06057
2013.03.18 00:26:14.351,1.06031,1.06058
2013.03.18 00:26:14.681,1.06031,1.06055
2013.03.18 00:26:14.741,1.06029,1.06054
2013.03.18 00:26:15.042,1.06027,1.06051
2013.03.18 00:26:16.097,1.06022,1.06048
2013.03.18 00:26:23.500,1.06026,1.06051
2013.03.18 00:26:24.381,1.06026,1.06053
2013.03.18 00:26:24.860,1.06026,1.06051
2013.03.18 00:26:25.620,1.06026,1.06052
2013.03.18 00:26:25.802,1.06031,1.06055
2013.03.18 00:26:25.861,1.0603,1.06055
2013.03.18 00:26:26.381,1.06031,1.06055
2013.03.18 00:26:27.380,1.06031,1.06055
2013.03.18 00:26:30.321,1.06027,1.06051
2013.03.18 00:26:30.381,1.06026,1.06051
2013.03.18 00:26:31.120,1.06025,1.06051
2013.03.18 00:26:31.301,1.06022,1.06046
2013.03.18 00:26:31.541,1.06017,1.0604
2013.03.18 00:26:31.600,1.06014,1.0604
2013.03.18 00:26:33.860,1.06014,1.06041
2013.03.18 00:26:34.101,1.06018,1.06045
2013.03.18 00:26:34.401,1.06018,1.06045
2013.03.18 00:26:34.581,1.06013,1.0604
2013.03.18 00:26:37.130,1.06013,1.0604
2013.03.18 00:26:37.890,1.06014,1.06041
2013.03.18 00:26:38.071,1.0602,1.06046
2013.03.18 00:26:46.035,1.06019,1.06046
2013.03.18 00:26:49.580,1.06019,1.06046
2013.03.18 00:26:50.170,1.06013,1.0604
2013.03.18 00:27:00.885,1.06016,1.0604
2013.03.18 00:27:02.463,1.06019,1.06046
2013.03.18 00:27:10.592,1.06017,1.06041
2013.03.18 00:27:11.082,1.06016,1.06041
2013.03.18 00:27:11.150,1.06015,1.06041
2013.03.18 00:27:12.355,1.06015,1.06041
2013.03.18 00:27:16.921,1.06015,1.06041
2013.03.18 00:27:17.701,1.06015,1.06041
2013.03.18 00:27:20.825,1.06016,1.06041
2013.03.18 00:27:26.072,1.06015,1.06039
2013.03.18 00:27:26.431,1.06011,1.06037
2013.03.18 00:27:26.611,1.06011,1.06037
2013.03.18 00:27:26.732,1.06006,1.06032
2013.03.18 00:27:26.971,1.06011,1.06035
2013.03.18 00:27:27.391,1.06008,1.06035
2013.03.18 00:27:27.743,1.06006,1.06031
2013.03.18 00:27:27.821,1.06003,1.06031
2013.03.18 00:27:29.371,1.06003,1.06031
2013.03.18 00:27:30.342,1.06005,1.06031
2013.03.18 00:27:31.400,1.06006,1.06031
2013.03.18 00:27:31.882,1.06005,1.06031
2013.03.18 00:27:36.951,1.06006,1.06031
2013.03.18 00:27:37.332,1.06005,1.06031
2013.03.18 00:27:39.741,1.06005,1.06031
2013.03.18 00:27:40.401,1.06005,1.06031
2013.03.18 00:27:42.390,1.06003,1.06031
2013.03.18 00:27:42.920,1.06005,1.06031
2013.03.18 00:27:43.073,1.06003,1.06031
2013.03.18 00:27:43.610,1.06003,1.06031
2013.03.18 00:27:43.790,1.06,1.06026
2013.03.18 00:27:43.850,1.06,1.06026
2013.03.18 00:27:44.420,1.05999,1.06026
2013.03.18 00:27:44.741,1.05994,1.0602
2013.03.18 00:27:44.801,1.05991,1.06014
2013.03.18 00:27:44.861,1.05991,1.06016
2013.03.18 00:27:45.781,1.05995,1.06019
2013.03.18 00:27:48.144,1.05995,1.06022
2013.03.18 00:27:49.004,1.05997,1.06024
2013.03.18 00:27:49.131,1.05997,1.06024
2013.03.18 00:27:50.090,1.05997,1.06022
2013.03.18 00:27:50.272,1.05993,1.06019
2013.03.18 00:27:53.181,1.05995,1.06019
2013.03.18 00:27:53.241,1.05999,1.06026
2013.03.18 00:27:53.660,1.05999,1.06026
2013.03.18 00:27:53.861,1.05999,1.06026
2013.03.18 00:27:57.011,1.05997,1.0602
2013.03.18 00:27:57.131,1.05996,1.0602
2013.03.18 00:27:57.191,1.05994,1.0602
2013.03.18 00:27:59.650,1.05992,1.06016
2013.03.18 00:27:59.845,1.0599,1.06016
2013.03.18 00:28:00.080,1.0599,1.06016
2013.03.18 00:28:00.320,1.05989,1.06016
2013.03.18 00:28:01.930,1.05989,1.06016
2013.03.18 00:28:02.050,1.05989,1.06011
2013.03.18 00:28:02.231,1.0599,1.06013
2013.03.18 00:28:02.291,1.05991,1.06014
2013.03.18 00:28:02.832,1.05995,1.06021
2013.03.18 00:28:03.081,1.05996,1.06021
2013.03.18 00:28:03.201,1.05996,1.06022
2013.03.18 00:28:03.854,1.06,1.06026
2013.03.18 00:28:06.320,1.05995,1.06021
2013.03.18 00:28:18.323,1.05994,1.06021
2013.03.18 00:28:18.561,1.05995,1.06021
2013.03.18 00:28:43.851,1.05996,1.06022
2013.03.18 00:28:46.913,1.06001,1.06024
2013.03.18 00:28:47.242,1.06001,1.06025
2013.03.18 00:28:50.123,1.05999,1.06025
2013.03.18 00:28:50.401,1.05997,1.06025
2013.03.18 00:28:59.793,1.05999,1.06025
2013.03.18 00:29:00.272,1.06003,1.06028
2013.03.18 00:29:00.393,1.06005,1.06033
2013.03.18 00:29:00.611,1.06005,1.06031
2013.03.18 00:29:00.731,1.06007,1.06031
2013.03.18 00:29:01.124,1.06005,1.06031
2013.03.18 00:29:06.111,1.06003,1.06031
2013.03.18 00:29:06.304,1.06005,1.06031
2013.03.18 00:29:07.103,1.06005,1.06033
2013.03.18 00:29:07.284,1.06011,1.06037
2013.03.18 00:29:08.242,1.06007,1.06033
2013.03.18 00:29:11.151,1.06005,1.06031
2013.03.18 00:29:11.333,1.06001,1.06025
2013.03.18 00:29:11.392,1.06003,1.06028
2013.03.18 00:29:16.092,1.06001,1.06025
2013.03.18 00:29:18.861,1.05998,1.06025
2013.03.18 00:29:19.522,1.05995,1.06019
2013.03.18 00:29:24.105,1.05992,1.06019
2013.03.18 00:29:25.373,1.05995,1.06019
2013.03.18 00:29:43.601,1.05991,1.06019
2013.03.18 00:29:48.761,1.05996,1.06022
2013.03.18 00:29:57.371,1.05992,1.0602
2013.03.18 00:29:57.432,1.05991,1.06017
2013.03.18 00:29:57.792,1.0599,1.06014
2013.03.18 00:29:58.293,1.05991,1.06014
2013.03.18 00:30:01.612,1.05991,1.06014
2013.03.18 00:30:02.132,1.05993,1.06019
2013.03.18 00:30:03.043,1.05992,1.06019
2013.03.18 00:30:03.425,1.0599,1.06009
2013.03.18 00:30:03.553,1.05989,1.06012
2013.03.18 00:30:03.611,1.05989,1.06012
2013.03.18 00:30:04.101,1.05988,1.06014
2013.03.18 00:30:06.032,1.05992,1.06018
2013.03.18 00:30:06.092,1.05992,1.06019
2013.03.18 00:30:06.212,1.05996,1.06019
2013.03.18 00:30:06.573,1.05998,1.06024
2013.03.18 00:30:06.633,1.06003,1.06029
2013.03.18 00:30:06.872,1.06002,1.06029
2013.03.18 00:30:09.983,1.06004,1.06029
2013.03.18 00:30:10.165,1.06001,1.06029
2013.03.18 00:30:10.351,1.06002,1.06028
2013.03.18 00:30:10.663,1.06007,1.06028
2013.03.18 00:30:10.788,1.06002,1.06028
2013.03.18 00:30:10.914,1.06006,1.06033
2013.03.18 00:30:11.633,1.06,1.06025
2013.03.18 00:30:11.941,1.06,1.06025
2013.03.18 00:30:12.881,1.05993,1.0602
2013.03.18 00:30:15.613,1.05996,1.0602
2013.03.18 00:30:15.792,1.05997,1.0602
2013.03.18 00:30:16.301,1.05999,1.06026
2013.03.18 00:30:17.592,1.06,1.06026
2013.03.18 00:30:17.871,1.06004,1.06027
2013.03.18 00:30:18.581,1.06004,1.06028
2013.03.18 00:30:20.101,1.05998,1.06026
2013.03.18 00:30:23.203,1.06,1.06026
2013.03.18 00:30:33.216,1.05998,1.06016
2013.03.18 00:30:33.352,1.05995,1.06019
2013.03.18 00:30:33.902,1.05997,1.06024
2013.03.18 00:30:34.911,1.05999,1.06025
2013.03.18 00:30:34.971,1.06001,1.06025
2013.03.18 00:30:35.491,1.06003,1.0603
2013.03.18 00:30:35.853,1.06011,1.06034
2013.03.18 00:30:35.912,1.06016,1.06034
2013.03.18 00:30:36.152,1.06011,1.06037
2013.03.18 00:30:37.072,1.06011,1.06037
2013.03.18 00:30:37.491,1.06007,1.06034
2013.03.18 00:30:37.552,1.06007,1.06033
2013.03.18 00:30:37.852,1.06007,1.06034
2013.03.18 00:30:38.159,1.06011,1.06036
2013.03.18 00:30:38.652,1.06011,1.06038
2013.03.18 00:30:39.033,1.06014,1.06039
2013.03.18 00:30:39.152,1.06016,1.06039
2013.03.18 00:30:39.693,1.06019,1.06045
2013.03.18 00:30:48.631,1.06019,1.06046
2013.03.18 00:30:48.751,1.06015,1.06041
2013.03.18 00:30:49.051,1.06014,1.06041
2013.03.18 00:30:49.222,1.06011,1.06035
2013.03.18 00:30:49.933,1.06011,1.06035
2013.03.18 00:30:50.182,1.06011,1.06038
2013.03.18 00:30:51.811,1.06017,1.06038
2013.03.18 00:30:53.332,1.06015,1.06041
2013.03.18 00:30:55.663,1.06017,1.06041
2013.03.18 00:30:56.023,1.06012,1.06038
2013.03.18 00:30:56.203,1.06011,1.06036
2013.03.18 00:30:56.902,1.06012,1.06036
2013.03.18 00:30:57.232,1.06017,1.06043
2013.03.18 00:30:57.472,1.06017,1.06043
2013.03.18 00:30:57.532,1.06021,1.06044
2013.03.18 00:30:57.893,1.06015,1.06039
2013.03.18 00:31:12.821,1.06017,1.06039
2013.03.18 00:31:13.123,1.0602,1.06042
2013.03.18 00:31:13.243,1.06016,1.06042
2013.03.18 00:31:15.932,1.06014,1.06042
2013.03.18 00:31:33.392,1.06012,1.06039
2013.03.18 00:31:37.192,1.06018,1.06044
2013.03.18 00:31:37.312,1.06012,1.06039
2013.03.18 00:31:42.062,1.06015,1.06039
2013.03.18 00:32:02.732,1.06018,1.06045
2013.03.18 00:32:03.622,1.06025,1.06053
2013.03.18 00:32:03.742,1.06025,1.06052
2013.03.18 00:32:04.162,1.06021,1.06052
2013.03.18 00:32:05.841,1.06021,1.06052
2013.03.18 00:32:07.823,1.06021,1.06052
2013.03.18 00:32:08.062,1.06021,1.06052
2013.03.18 00:32:08.181,1.06019,1.06049
2013.03.18 00:32:08.423,1.06017,1.06046
2013.03.18 00:32:08.490,1.06014,1.06043
2013.03.18 00:32:08.562,1.06014,1.06043
2013.03.18 00:32:16.942,1.06011,1.06043
2013.03.18 00:32:28.612,1.06014,1.06047
2013.03.18 00:32:33.475,1.06016,1.06047
2013.03.18 00:32:33.543,1.06018,1.06051
2013.03.18 00:32:46.842,1.06015,1.06047
2013.03.18 00:32:46.902,1.06014,1.06047
2013.03.18 00:32:58.092,1.06011,1.06041
2013.03.18 00:32:58.152,1.0601,1.06041
2013.03.18 00:32:58.332,1.06011,1.06041
2013.03.18 00:33:00.803,1.06011,1.06042
2013.03.18 00:33:01.582,1.06015,1.06042
2013.03.18 00:33:01.833,1.0602,1.06048
2013.03.18 00:33:04.343,1.0602,1.06049
2013.03.18 00:33:09.612,1.06025,1.06047
2013.03.18 00:33:10.151,1.06025,1.06054
2013.03.18 00:33:12.521,1.06028,1.06056
2013.03.18 00:33:12.762,1.06024,1.06056
2013.03.18 00:33:17.605,1.06022,1.06053
2013.03.18 00:33:19.251,1.06024,1.06052
2013.03.18 00:33:19.371,1.06022,1.06052
2013.03.18 00:33:21.340,1.06024,1.06053
2013.03.18 00:33:21.522,1.06028,1.06055
2013.03.18 00:33:23.110,1.0603,1.06059
2013.03.18 00:33:26.923,1.06032,1.06059
2013.03.18 00:33:27.431,1.0603,1.06059
2013.03.18 00:33:36.310,1.0603,1.06059
2013.03.18 00:33:41.982,1.06028,1.0606
2013.03.18 00:33:48.639,1.06031,1.0606
2013.03.18 00:33:55.002,1.06031,1.0606
2013.03.18 00:33:55.315,1.06034,1.06063
2013.03.18 00:34:07.928,1.0604,1.06064
2013.03.18 00:34:09.100,1.06037,1.06065
2013.03.18 00:34:09.642,1.06037,1.06065
2013.03.18 00:34:10.033,1.06035,1.06065
2013.03.18 00:34:15.081,1.06036,1.06066
2013.03.18 00:34:33.812,1.06038,1.06066
2013.03.18 00:34:34.342,1.0604,1.06066
2013.03.18 00:34:36.193,1.06043,1.06074
2013.03.18 00:34:36.672,1.06045,1.06076
2013.03.18 00:34:36.820,1.06043,1.06076
2013.03.18 00:34:36.882,1.06046,1.06077
2013.03.18 00:34:38.359,1.06048,1.06078
2013.03.18 00:34:41.882,1.06049,1.06079
2013.03.18 00:34:48.642,1.06051,1.06078
2013.03.18 00:34:52.878,1.06049,1.0608
2013.03.18 00:34:56.302,1.06051,1.0608
2013.03.18 00:34:56.843,1.06049,1.0608
2013.03.18 00:35:09.003,1.06049,1.0608
2013.03.18 00:35:09.303,1.06047,1.0608
2013.03.18 00:35:09.823,1.06045,1.0608
2013.03.18 00:35:11.844,1.06045,1.0608
2013.03.18 00:35:13.922,1.06045,1.06075
2013.03.18 00:35:15.894,1.06044,1.06063
2013.03.18 00:35:16.013,1.06031,1.06061
2013.03.18 00:35:16.192,1.06034,1.06061
2013.03.18 00:35:16.252,1.06034,1.06061
2013.03.18 00:35:19.761,1.06036,1.06064
2013.03.18 00:35:20.122,1.06031,1.06062
2013.03.18 00:35:20.643,1.0603,1.06062
2013.03.18 00:35:21.732,1.06029,1.06062
2013.03.18 00:35:22.032,1.06026,1.06056
2013.03.18 00:35:22.092,1.06026,1.06056
2013.03.18 00:35:23.431,1.06032,1.06056
2013.03.18 00:35:23.792,1.06031,1.0606
2013.03.18 00:35:24.092,1.06033,1.0606
2013.03.18 00:35:25.432,1.06028,1.06057
2013.03.18 00:35:25.743,1.06026,1.06053
2013.03.18 00:35:25.862,1.06025,1.06053
2013.03.18 00:35:26.122,1.06022,1.06051
2013.03.18 00:35:26.402,1.06023,1.06049
2013.03.18 00:35:31.142,1.06027,1.06059
2013.03.18 00:35:39.622,1.06027,1.06053
2013.03.18 00:35:39.925,1.06023,1.06053
2013.03.18 00:35:39.982,1.06023,1.06053
2013.03.18 00:35:43.462,1.06021,1.06049
2013.03.18 00:35:44.273,1.06021,1.06049
2013.03.18 00:35:47.662,1.06017,1.06044
2013.03.18 00:35:48.203,1.06015,1.06044
2013.03.18 00:36:10.137,1.0601,1.06042
2013.03.18 00:36:29.837,1.06009,1.0604
2013.03.18 00:36:35.612,1.0601,1.0604
2013.03.18 00:36:36.632,1.06013,1.06043
2013.03.18 00:36:40.652,1.06014,1.06046
2013.03.18 00:36:44.184,1.06014,1.06046
2013.03.18 00:36:49.301,1.06014,1.06046
2013.03.18 00:36:49.864,1.06013,1.06046
2013.03.18 00:36:52.685,1.06014,1.06046
2013.03.18 00:37:05.358,1.06014,1.06045
2013.03.18 00:37:07.153,1.06014,1.06045
2013.03.18 00:37:15.595,1.06015,1.06045
2013.03.18 00:37:16.036,1.06015,1.06045
2013.03.18 00:37:52.563,1.06012,1.06041
2013.03.18 00:38:00.033,1.06012,1.06041
2013.03.18 00:38:00.535,1.06013,1.06046
2013.03.18 00:38:01.412,1.06016,1.06046
2013.03.18 00:38:15.762,1.06016,1.06047
2013.03.18 00:38:34.363,1.06016,1.06047
2013.03.18 00:38:43.372,1.06012,1.06041
2013.03.18 00:38:43.532,1.06012,1.06041
2013.03.18 00:38:43.832,1.06011,1.06041
2013.03.18 00:38:43.952,1.06011,1.06041
2013.03.18 00:38:44.202,1.06012,1.06041
2013.03.18 00:38:44.326,1.06015,1.06044
2013.03.18 00:38:44.909,1.06015,1.06047
2013.03.18 00:38:53.121,1.06012,1.06042
2013.03.18 00:38:53.212,1.06013,1.06042
2013.03.18 00:38:53.803,1.06015,1.06044
2013.03.18 00:38:55.252,1.06012,1.06043
2013.03.18 00:38:55.985,1.06012,1.06043
2013.03.18 00:38:56.595,1.06012,1.06043
2013.03.18 00:38:57.197,1.06012,1.06043
2013.03.18 00:38:57.802,1.06012,1.06043
2013.03.18 00:38:58.682,1.06011,1.06043
2013.03.18 00:38:59.226,1.06007,1.06038
2013.03.18 00:38:59.783,1.06009,1.06038
2013.03.18 00:38:59.902,1.06011,1.06042
2013.03.18 00:38:59.962,1.06012,1.06041
2013.03.18 00:39:00.362,1.06015,1.06042
2013.03.18 00:39:01.136,1.06012,1.06042
2013.03.18 00:39:01.892,1.06012,1.06042
2013.03.18 00:39:02.513,1.06012,1.06042
2013.03.18 00:39:04.453,1.06011,1.06037
2013.03.18 00:39:04.513,1.06011,1.06037
2013.03.18 00:39:05.432,1.06012,1.06042
2013.03.18 00:39:06.052,1.06012,1.06042
2013.03.18 00:39:06.767,1.06012,1.06042
2013.03.18 00:39:09.512,1.06012,1.06042
2013.03.18 00:39:15.212,1.06012,1.06042
2013.03.18 00:39:18.592,1.06012,1.06042
2013.03.18 00:39:20.273,1.06012,1.06042
2013.03.18 00:39:20.332,1.06015,1.06042
2013.03.18 00:39:20.754,1.06016,1.06042
2013.03.18 00:39:21.455,1.06017,1.06047
2013.03.18 00:39:22.961,1.06017,1.06047
2013.03.18 00:39:24.722,1.06017,1.06047
2013.03.18 00:39:25.542,1.06012,1.06042
2013.03.18 00:39:38.354,1.06016,1.06042
2013.03.18 00:39:39.176,1.06013,1.06042
2013.03.18 00:39:39.562,1.06011,1.06042
2013.03.18 00:39:43.074,1.06013,1.06042
2013.03.18 00:39:43.532,1.06016,1.06047
2013.03.18 00:39:44.132,1.06016,1.06047
2013.03.18 00:39:48.232,1.06019,1.06048
2013.03.18 00:39:57.184,1.0602,1.0605
2013.03.18 00:39:57.602,1.06016,1.06045
2013.03.18 00:39:59.475,1.06018,1.06045
2013.03.18 00:39:59.542,1.06025,1.06045
2013.03.18 00:39:59.602,1.06026,1.06053
2013.03.18 00:39:59.852,1.0603,1.06053
2013.03.18 00:39:59.924,1.06032,1.06064
2013.03.18 00:40:01.883,1.06035,1.06064
2013.03.18 00:40:03.574,1.06037,1.06067
2013.03.18 00:40:06.342,1.06037,1.06065
2013.03.18 00:40:10.173,1.06038,1.06068
2013.03.18 00:40:11.972,1.06037,1.06066
2013.03.18 00:40:21.691,1.06038,1.06066
2013.03.18 00:40:24.313,1.06037,1.06066
2013.03.18 00:40:24.432,1.06037,1.06066
2013.03.18 00:40:39.292,1.06039,1.06066
2013.03.18 00:40:55.203,1.06039,1.06064
2013.03.18 00:41:00.882,1.06037,1.06064
2013.03.18 00:41:01.113,1.06037,1.06064
2013.03.18 00:41:01.293,1.06032,1.06059
2013.03.18 00:41:01.623,1.06032,1.06059
2013.03.18 00:41:29.592,1.06032,1.06059
2013.03.18 00:41:30.862,1.06034,1.06062
2013.03.18 00:41:35.872,1.06038,1.06063
2013.03.18 00:41:41.383,1.06038,1.06063
2013.03.18 00:41:47.113,1.06042,1.06069
2013.03.18 00:41:47.474,1.06047,1.06075
2013.03.18 00:41:47.753,1.06047,1.06075
2013.03.18 00:41:54.575,1.06047,1.06075
2013.03.18 00:41:57.623,1.06049,1.06075
2013.03.18 00:41:57.944,1.06054,1.0608
2013.03.18 00:42:17.633,1.06054,1.0608
2013.03.18 00:42:23.552,1.06054,1.06081
2013.03.18 00:42:26.859,1.06054,1.06079
2013.03.18 00:42:27.223,1.0605,1.06076
2013.03.18 00:42:37.322,1.0605,1.06073
2013.03.18 00:42:38.744,1.0605,1.06073
2013.03.18 00:42:42.634,1.06051,1.06076
2013.03.18 00:42:42.753,1.0605,1.06076
2013.03.18 00:42:43.116,1.06051,1.06078
2013.03.18 00:43:01.612,1.06056,1.06082
2013.03.18 00:43:01.733,1.06056,1.06082
2013.03.18 00:43:02.043,1.06063,1.06084
2013.03.18 00:43:04.136,1.06066,1.06092
2013.03.18 00:43:16.932,1.06066,1.06092
2013.03.18 00:43:17.753,1.06066,1.06092
2013.03.18 00:43:23.084,1.06068,1.06092
2013.03.18 00:43:23.393,1.06067,1.06097
2013.03.18 00:43:23.753,1.06071,1.06097
2013.03.18 00:43:24.622,1.06071,1.06095
2013.03.18 00:43:24.682,1.06069,1.06095
2013.03.18 00:43:28.603,1.06069,1.06095
2013.03.18 00:43:44.983,1.06067,1.06093
2013.03.18 00:44:05.122,1.06064,1.06092
2013.03.18 00:44:25.112,1.06064,1.0609
2013.03.18 00:44:28.672,1.06063,1.06091
2013.03.18 00:44:45.385,1.06063,1.06091
2013.03.18 00:44:52.173,1.06066,1.06091
2013.03.18 00:44:56.329,1.06066,1.06091
2013.03.18 00:45:02.433,1.06066,1.06091
2013.03.18 00:45:04.993,1.06065,1.06091
2013.03.18 00:45:08.183,1.06069,1.06093
2013.03.18 00:45:08.244,1.06062,1.06089
2013.03.18 00:45:08.363,1.06062,1.06089
2013.03.18 00:45:09.062,1.06062,1.06089
2013.03.18 00:45:09.552,1.06062,1.06089
2013.03.18 00:45:13.653,1.06063,1.06086
2013.03.18 00:45:14.723,1.06062,1.06086
2013.03.18 00:45:17.142,1.06063,1.06088
2013.03.18 00:45:20.869,1.06063,1.06088
2013.03.18 00:45:21.233,1.06062,1.06088
2013.03.18 00:45:22.763,1.06059,1.06083
2013.03.18 00:45:28.213,1.06057,1.06083
2013.03.18 00:45:28.984,1.06056,1.06084
2013.03.18 00:45:38.863,1.06061,1.06086
2013.03.18 00:45:39.043,1.06062,1.06089
2013.03.18 00:45:39.595,1.06062,1.06087
2013.03.18 00:45:40.583,1.06061,1.06092
2013.03.18 00:45:43.092,1.06063,1.06092
2013.03.18 00:45:43.272,1.06061,1.06087
2013.03.18 00:45:43.332,1.06061,1.06089
2013.03.18 00:45:50.352,1.06066,1.06092
2013.03.18 00:45:54.148,1.06061,1.06088
2013.03.18 00:45:57.847,1.06067,1.06094
2013.03.18 00:46:06.432,1.06068,1.06092
2013.03.18 00:46:06.552,1.06068,1.06092
2013.03.18 00:46:06.733,1.06067,1.06089
2013.03.18 00:46:06.793,1.06067,1.06089
2013.03.18 00:46:07.164,1.06066,1.06089
2013.03.18 00:46:07.473,1.06061,1.06087
2013.03.18 00:46:07.652,1.06061,1.06086
2013.03.18 00:46:07.772,1.06059,1.06083
2013.03.18 00:46:08.132,1.06051,1.06077
2013.03.18 00:46:10.037,1.06049,1.06076
2013.03.18 00:46:10.512,1.06049,1.06072
2013.03.18 00:46:14.678,1.06051,1.06072
2013.03.18 00:46:16.312,1.06051,1.06074
2013.03.18 00:46:17.983,1.06049,1.06074
2013.03.18 00:46:18.564,1.06049,1.06074
2013.03.18 00:46:29.862,1.06053,1.06074
2013.03.18 00:46:30.132,1.06053,1.06078
2013.03.18 00:46:34.632,1.06053,1.06079
2013.03.18 00:46:34.752,1.06047,1.06073
2013.03.18 00:46:35.173,1.06049,1.06073
2013.03.18 00:46:35.557,1.06049,1.06072
2013.03.18 00:46:38.103,1.06046,1.06073
2013.03.18 00:46:47.664,1.06046,1.06073
2013.03.18 00:46:55.023,1.06046,1.06073
2013.03.18 00:46:59.752,1.06047,1.06073
2013.03.18 00:47:00.053,1.06051,1.06073
2013.03.18 00:47:00.412,1.06053,1.06076
2013.03.18 00:47:20.407,1.06055,1.06081
2013.03.18 00:47:38.953,1.06055,1.0608
2013.03.18 00:47:39.072,1.0605,1.06077
2013.03.18 00:47:44.512,1.06055,1.06079
2013.03.18 00:47:45.212,1.06055,1.06081
2013.03.18 00:48:04.552,1.06057,1.06081
2013.03.18 00:48:05.072,1.06057,1.06081
2013.03.18 00:48:13.772,1.0605,1.06076
2013.03.18 00:48:13.842,1.06049,1.06076
2013.03.18 00:48:13.905,1.06048,1.06076
2013.03.18 00:48:17.163,1.0605,1.06076
2013.03.18 00:48:17.642,1.06051,1.06076
2013.03.18 00:48:17.822,1.06049,1.06076
2013.03.18 00:48:22.561,1.06048,1.06069
2013.03.18 00:48:23.362,1.06047,1.06069
2013.03.18 00:48:26.623,1.06047,1.06069
2013.03.18 00:48:26.743,1.06049,1.06075
2013.03.18 00:48:27.104,1.06048,1.06075
2013.03.18 00:48:32.323,1.06049,1.06075
2013.03.18 00:48:35.233,1.06048,1.06075
2013.03.18 00:48:39.438,1.06043,1.06069
2013.03.18 00:48:39.922,1.06043,1.06069
2013.03.18 00:48:45.197,1.06045,1.06071
2013.03.18 00:48:52.035,1.06046,1.06074
2013.03.18 00:48:53.673,1.06046,1.06073
2013.03.18 00:49:01.114,1.06049,1.06074
2013.03.18 00:49:01.299,1.06051,1.06077
2013.03.18 00:49:01.603,1.06054,1.06083
2013.03.18 00:49:04.162,1.06054,1.06083
2013.03.18 00:49:08.203,1.06056,1.06084
2013.03.18 00:49:09.854,1.06054,1.06083
2013.03.18 00:49:10.173,1.06054,1.06078
2013.03.18 00:49:15.383,1.06051,1.06078
2013.03.18 00:49:15.502,1.06051,1.06074
2013.03.18 00:49:20.523,1.06051,1.06074
2013.03.18 00:49:35.673,1.06052,1.06075
2013.03.18 00:49:40.812,1.06051,1.06075
2013.03.18 00:49:43.062,1.0605,1.06074
2013.03.18 00:49:48.463,1.06046,1.06071
2013.03.18 00:49:50.338,1.06047,1.06073
2013.03.18 00:50:03.107,1.06046,1.06071
2013.03.18 00:50:04.855,1.06047,1.06073
2013.03.18 00:50:14.033,1.06047,1.06073
2013.03.18 00:50:16.633,1.06047,1.06073
2013.03.18 00:50:18.423,1.06046,1.06072
2013.03.18 00:50:18.963,1.06042,1.06069
2013.03.18 00:50:19.023,1.06046,1.06071
2013.03.18 00:50:19.532,1.06046,1.06069
2013.03.18 00:50:26.663,1.06046,1.06074
2013.03.18 00:50:27.168,1.06046,1.06074
2013.03.18 00:50:28.622,1.06046,1.06074
2013.03.18 00:50:29.207,1.06046,1.06074
2013.03.18 00:50:35.622,1.06046,1.06074
2013.03.18 00:50:38.948,1.06046,1.06073
2013.03.18 00:50:42.413,1.06045,1.06071
2013.03.18 00:50:45.923,1.06043,1.06071
2013.03.18 00:50:46.592,1.06043,1.06071
2013.03.18 00:50:47.317,1.06043,1.06071
2013.03.18 00:50:49.903,1.06043,1.06071
2013.03.18 00:50:50.023,1.06041,1.06065
2013.03.18 00:50:50.283,1.06043,1.06067
2013.03.18 00:50:53.836,1.06043,1.0607
2013.03.18 00:51:03.824,1.06043,1.06071
2013.03.18 00:51:51.593,1.06042,1.06065
2013.03.18 00:51:52.198,1.06042,1.06065
2013.03.18 00:52:02.273,1.0604,1.06064
2013.03.18 00:52:02.333,1.06038,1.06064
2013.03.18 00:52:02.493,1.06042,1.06064
2013.03.18 00:52:03.176,1.06042,1.06064
2013.03.18 00:52:05.155,1.06042,1.06065
2013.03.18 00:52:17.593,1.06037,1.06064
2013.03.18 00:52:17.653,1.06037,1.06061
2013.03.18 00:52:22.753,1.06031,1.06058
2013.03.18 00:52:23.563,1.06031,1.06058
2013.03.18 00:52:29.083,1.06031,1.06056
2013.03.18 00:52:29.628,1.06027,1.06054
2013.03.18 00:52:32.473,1.06027,1.06054
2013.03.18 00:52:33.513,1.06031,1.06058
2013.03.18 00:52:52.593,1.06036,1.06061
2013.03.18 00:52:52.833,1.06036,1.06063
2013.03.18 00:53:11.106,1.06036,1.06062
2013.03.18 00:53:12.703,1.06037,1.06062
2013.03.18 00:53:15.371,1.06039,1.06063
2013.03.18 00:53:18.632,1.06039,1.06063
2013.03.18 00:53:26.385,1.06037,1.06063
2013.03.18 00:53:30.111,1.06037,1.06062
2013.03.18 00:53:32.654,1.06034,1.0606
2013.03.18 00:53:32.755,1.06032,1.0606
2013.03.18 00:53:38.353,1.06031,1.06054
2013.03.18 00:53:38.893,1.06028,1.06054
2013.03.18 00:53:39.341,1.06027,1.06054
2013.03.18 00:53:41.321,1.06026,1.06054
2013.03.18 00:53:42.373,1.06028,1.06054
2013.03.18 00:53:42.861,1.06027,1.06054
2013.03.18 00:53:45.823,1.06026,1.06049
2013.03.18 00:53:45.883,1.06023,1.06049
2013.03.18 00:53:45.944,1.06021,1.06048
2013.03.18 00:53:46.424,1.06016,1.06043
2013.03.18 00:53:47.590,1.06019,1.06043
2013.03.18 00:53:50.986,1.06016,1.06043
2013.03.18 00:53:52.673,1.06016,1.06044
2013.03.18 00:53:55.264,1.0602,1.06046
2013.03.18 00:54:04.310,1.06023,1.06049
2013.03.18 00:54:05.887,1.06025,1.06048
2013.03.18 00:54:06.003,1.06024,1.06048
2013.03.18 00:54:06.064,1.06024,1.06048
2013.03.18 00:54:06.123,1.06024,1.06048
2013.03.18 00:54:10.853,1.06022,1.06048
2013.03.18 00:54:11.383,1.06024,1.06048
2013.03.18 00:54:11.684,1.06026,1.0605
2013.03.18 00:54:11.984,1.06021,1.06048
2013.03.18 00:54:12.163,1.06021,1.06047
2013.03.18 00:54:15.493,1.06017,1.06041
2013.03.18 00:54:16.664,1.06014,1.06041
2013.03.18 00:54:17.023,1.0602,1.06042
2013.03.18 00:54:19.600,1.0602,1.06043
2013.03.18 00:54:20.603,1.06016,1.06042
2013.03.18 00:54:24.036,1.06016,1.06042
2013.03.18 00:54:24.363,1.06016,1.06042
2013.03.18 00:54:24.484,1.06014,1.06037
2013.03.18 00:54:24.795,1.06011,1.06037
2013.03.18 00:54:27.234,1.0601,1.06034
2013.03.18 00:54:27.635,1.06008,1.06032
2013.03.18 00:54:30.553,1.06008,1.06032
2013.03.18 00:54:31.194,1.06008,1.06032
2013.03.18 00:54:31.744,1.06008,1.06032
2013.03.18 00:54:32.343,1.06008,1.06027
2013.03.18 00:54:32.646,1.06006,1.0603
2013.03.18 00:54:32.884,1.06006,1.06029
2013.03.18 00:54:33.274,1.06006,1.06029
2013.03.18 00:54:33.900,1.06005,1.06028
2013.03.18 00:54:35.353,1.06003,1.06028
2013.03.18 00:54:35.413,1.06003,1.06028
2013.03.18 00:54:35.893,1.06003,1.06028
2013.03.18 00:54:37.055,1.06,1.06024
2013.03.18 00:54:37.113,1.06,1.06024
2013.03.18 00:54:37.353,1.05998,1.06024
2013.03.18 00:54:37.414,1.05998,1.06024
2013.03.18 00:54:37.786,1.05999,1.06024
2013.03.18 00:54:37.965,1.06004,1.06028
2013.03.18 00:54:38.874,1.06002,1.06028
2013.03.18 00:54:41.404,1.05997,1.06018
2013.03.18 00:54:41.524,1.05997,1.06018
2013.03.18 00:54:41.643,1.05997,1.06017
2013.03.18 00:54:41.823,1.05995,1.06017
2013.03.18 00:54:41.883,1.05994,1.06015
2013.03.18 00:54:43.040,1.05995,1.06017
2013.03.18 00:54:44.224,1.05995,1.06018
2013.03.18 00:54:44.799,1.05995,1.06018
2013.03.18 00:54:45.103,1.05997,1.06023
2013.03.18 00:54:45.163,1.05996,1.06024
2013.03.18 00:54:46.393,1.05996,1.06024
2013.03.18 00:54:48.864,1.05996,1.06019
2013.03.18 00:54:49.258,1.05993,1.06019
2013.03.18 00:54:49.907,1.05993,1.0602
2013.03.18 00:54:50.093,1.05993,1.06019
2013.03.18 00:54:50.214,1.05994,1.06019
2013.03.18 00:54:50.596,1.05998,1.06024
2013.03.18 00:54:55.309,1.05995,1.06018
2013.03.18 00:54:55.374,1.05996,1.06019
2013.03.18 00:54:55.434,1.05995,1.06019
2013.03.18 00:54:55.557,1.05997,1.06022
2013.03.18 00:54:57.121,1.05997,1.06022
2013.03.18 00:54:57.363,1.05996,1.06015
2013.03.18 00:54:57.483,1.05992,1.06015
2013.03.18 00:54:57.784,1.05992,1.06018
2013.03.18 00:54:57.964,1.05992,1.06018
2013.03.18 00:54:58.264,1.05995,1.06022
2013.03.18 00:55:00.404,1.05996,1.06018
2013.03.18 00:55:00.763,1.05987,1.06011
2013.03.18 00:55:00.823,1.05987,1.06011
2013.03.18 00:55:01.104,1.05987,1.06013
2013.03.18 00:55:01.344,1.05988,1.06013
2013.03.18 00:55:01.653,1.05991,1.06013
2013.03.18 00:55:02.623,1.05995,1.06017
2013.03.18 00:55:02.983,1.05996,1.0602
2013.03.18 00:55:03.527,1.05999,1.06025
2013.03.18 00:55:04.790,1.05999,1.06025
2013.03.18 00:55:05.293,1.06,1.06026
2013.03.18 00:55:05.353,1.06,1.06026
2013.03.18 00:55:05.478,1.06001,1.06026
2013.03.18 00:55:05.803,1.06005,1.0603
2013.03.18 00:55:08.485,1.06006,1.06032
2013.03.18 00:55:10.568,1.06006,1.06032
2013.03.18 00:55:10.843,1.06006,1.06032
2013.03.18 00:55:11.083,1.06007,1.06032
2013.03.18 00:55:11.443,1.06012,1.06037
2013.03.18 00:55:11.804,1.06017,1.06039
2013.03.18 00:55:13.043,1.06022,1.06043
2013.03.18 00:55:13.463,1.06023,1.06049
2013.03.18 00:55:14.350,1.06026,1.06047
2013.03.18 00:55:16.164,1.06023,1.06047
2013.03.18 00:55:16.463,1.06025,1.0605
2013.03.18 00:55:16.993,1.06024,1.06047
2013.03.18 00:55:17.174,1.0602,1.06046
2013.03.18 00:55:17.353,1.0602,1.06046
2013.03.18 00:55:21.633,1.06021,1.06047
2013.03.18 00:55:21.873,1.06023,1.06046
2013.03.18 00:55:22.423,1.06021,1.06044
2013.03.18 00:55:22.484,1.0602,1.06042
2013.03.18 00:55:22.843,1.06018,1.06042
2013.03.18 00:55:23.455,1.06017,1.06042
2013.03.18 00:55:26.174,1.06017,1.06042
2013.03.18 00:55:26.473,1.06011,1.06036
2013.03.18 00:55:26.594,1.06011,1.06036
2013.03.18 00:55:29.324,1.06011,1.06035
2013.03.18 00:55:29.862,1.06011,1.06035
2013.03.18 00:55:30.093,1.06011,1.06035
2013.03.18 00:55:30.315,1.06011,1.06035
2013.03.18 00:55:31.684,1.06011,1.06035
2013.03.18 00:55:32.845,1.06011,1.06036
2013.03.18 00:55:33.024,1.06011,1.06037
2013.03.18 00:55:33.563,1.06016,1.06041
2013.03.18 00:55:37.155,1.06017,1.06043
2013.03.18 00:55:38.114,1.06021,1.06047
2013.03.18 00:55:40.305,1.0602,1.06047
2013.03.18 00:55:40.593,1.06021,1.06047
2013.03.18 00:55:40.953,1.06024,1.0605
2013.03.18 00:55:42.434,1.06021,1.06047
2013.03.18 00:55:42.493,1.06021,1.06047
2013.03.18 00:55:45.819,1.06019,1.06047
2013.03.18 00:55:52.023,1.06016,1.06042
2013.03.18 00:56:00.460,1.06016,1.06042
2013.03.18 00:56:00.817,1.06019,1.06046
2013.03.18 00:56:15.024,1.06015,1.06039
2013.03.18 00:56:18.048,1.06013,1.06039
2013.03.18 00:56:18.414,1.06012,1.06034
2013.03.18 00:56:18.863,1.06008,1.06034
2013.03.18 00:56:22.145,1.06008,1.06034
2013.03.18 00:56:22.324,1.06002,1.06028
2013.03.18 00:56:25.124,1.06004,1.0603
2013.03.18 00:56:25.584,1.06012,1.06033
2013.03.18 00:56:25.644,1.06012,1.06034
2013.03.18 00:56:25.764,1.06012,1.06036
2013.03.18 00:56:26.184,1.06012,1.06039
2013.03.18 00:56:26.303,1.06012,1.06039
2013.03.18 00:56:27.624,1.06013,1.06039
2013.03.18 00:56:27.744,1.06016,1.06039
2013.03.18 00:56:29.036,1.06017,1.0604
2013.03.18 00:56:30.808,1.06017,1.06043
2013.03.18 00:56:30.933,1.06017,1.06044
2013.03.18 00:56:31.514,1.06019,1.06044
2013.03.18 00:56:31.816,1.06022,1.06048
2013.03.18 00:56:35.107,1.06022,1.06048
2013.03.18 00:56:35.175,1.06026,1.0605
2013.03.18 00:56:48.297,1.06026,1.06054
2013.03.18 00:56:48.738,1.06031,1.06058
2013.03.18 00:56:49.044,1.06031,1.06057
2013.03.18 00:56:49.104,1.06026,1.06053
2013.03.18 00:56:52.793,1.06022,1.06049
2013.03.18 00:57:07.847,1.06024,1.0605
2013.03.18 00:57:13.051,1.06025,1.06051
2013.03.18 00:57:13.728,1.06025,1.06052
2013.03.18 00:57:17.307,1.06025,1.06052
2013.03.18 00:57:17.424,1.06031,1.06056
2013.03.18 00:57:17.664,1.06031,1.06058
2013.03.18 00:57:17.857,1.06031,1.06057
2013.03.18 00:57:19.104,1.06027,1.06053
2013.03.18 00:57:38.964,1.06027,1.06054
2013.03.18 00:57:50.263,1.06024,1.06051
2013.03.18 00:57:53.140,1.06023,1.06048
2013.03.18 00:58:01.735,1.06021,1.06048
2013.03.18 00:58:17.095,1.06021,1.06044
2013.03.18 00:58:22.093,1.06018,1.06044
2013.03.18 00:58:42.434,1.06016,1.06044
2013.03.18 00:58:50.514,1.0602,1.06046
2013.03.18 00:58:56.245,1.06018,1.06044
2013.03.18 00:58:56.364,1.06015,1.06041
2013.03.18 00:59:01.605,1.06017,1.06042
2013.03.18 00:59:02.075,1.06021,1.06048
2013.03.18 00:59:13.295,1.06022,1.06046
2013.03.18 00:59:13.475,1.06022,1.06046
2013.03.18 00:59:13.537,1.06025,1.06051
2013.03.18 00:59:13.954,1.06027,1.06054
2013.03.18 00:59:16.250,1.06025,1.06054
2013.03.18 00:59:16.633,1.06027,1.06054
2013.03.18 00:59:20.344,1.06027,1.06054
2013.03.18 00:59:23.636,1.06022,1.06048
2013.03.18 00:59:25.836,1.06022,1.06049
2013.03.18 00:59:30.064,1.06022,1.06048
2013.03.18 00:59:30.184,1.06022,1.06047
2013.03.18 00:59:30.784,1.06026,1.06051
2013.03.18 00:59:31.913,1.06028,1.06054
2013.03.18 00:59:32.254,1.06031,1.06058
2013.03.18 00:59:34.733,1.06031,1.06058
2013.03.18 00:59:35.295,1.06031,1.06058
2013.03.18 00:59:37.894,1.06031,1.06058
2013.03.18 00:59:38.411,1.06031,1.06058
2013.03.18 00:59:39.813,1.06031,1.06058
2013.03.18 00:59:46.723,1.06031,1.06058
2013.03.18 00:59:46.904,1.06031,1.06057
2013.03.18 00:59:47.085,1.06036,1.0606
2013.03.18 00:59:47.444,1.06038,1.06063
2013.03.18 00:59:48.164,1.06031,1.06059
2013.03.18 00:59:52.595,1.06032,1.06059
2013.03.18 00:59:56.305,1.06032,1.0606
2013.03.18 00:59:59.194,1.06032,1.06058
2013.03.18 01:00:00.595,1.06032,1.06058
2013.03.18 01:00:01.034,1.06032,1.06058
2013.03.18 01:00:01.623,1.06032,1.0606
2013.03.18 01:00:01.985,1.06042,1.06068
2013.03.18 01:00:03.094,1.06041,1.06064
2013.03.18 01:00:07.308,1.06041,1.0606
2013.03.18 01:00:08.028,1.06035,1.0606
2013.03.18 01:00:08.637,1.06035,1.0606
2013.03.18 01:00:11.603,1.06035,1.06058
2013.03.18 01:00:11.844,1.06036,1.06058
2013.03.18 01:00:13.175,1.06036,1.06059
2013.03.18 01:00:22.815,1.06039,1.0606
2013.03.18 01:00:25.025,1.06041,1.06067
2013.03.18 01:00:25.214,1.06041,1.06068
2013.03.18 01:00:25.454,1.06041,1.06068
2013.03.18 01:00:25.813,1.06047,1.06071
2013.03.18 01:00:26.145,1.06049,1.06073
2013.03.18 01:00:28.375,1.06047,1.06072
2013.03.18 01:00:28.635,1.06047,1.06072
2013.03.18 01:00:29.664,1.06045,1.06072
2013.03.18 01:00:33.935,1.06046,1.06072
2013.03.18 01:00:40.393,1.06047,1.06072
2013.03.18 01:00:40.980,1.06047,1.06072
2013.03.18 01:00:42.024,1.06045,1.06072
2013.03.18 01:00:42.204,1.06042,1.06067
2013.03.18 01:00:42.414,1.06042,1.06067
2013.03.18 01:00:42.787,1.06037,1.06063
2013.03.18 01:00:47.446,1.06038,1.06063
2013.03.18 01:00:51.064,1.06037,1.0606
2013.03.18 01:00:51.604,1.06033,1.0606
2013.03.18 01:00:51.664,1.06036,1.06063
2013.03.18 01:00:55.754,1.06036,1.06063
2013.03.18 01:00:58.115,1.06037,1.06063
2013.03.18 01:00:58.355,1.06036,1.06058
2013.03.18 01:00:58.857,1.06029,1.06053
2013.03.18 01:00:59.964,1.06029,1.06053
2013.03.18 01:01:00.444,1.06023,1.0605
2013.03.18 01:01:01.605,1.06023,1.06049
2013.03.18 01:01:01.784,1.06021,1.06046
2013.03.18 01:01:02.388,1.06018,1.06044
2013.03.18 01:01:09.135,1.06018,1.06046
2013.03.18 01:01:09.255,1.06022,1.06049
2013.03.18 01:01:09.775,1.06025,1.06052
2013.03.18 01:01:12.524,1.06026,1.06052
2013.03.18 01:01:13.291,1.06028,1.06052
2013.03.18 01:01:18.004,1.06028,1.06054
2013.03.18 01:01:18.374,1.0603,1.06054
2013.03.18 01:01:18.434,1.06032,1.06056
2013.03.18 01:01:19.085,1.06032,1.06054
2013.03.18 01:01:20.215,1.06032,1.06054
2013.03.18 01:01:20.335,1.06032,1.06054
2013.03.18 01:01:20.396,1.06036,1.06056
2013.03.18 01:01:20.456,1.06036,1.06058
2013.03.18 01:01:20.515,1.06036,1.06058
2013.03.18 01:01:21.054,1.06037,1.0606
2013.03.18 01:01:21.115,1.06035,1.06057
2013.03.18 01:01:21.444,1.06041,1.06066
2013.03.18 01:01:21.879,1.06037,1.06061
2013.03.18 01:01:21.945,1.06036,1.06061
2013.03.18 01:01:22.285,1.06035,1.06061
2013.03.18 01:01:22.405,1.06034,1.06058
2013.03.18 01:01:22.825,1.0603,1.06056
2013.03.18 01:01:23.384,1.06028,1.06056
2013.03.18 01:01:23.965,1.06031,1.06058
2013.03.18 01:01:24.084,1.06031,1.06055
2013.03.18 01:01:24.144,1.06029,1.0605
2013.03.18 01:01:24.265,1.06025,1.0605
2013.03.18 01:01:24.704,1.06023,1.06048
2013.03.18 01:01:27.455,1.06023,1.06049
2013.03.18 01:01:27.825,1.06023,1.06051
2013.03.18 01:01:33.064,1.06023,1.06049
2013.03.18 01:01:35.425,1.06022,1.06049
2013.03.18 01:01:35.664,1.06023,1.06051
2013.03.18 01:01:36.205,1.06027,1.06054
2013.03.18 01:01:36.625,1.06028,1.06054
2013.03.18 01:01:37.155,1.06027,1.06054
2013.03.18 01:01:38.101,1.06028,1.06054
2013.03.18 01:01:38.164,1.06029,1.06054
2013.03.18 01:01:43.294,1.06029,1.06055
2013.03.18 01:01:43.536,1.06033,1.06059
2013.03.18 01:01:44.075,1.06035,1.06059
2013.03.18 01:01:45.174,1.0603,1.06057
2013.03.18 01:01:45.435,1.06032,1.06057
2013.03.18 01:01:45.614,1.06034,1.06057
2013.03.18 01:01:48.144,1.0603,1.06057
2013.03.18 01:01:48.754,1.06025,1.06052
2013.03.18 01:01:50.734,1.0603,1.06054
2013.03.18 01:01:50.795,1.0603,1.06056
2013.03.18 01:01:53.655,1.0603,1.06056
2013.03.18 01:01:54.034,1.06034,1.0606
2013.03.18 01:01:55.325,1.06034,1.0606
2013.03.18 01:01:55.444,1.06034,1.0606
2013.03.18 01:01:57.465,1.06035,1.06055
2013.03.18 01:01:57.916,1.06035,1.06059
2013.03.18 01:01:58.455,1.06036,1.06061
2013.03.18 01:02:01.294,1.06038,1.06064
2013.03.18 01:02:01.383,1.06038,1.06064
2013.03.18 01:02:01.823,1.06038,1.06064
2013.03.18 01:02:02.064,1.06034,1.0606
2013.03.18 01:02:02.185,1.06034,1.06058
2013.03.18 01:02:04.595,1.06026,1.06051
2013.03.18 01:02:04.665,1.06025,1.0605
2013.03.18 01:02:05.025,1.0603,1.06055
2013.03.18 01:02:05.566,1.0603,1.06055
2013.03.18 01:02:08.938,1.06029,1.06057
2013.03.18 01:02:10.664,1.06031,1.06057
2013.03.18 01:02:10.934,1.06029,1.06057
2013.03.18 01:02:14.394,1.06029,1.06057
2013.03.18 01:02:20.664,1.06032,1.06055
2013.03.18 01:02:21.874,1.06035,1.06057
2013.03.18 01:02:26.954,1.06031,1.06057
2013.03.18 01:02:34.714,1.06031,1.06055
2013.03.18 01:02:34.774,1.0603,1.06054
2013.03.18 01:02:38.206,1.06026,1.06049
2013.03.18 01:02:38.385,1.0602,1.06043
2013.03.18 01:02:38.565,1.06017,1.06038
2013.03.18 01:02:38.684,1.06011,1.06037
2013.03.18 01:02:40.436,1.0601,1.06038
2013.03.18 01:02:40.914,1.0601,1.06036
2013.03.18 01:02:41.274,1.06006,1.06032
2013.03.18 01:02:41.815,1.06005,1.06029
2013.03.18 01:02:42.125,1.06005,1.06032
2013.03.18 01:02:42.187,1.06005,1.06032
2013.03.18 01:02:42.427,1.06005,1.06028
2013.03.18 01:02:42.955,1.06004,1.06028
2013.03.18 01:02:43.255,1.06004,1.06028
2013.03.18 01:02:43.686,1.06005,1.06032
2013.03.18 01:02:43.745,1.06005,1.06032
2013.03.18 01:02:44.675,1.0601,1.06036
2013.03.18 01:02:44.924,1.0601,1.06036
2013.03.18 01:02:45.105,1.06011,1.06036
2013.03.18 01:02:45.415,1.06015,1.06041
2013.03.18 01:02:45.654,1.06015,1.06041
2013.03.18 01:02:45.865,1.06019,1.06041
2013.03.18 01:02:45.923,1.0602,1.06041
2013.03.18 01:02:47.044,1.0602,1.06046
2013.03.18 01:02:47.767,1.0602,1.06046
2013.03.18 01:02:48.409,1.0602,1.06046
2013.03.18 01:02:52.954,1.0602,1.06046
2013.03.18 01:02:53.086,1.06018,1.06044
2013.03.18 01:02:53.664,1.0602,1.06044
2013.03.18 01:02:57.493,1.0602,1.06043
2013.03.18 01:02:57.674,1.06017,1.06042
2013.03.18 01:02:57.733,1.06014,1.06042
2013.03.18 01:02:58.634,1.06014,1.06038
2013.03.18 01:02:58.944,1.06013,1.06037
2013.03.18 01:02:59.184,1.0601,1.06034
2013.03.18 01:02:59.573,1.0601,1.06035
2013.03.18 01:03:00.174,1.06014,1.06035
2013.03.18 01:03:00.917,1.06015,1.06041
2013.03.18 01:03:02.093,1.06015,1.06041
2013.03.18 01:03:02.597,1.06015,1.06041
2013.03.18 01:03:03.314,1.06015,1.06041
2013.03.18 01:03:03.907,1.06015,1.06041
2013.03.18 01:03:05.513,1.06015,1.06042
2013.03.18 01:03:10.383,1.06015,1.06042
2013.03.18 01:03:13.545,1.06015,1.06042
2013.03.18 01:03:13.904,1.06024,1.06048
2013.03.18 01:03:13.964,1.06024,1.06048
2013.03.18 01:03:14.024,1.06024,1.06048
2013.03.18 01:03:14.084,1.06027,1.06048
2013.03.18 01:03:14.605,1.06027,1.06048
2013.03.18 01:03:19.980,1.06026,1.06048
2013.03.18 01:03:26.864,1.06026,1.06048
2013.03.18 01:03:27.155,1.06023,1.06048
2013.03.18 01:03:27.215,1.06021,1.06045
2013.03.18 01:03:27.574,1.06017,1.0604
2013.03.18 01:03:27.634,1.06017,1.0604
2013.03.18 01:03:38.070,1.06013,1.0604
2013.03.18 01:03:54.570,1.06012,1.06039
2013.03.18 01:03:55.795,1.06011,1.06039
2013.03.18 01:03:56.096,1.06011,1.06033
2013.03.18 01:03:56.405,1.06006,1.06029
2013.03.18 01:03:56.764,1.05998,1.06024
2013.03.18 01:03:56.883,1.05997,1.06024
2013.03.18 01:03:57.923,1.05997,1.06024
2013.03.18 01:03:59.244,1.05997,1.06023
2013.03.18 01:03:59.604,1.05993,1.0602
2013.03.18 01:04:00.873,1.05993,1.0602
2013.03.18 01:04:01.483,1.0599,1.06017
2013.03.18 01:04:02.820,1.05989,1.06015
2013.03.18 01:04:04.195,1.05989,1.06015
2013.03.18 01:04:05.225,1.05993,1.06019
2013.03.18 01:04:05.484,1.05993,1.0602
2013.03.18 01:04:06.340,1.05997,1.0602
2013.03.18 01:04:06.890,1.05997,1.0602
2013.03.18 01:04:07.555,1.05996,1.0602
2013.03.18 01:04:08.146,1.05996,1.0602
2013.03.18 01:04:09.089,1.05996,1.0602
2013.03.18 01:04:09.304,1.05998,1.06025
2013.03.18 01:04:11.465,1.06005,1.0603
2013.03.18 01:04:11.884,1.06005,1.06033
2013.03.18 01:04:12.844,1.06006,1.06033
2013.03.18 01:04:17.913,1.06007,1.06033
2013.03.18 01:04:19.665,1.06,1.06029
2013.03.18 01:04:20.024,1.05999,1.06024
2013.03.18 01:04:20.091,1.05999,1.06024
2013.03.18 01:04:23.753,1.06003,1.06027
2013.03.18 01:04:24.895,1.06003,1.06029
2013.03.18 01:04:28.574,1.06007,1.06033
2013.03.18 01:04:28.814,1.06008,1.06033
2013.03.18 01:04:29.924,1.06007,1.06033
2013.03.18 01:04:32.724,1.06007,1.06029
2013.03.18 01:04:33.263,1.06002,1.06028
2013.03.18 01:04:35.404,1.06002,1.06029
2013.03.18 01:04:40.122,1.06002,1.06028
2013.03.18 01:04:40.805,1.05997,1.06023
2013.03.18 01:04:40.887,1.05997,1.06023
2013.03.18 01:04:40.955,1.06,1.06026
2013.03.18 01:04:41.331,1.06002,1.06028
2013.03.18 01:04:41.954,1.06007,1.06031
2013.03.18 01:04:45.124,1.06008,1.06032
2013.03.18 01:04:46.854,1.06008,1.06035
2013.03.18 01:04:48.809,1.06008,1.06034
2013.03.18 01:04:52.234,1.06012,1.06037
2013.03.18 01:04:52.293,1.06012,1.06038
2013.03.18 01:04:52.354,1.06013,1.06039
2013.03.18 01:05:02.395,1.06011,1.06039
2013.03.18 01:05:02.813,1.06011,1.06037
2013.03.18 01:05:03.114,1.06008,1.06034
2013.03.18 01:05:04.894,1.06005,1.06032
2013.03.18 01:05:05.716,1.06011,1.06037
2013.03.18 01:05:05.883,1.06012,1.06037
2013.03.18 01:05:07.288,1.06013,1.06037
2013.03.18 01:05:07.714,1.06013,1.06037
2013.03.18 01:05:08.074,1.06013,1.06037
2013.03.18 01:05:08.254,1.06013,1.06037
2013.03.18 01:05:09.599,1.06012,1.06038
2013.03.18 01:05:10.193,1.06012,1.06037
2013.03.18 01:05:12.569,1.06013,1.06037
2013.03.18 01:05:13.084,1.06013,1.06037
2013.03.18 01:05:13.444,1.06017,1.06043
2013.03.18 01:05:13.564,1.06017,1.06043
2013.03.18 01:05:13.714,1.06014,1.0604
2013.03.18 01:05:14.636,1.06014,1.06039
2013.03.18 01:05:16.314,1.06014,1.06039
2013.03.18 01:05:17.079,1.06013,1.06039
2013.03.18 01:05:19.853,1.06014,1.06039
2013.03.18 01:05:20.033,1.06017,1.06043
2013.03.18 01:05:20.716,1.06017,1.06043
2013.03.18 01:05:24.613,1.06018,1.06044
2013.03.18 01:05:28.694,1.06018,1.06044
2013.03.18 01:05:36.314,1.06015,1.06038
2013.03.18 01:05:36.434,1.06017,1.06042
2013.03.18 01:05:46.212,1.06018,1.06043
2013.03.18 01:05:52.688,1.06017,1.06043
2013.03.18 01:05:52.754,1.0602,1.06045
2013.03.18 01:05:53.114,1.06027,1.06053
2013.03.18 01:05:55.644,1.06027,1.06053
2013.03.18 01:05:55.945,1.06028,1.06054
2013.03.18 01:05:56.490,1.06028,1.06054
2013.03.18 01:05:57.334,1.06028,1.06054
2013.03.18 01:05:59.165,1.06031,1.06054
2013.03.18 01:06:02.695,1.06028,1.06054
2013.03.18 01:06:04.998,1.06028,1.06054
2013.03.18 01:06:11.134,1.06026,1.06049
2013.03.18 01:06:11.253,1.06026,1.06048
2013.03.18 01:06:11.313,1.06022,1.06048
2013.03.18 01:06:11.883,1.06024,1.06048
2013.03.18 01:06:12.583,1.06022,1.06048
2013.03.18 01:06:13.904,1.06022,1.06048
2013.03.18 01:06:14.413,1.06022,1.06048
2013.03.18 01:06:14.533,1.06022,1.06048
2013.03.18 01:06:38.845,1.06021,1.06048
2013.03.18 01:06:39.057,1.06021,1.06048
2013.03.18 01:06:40.836,1.06021,1.06048
2013.03.18 01:06:41.016,1.06021,1.06046
2013.03.18 01:06:41.197,1.06015,1.06039
2013.03.18 01:06:41.255,1.06011,1.06037
2013.03.18 01:06:41.374,1.06011,1.06037
2013.03.18 01:06:42.026,1.0601,1.06034
2013.03.18 01:06:42.599,1.0601,1.06036
2013.03.18 01:06:45.954,1.06007,1.06033
2013.03.18 01:06:46.668,1.06005,1.06031
2013.03.18 01:06:46.844,1.06008,1.06034
2013.03.18 01:06:46.904,1.06008,1.06034
2013.03.18 01:06:47.085,1.06006,1.06034
2013.03.18 01:06:47.326,1.06006,1.06033
2013.03.18 01:06:47.684,1.06009,1.06033
2013.03.18 01:06:48.045,1.06009,1.06033
2013.03.18 01:06:48.104,1.06007,1.06033
2013.03.18 01:06:48.285,1.06003,1.0603
2013.03.18 01:06:49.175,1.06003,1.06029
2013.03.18 01:06:52.799,1.06003,1.06029
2013.03.18 01:06:53.104,1.06003,1.06029
2013.03.18 01:06:54.824,1.06003,1.06029
2013.03.18 01:06:55.594,1.06003,1.0603
2013.03.18 01:06:55.785,1.06003,1.06029
2013.03.18 01:06:56.144,1.05999,1.06025
2013.03.18 01:06:58.344,1.05999,1.06025
2013.03.18 01:06:58.529,1.06004,1.06028
2013.03.18 01:06:58.654,1.06004,1.06028
2013.03.18 01:06:59.490,1.06004,1.06028
2013.03.18 01:06:59.674,1.06006,1.06031
2013.03.18 01:07:01.526,1.06004,1.06028
2013.03.18 01:07:01.826,1.05998,1.06024
2013.03.18 01:07:02.414,1.05998,1.06024
2013.03.18 01:07:02.894,1.05998,1.06022
2013.03.18 01:07:03.519,1.05998,1.06022
2013.03.18 01:07:04.365,1.06003,1.06022
2013.03.18 01:07:04.604,1.06003,1.06029
2013.03.18 01:07:04.664,1.06003,1.06029
2013.03.18 01:07:04.784,1.06003,1.06029
2013.03.18 01:07:05.364,1.06005,1.06028
2013.03.18 01:07:05.784,1.06006,1.06028
2013.03.18 01:07:06.145,1.06006,1.06029
2013.03.18 01:07:06.900,1.06006,1.06031
2013.03.18 01:07:09.134,1.0601,1.06031
2013.03.18 01:07:09.254,1.06011,1.06036
2013.03.18 01:07:09.314,1.06011,1.06036
2013.03.18 01:07:10.344,1.06015,1.06041
2013.03.18 01:07:10.895,1.06015,1.06042
2013.03.18 01:07:11.634,1.06014,1.06041
2013.03.18 01:07:11.754,1.06011,1.06038
2013.03.18 01:07:12.299,1.06011,1.06038
2013.03.18 01:07:12.814,1.06011,1.06035
2013.03.18 01:07:13.115,1.06004,1.06031
2013.03.18 01:07:13.415,1.06004,1.06029
2013.03.18 01:07:14.354,1.06004,1.06028
2013.03.18 01:07:14.415,1.06004,1.06028
2013.03.18 01:07:14.475,1.06001,1.06026
2013.03.18 01:07:14.784,1.05998,1.06023
2013.03.18 01:07:15.086,1.05997,1.06023
2013.03.18 01:07:15.455,1.05994,1.06019
2013.03.18 01:07:16.001,1.05994,1.06019
2013.03.18 01:07:16.734,1.05997,1.06022
2013.03.18 01:07:16.795,1.05997,1.06023
2013.03.18 01:07:16.855,1.05997,1.06023
2013.03.18 01:07:17.154,1.06002,1.06023
2013.03.18 01:07:17.515,1.06003,1.06028
2013.03.18 01:07:17.575,1.06001,1.06027
2013.03.18 01:07:17.916,1.05998,1.06024
2013.03.18 01:07:37.814,1.05995,1.06022
2013.03.18 01:07:49.854,1.05994,1.0602
2013.03.18 01:07:54.563,1.05994,1.06022
2013.03.18 01:07:55.435,1.05994,1.0602
2013.03.18 01:07:55.557,1.05992,1.06017
2013.03.18 01:07:55.866,1.05991,1.06014
2013.03.18 01:07:56.116,1.05984,1.06009
2013.03.18 01:07:56.294,1.05984,1.06008
2013.03.18 01:07:56.654,1.05984,1.06006
2013.03.18 01:07:57.024,1.05984,1.0601
2013.03.18 01:07:57.444,1.05984,1.06012
2013.03.18 01:08:17.017,1.05985,1.06012
2013.03.18 01:08:26.914,1.05992,1.06015
2013.03.18 01:08:27.574,1.05992,1.06013
2013.03.18 01:08:28.064,1.05991,1.06017
2013.03.18 01:08:30.454,1.05988,1.06013
2013.03.18 01:08:40.321,1.05987,1.06012
2013.03.18 01:08:40.624,1.05981,1.06008
2013.03.18 01:08:40.745,1.05982,1.06008
2013.03.18 01:08:40.804,1.05981,1.06002
2013.03.18 01:08:41.044,1.05981,1.06007
2013.03.18 01:08:41.105,1.0598,1.06008
2013.03.18 01:08:41.165,1.0598,1.06008
2013.03.18 01:08:41.585,1.0598,1.06008
2013.03.18 01:08:45.964,1.05986,1.06009
2013.03.18 01:08:46.595,1.05986,1.0601
2013.03.18 01:08:47.154,1.05986,1.0601
2013.03.18 01:08:50.905,1.05986,1.0601
2013.03.18 01:08:51.144,1.05991,1.0601
2013.03.18 01:08:51.444,1.05986,1.06012
2013.03.18 01:08:58.815,1.05986,1.0601
2013.03.18 01:09:11.581,1.05984,1.0601
2013.03.18 01:09:11.705,1.05984,1.0601
2013.03.18 01:09:12.490,1.0598,1.06007
2013.03.18 01:09:14.056,1.05982,1.06006
2013.03.18 01:09:14.174,1.05984,1.0601
2013.03.18 01:09:17.824,1.05984,1.0601
2013.03.18 01:09:18.519,1.05986,1.06011
2013.03.18 01:09:24.464,1.05984,1.0601
2013.03.18 01:09:25.011,1.05983,1.06009
2013.03.18 01:09:25.076,1.05981,1.06006
2013.03.18 01:09:42.096,1.0598,1.06005
2013.03.18 01:09:44.068,1.0598,1.06006
2013.03.18 01:09:45.855,1.05981,1.06006
2013.03.18 01:09:45.915,1.05981,1.06008
2013.03.18 01:09:46.845,1.05981,1.06009
2013.03.18 01:09:57.104,1.05981,1.06009
2013.03.18 01:09:58.934,1.05981,1.06009
2013.03.18 01:09:59.739,1.05981,1.06009
2013.03.18 01:10:01.436,1.05981,1.06009
2013.03.18 01:10:03.565,1.05981,1.06009
2013.03.18 01:10:03.859,1.05981,1.06008
2013.03.18 01:10:05.834,1.0598,1.06007
2013.03.18 01:10:05.894,1.0598,1.06007
2013.03.18 01:10:07.834,1.0598,1.06007
2013.03.18 01:10:10.654,1.0598,1.06007
2013.03.18 01:10:12.765,1.05984,1.06007
2013.03.18 01:10:13.005,1.05981,1.06006
2013.03.18 01:10:13.125,1.05985,1.0601
2013.03.18 01:10:13.431,1.05985,1.06012
2013.03.18 01:10:13.935,1.05985,1.06012
2013.03.18 01:10:14.555,1.05985,1.06011
2013.03.18 01:10:15.914,1.05985,1.06012
2013.03.18 01:10:19.326,1.05985,1.06011
2013.03.18 01:10:21.284,1.05985,1.06012
2013.03.18 01:10:21.609,1.05981,1.06007
2013.03.18 01:10:21.805,1.05981,1.06007
2013.03.18 01:10:22.416,1.05981,1.06007
2013.03.18 01:10:22.794,1.0598,1.06007
2013.03.18 01:10:23.582,1.0598,1.06003
2013.03.18 01:10:25.306,1.05982,1.06008
2013.03.18 01:10:25.364,1.05982,1.0601
2013.03.18 01:10:28.906,1.05982,1.06011
2013.03.18 01:10:28.965,1.0598,1.06005
2013.03.18 01:10:30.385,1.05978,1.06005
2013.03.18 01:10:36.924,1.05977,1.06004
2013.03.18 01:10:37.426,1.05974,1.05999
2013.03.18 01:10:41.045,1.05982,1.06004
2013.03.18 01:10:41.105,1.05977,1.06003
2013.03.18 01:10:41.396,1.05981,1.06004
2013.03.18 01:10:41.644,1.05981,1.06008
2013.03.18 01:10:41.944,1.05986,1.0601
2013.03.18 01:10:42.005,1.05986,1.0601
2013.03.18 01:10:43.295,1.05986,1.0601
2013.03.18 01:10:43.595,1.05984,1.0601
2013.03.18 01:10:43.716,1.05979,1.06005
2013.03.18 01:10:44.236,1.05976,1.06
2013.03.18 01:10:47.546,1.05976,1.06003
2013.03.18 01:10:47.868,1.05976,1.06003
2013.03.18 01:10:48.104,1.05981,1.06008
2013.03.18 01:10:51.055,1.05981,1.06005
2013.03.18 01:10:52.045,1.05981,1.06008
2013.03.18 01:11:08.046,1.05983,1.06008
2013.03.18 01:11:08.375,1.05983,1.0601
2013.03.18 01:11:10.085,1.05983,1.0601
2013.03.18 01:11:13.076,1.05983,1.0601
2013.03.18 01:11:19.323,1.05983,1.06008
2013.03.18 01:11:27.175,1.05983,1.0601
2013.03.18 01:11:28.255,1.05979,1.06007
2013.03.18 01:11:28.565,1.05979,1.06007
2013.03.18 01:11:29.556,1.0598,1.06007
2013.03.18 01:11:31.105,1.05979,1.06007
2013.03.18 01:11:33.634,1.0598,1.06007
2013.03.18 01:11:34.605,1.05985,1.06013
2013.03.18 01:11:39.975,1.0599,1.06017
2013.03.18 01:11:40.095,1.0599,1.06017
2013.03.18 01:11:41.073,1.0599,1.06017
2013.03.18 01:11:41.516,1.05997,1.06023
2013.03.18 01:11:42.256,1.06,1.06027
2013.03.18 01:11:42.330,1.06001,1.06029
2013.03.18 01:11:42.635,1.06003,1.0603
2013.03.18 01:11:43.384,1.06001,1.06027
2013.03.18 01:11:43.814,1.05996,1.06023
2013.03.18 01:11:55.605,1.05996,1.06023
2013.03.18 01:11:56.604,1.05996,1.06023
2013.03.18 01:11:57.334,1.06001,1.06029
2013.03.18 01:11:57.407,1.05998,1.06024
2013.03.18 01:11:57.464,1.05997,1.06024
2013.03.18 01:12:00.175,1.05998,1.06026
2013.03.18 01:12:01.313,1.06001,1.06029
2013.03.18 01:12:04.105,1.06003,1.06029
2013.03.18 01:12:05.984,1.06007,1.06029
2013.03.18 01:12:06.415,1.06008,1.06035
2013.03.18 01:12:07.705,1.06008,1.06034
2013.03.18 01:12:07.825,1.06008,1.06032
2013.03.18 01:12:08.065,1.06001,1.06028
2013.03.18 01:12:08.546,1.05996,1.06024
2013.03.18 01:12:08.904,1.06005,1.0603
2013.03.18 01:12:12.395,1.06002,1.06029
2013.03.18 01:12:12.454,1.05998,1.06026
2013.03.18 01:12:13.935,1.05998,1.06026
2013.03.18 01:12:14.175,1.05998,1.06026
2013.03.18 01:12:14.366,1.06002,1.06026
2013.03.18 01:12:14.425,1.06006,1.06033
2013.03.18 01:12:15.315,1.06006,1.06035
2013.03.18 01:12:15.806,1.06011,1.06036
2013.03.18 01:12:15.864,1.06011,1.06037
2013.03.18 01:12:18.225,1.06011,1.06036
2013.03.18 01:12:18.405,1.06011,1.06036
2013.03.18 01:12:19.476,1.06012,1.06039
2013.03.18 01:12:19.535,1.06014,1.06041
2013.03.18 01:12:20.486,1.06012,1.06038
2013.03.18 01:12:20.545,1.06011,1.06036
2013.03.18 01:12:22.167,1.06012,1.06038
2013.03.18 01:12:22.225,1.06013,1.06039
2013.03.18 01:12:22.303,1.06015,1.06039
2013.03.18 01:12:22.944,1.06013,1.06039
2013.03.18 01:12:23.331,1.06015,1.06041
2013.03.18 01:12:23.458,1.06019,1.06045
2013.03.18 01:12:23.885,1.06021,1.06045
2013.03.18 01:12:24.004,1.0602,1.06044
2013.03.18 01:12:25.054,1.06015,1.06042
2013.03.18 01:12:26.604,1.0602,1.06042
2013.03.18 01:12:28.615,1.06017,1.06044
2013.03.18 01:12:28.797,1.06016,1.06042
2013.03.18 01:12:29.181,1.06013,1.06039
2013.03.18 01:12:29.605,1.06012,1.06038
2013.03.18 01:12:30.154,1.06012,1.06039
2013.03.18 01:12:30.335,1.06012,1.06039
2013.03.18 01:12:31.995,1.06007,1.06033
2013.03.18 01:12:32.114,1.06007,1.06033
2013.03.18 01:12:32.775,1.06006,1.06033
2013.03.18 01:12:32.835,1.06005,1.06032
2013.03.18 01:12:33.195,1.06003,1.06024
2013.03.18 01:12:35.065,1.05996,1.06024
2013.03.18 01:12:38.155,1.05994,1.06021
2013.03.18 01:12:38.215,1.05992,1.06016
2013.03.18 01:12:38.335,1.0599,1.06013
2013.03.18 01:12:38.665,1.0599,1.06015
2013.03.18 01:12:39.094,1.0599,1.06013
2013.03.18 01:12:39.394,1.05988,1.06009
2013.03.18 01:12:39.456,1.05984,1.06009
2013.03.18 01:12:44.632,1.05984,1.06012
2013.03.18 01:12:47.785,1.0599,1.06016
2013.03.18 01:12:48.076,1.0599,1.06016
2013.03.18 01:12:50.196,1.0599,1.06018
2013.03.18 01:12:50.374,1.0599,1.06018
2013.03.18 01:12:50.959,1.0599,1.06018
2013.03.18 01:12:51.025,1.05996,1.06021
2013.03.18 01:12:51.085,1.05996,1.06024
2013.03.18 01:12:51.595,1.05997,1.06021
2013.03.18 01:12:55.765,1.05994,1.06018
2013.03.18 01:12:59.456,1.05989,1.06016
2013.03.18 01:13:01.349,1.05992,1.06018
2013.03.18 01:13:08.156,1.05992,1.06016
2013.03.18 01:13:08.756,1.05986,1.06013
2013.03.18 01:13:09.134,1.05991,1.06018
2013.03.18 01:13:09.576,1.05991,1.06017
2013.03.18 01:13:10.347,1.05991,1.06017
2013.03.18 01:13:10.958,1.05991,1.06017
2013.03.18 01:13:13.804,1.05991,1.06018
2013.03.18 01:13:13.864,1.05991,1.06017
2013.03.18 01:13:14.186,1.05987,1.06013
2013.03.18 01:13:15.345,1.05987,1.06011
2013.03.18 01:13:19.330,1.05987,1.06011
2013.03.18 01:13:22.836,1.05987,1.06013
2013.03.18 01:13:23.335,1.05987,1.06013
2013.03.18 01:13:23.958,1.05989,1.06016
2013.03.18 01:13:24.794,1.05991,1.06016
2013.03.18 01:13:25.094,1.05995,1.06018
2013.03.18 01:13:26.244,1.05991,1.06015
2013.03.18 01:13:26.785,1.05991,1.06017
2013.03.18 01:13:36.525,1.05991,1.06015
2013.03.18 01:13:36.845,1.05986,1.06013
2013.03.18 01:13:37.654,1.05987,1.06013
2013.03.18 01:13:38.958,1.05991,1.06015
2013.03.18 01:13:39.015,1.05991,1.06016
2013.03.18 01:13:43.984,1.05991,1.06017
2013.03.18 01:13:49.296,1.05995,1.06019
2013.03.18 01:13:50.516,1.05995,1.0602
2013.03.18 01:13:58.095,1.05995,1.06021
2013.03.18 01:14:02.985,1.05995,1.06017
2013.03.18 01:14:03.044,1.05995,1.06017
2013.03.18 01:14:03.344,1.05995,1.06019
2013.03.18 01:14:03.525,1.0599,1.06019
2013.03.18 01:14:05.955,1.05995,1.06019
2013.03.18 01:14:12.877,1.05995,1.06021
2013.03.18 01:14:13.596,1.05995,1.06018
2013.03.18 01:14:13.919,1.05991,1.06017
2013.03.18 01:14:14.736,1.05996,1.06019
2013.03.18 01:14:14.796,1.05996,1.0602
2013.03.18 01:14:15.598,1.05996,1.06021
2013.03.18 01:14:19.465,1.05997,1.06022
2013.03.18 01:14:19.645,1.06002,1.06026
2013.03.18 01:14:20.065,1.06006,1.06032
2013.03.18 01:14:20.425,1.06006,1.06032
2013.03.18 01:14:24.364,1.06004,1.06032
2013.03.18 01:14:25.122,1.06006,1.06034
2013.03.18 01:14:30.115,1.06004,1.06032
2013.03.18 01:14:33.371,1.06004,1.06032
2013.03.18 01:14:33.591,1.06006,1.06032
2013.03.18 01:14:35.605,1.06004,1.0603
2013.03.18 01:14:37.350,1.06006,1.0603
2013.03.18 01:14:42.257,1.06004,1.06031
2013.03.18 01:14:45.050,1.06004,1.06032
2013.03.18 01:14:52.090,1.06006,1.06032
2013.03.18 01:14:54.455,1.06004,1.06032
2013.03.18 01:14:54.634,1.06006,1.06034
2013.03.18 01:15:00.155,1.06004,1.06031
2013.03.18 01:15:05.467,1.06006,1.06031
2013.03.18 01:15:08.075,1.06009,1.06035
2013.03.18 01:15:11.895,1.06008,1.06033
2013.03.18 01:15:20.058,1.06008,1.06034
2013.03.18 01:15:20.175,1.06009,1.06035
2013.03.18 01:15:20.535,1.06013,1.06038
2013.03.18 01:15:21.065,1.06013,1.06038
2013.03.18 01:15:21.609,1.06013,1.06038
2013.03.18 01:15:25.301,1.06014,1.0604
2013.03.18 01:15:37.426,1.06014,1.0604
2013.03.18 01:15:37.956,1.06014,1.06039
2013.03.18 01:15:42.192,1.06014,1.06038
2013.03.18 01:15:42.810,1.06014,1.06038
2013.03.18 01:15:44.046,1.06014,1.06038
2013.03.18 01:15:44.689,1.06014,1.06039
2013.03.18 01:15:49.725,1.06009,1.06035
2013.03.18 01:15:50.379,1.06009,1.06035
2013.03.18 01:15:53.176,1.06007,1.06034
2013.03.18 01:15:53.235,1.06006,1.06032
2013.03.18 01:15:53.555,1.06004,1.06031
2013.03.18 01:15:54.099,1.06004,1.06028
2013.03.18 01:16:02.942,1.06001,1.06028
2013.03.18 01:16:04.635,1.05998,1.06027
2013.03.18 01:16:05.145,1.05998,1.06026
2013.03.18 01:16:06.006,1.06004,1.06028
2013.03.18 01:16:12.875,1.05999,1.06024
2013.03.18 01:16:13.975,1.05994,1.0602
2013.03.18 01:16:14.395,1.05994,1.0602
2013.03.18 01:16:16.616,1.05992,1.06019
2013.03.18 01:16:16.915,1.05992,1.06019
2013.03.18 01:16:17.156,1.05989,1.06016
2013.03.18 01:16:23.778,1.05991,1.06016
2013.03.18 01:16:23.850,1.05994,1.06018
2013.03.18 01:16:24.403,1.05994,1.06021
2013.03.18 01:16:28.329,1.05991,1.06019
2013.03.18 01:16:33.647,1.05991,1.06018
2013.03.18 01:16:33.766,1.05986,1.06014
2013.03.18 01:16:34.126,1.05986,1.06013
2013.03.18 01:16:42.706,1.05983,1.06009
2013.03.18 01:16:42.886,1.05981,1.06007
2013.03.18 01:16:43.005,1.05981,1.06004
2013.03.18 01:16:43.547,1.05977,1.06004
2013.03.18 01:16:45.616,1.05977,1.06001
2013.03.18 01:16:45.735,1.0597,1.05996
2013.03.18 01:16:45.855,1.0597,1.05996
2013.03.18 01:16:46.363,1.0597,1.05994
2013.03.18 01:16:46.968,1.05964,1.05991
2013.03.18 01:16:47.866,1.05964,1.05991
2013.03.18 01:16:48.345,1.05969,1.05996
2013.03.18 01:16:48.907,1.05964,1.05987
2013.03.18 01:16:48.967,1.05964,1.05987
2013.03.18 01:16:49.506,1.05961,1.05987
2013.03.18 01:16:49.566,1.05967,1.05994
2013.03.18 01:16:50.713,1.05975,1.06002
2013.03.18 01:16:50.835,1.05977,1.06003
2013.03.18 01:16:51.286,1.05979,1.06005
2013.03.18 01:16:51.915,1.05984,1.06009
2013.03.18 01:16:52.396,1.05982,1.06009
2013.03.18 01:16:57.106,1.05984,1.06012
2013.03.18 01:16:57.285,1.05988,1.06013
2013.03.18 01:16:57.607,1.05988,1.06014
2013.03.18 01:16:57.847,1.05988,1.06014
2013.03.18 01:16:58.655,1.05987,1.06014
2013.03.18 01:17:01.626,1.05987,1.06014
2013.03.18 01:17:01.806,1.0599,1.06017
2013.03.18 01:17:02.563,1.05987,1.06014
2013.03.18 01:17:12.155,1.0599,1.06014
2013.03.18 01:17:12.575,1.0599,1.06017
2013.03.18 01:17:13.065,1.05994,1.06022
2013.03.18 01:17:13.186,1.05998,1.06024
2013.03.18 01:17:14.158,1.06,1.06026
2013.03.18 01:17:14.277,1.06003,1.0603
2013.03.18 01:17:14.575,1.06008,1.06034
2013.03.18 01:17:17.784,1.06008,1.06034
2013.03.18 01:17:20.865,1.06006,1.06034
2013.03.18 01:17:21.406,1.06007,1.06034
2013.03.18 01:17:21.825,1.06006,1.06034
2013.03.18 01:17:30.436,1.06006,1.06031
2013.03.18 01:17:30.795,1.06004,1.06026
2013.03.18 01:17:31.015,1.06001,1.06026
2013.03.18 01:17:31.388,1.05996,1.06023
