Time,Bid,Ask
2013.03.15 00:00:00.629,1.06092,1.06113
2013.03.15 00:00:01.948,1.06089,1.06113
2013.03.15 00:00:02.368,1.06088,1.06113
2013.03.15 00:00:13.380,1.06084,1.0611
2013.03.15 00:00:16.139,1.06084,1.0611
2013.03.15 00:00:18.199,1.06086,1.0611
2013.03.15 00:00:20.358,1.06084,1.0611
2013.03.15 00:00:20.954,1.06084,1.06109
2013.03.15 00:00:23.548,1.06085,1.06109
2013.03.15 00:00:25.000,1.06085,1.06109
2013.03.15 00:00:33.159,1.06083,1.06108
2013.03.15 00:00:33.715,1.06085,1.06108
2013.03.15 00:00:34.107,1.06086,1.06109
2013.03.15 00:00:34.682,1.06086,1.0611
2013.03.15 00:00:41.256,1.06086,1.0611
2013.03.15 00:00:57.949,1.06085,1.06109
2013.03.15 00:00:58.069,1.06085,1.06108
2013.03.15 00:00:58.431,1.06081,1.06103
2013.03.15 00:00:58.790,1.06078,1.06102
2013.03.15 00:00:59.100,1.06079,1.06103
2013.03.15 00:01:05.555,1.06079,1.06104
2013.03.15 00:01:05.632,1.06078,1.06104
2013.03.15 00:01:13.112,1.06079,1.06104
2013.03.15 00:01:15.323,1.06077,1.06103
2013.03.15 00:01:18.009,1.06079,1.06102
2013.03.15 00:01:18.443,1.0608,1.06102
2013.03.15 00:01:22.319,1.06078,1.06102
2013.03.15 00:01:22.439,1.06076,1.06102
2013.03.15 00:01:22.919,1.06079,1.06102
2013.03.15 00:01:23.379,1.0608,1.06104
2013.03.15 00:01:26.369,1.06083,1.06108
2013.03.15 00:01:33.969,1.06083,1.06107
2013.03.15 00:01:37.758,1.06083,1.06108
2013.03.15 00:01:39.690,1.06088,1.06109
2013.03.15 00:01:40.465,1.06089,1.06113
2013.03.15 00:01:44.478,1.06089,1.06114
2013.03.15 00:01:44.709,1.06092,1.06116
2013.03.15 00:01:45.329,1.06094,1.06118
2013.03.15 00:01:46.603,1.06094,1.06119
2013.03.15 00:01:48.321,1.06094,1.0612
2013.03.15 00:01:50.852,1.06094,1.06118
2013.03.15 00:01:53.052,1.06094,1.0612
2013.03.15 00:01:54.049,1.06094,1.06118
2013.03.15 00:01:55.401,1.06094,1.06119
2013.03.15 00:01:57.059,1.06094,1.0612
2013.03.15 00:01:58.689,1.06095,1.0612
2013.03.15 00:02:02.512,1.06094,1.0612
2013.03.15 00:02:02.627,1.06095,1.0612
2013.03.15 00:02:02.979,1.06094,1.06117
2013.03.15 00:02:03.344,1.06092,1.06116
2013.03.15 00:02:04.070,1.06092,1.06116
2013.03.15 00:02:05.379,1.06092,1.06113
2013.03.15 00:02:08.121,1.06092,1.06113
2013.03.15 00:02:11.189,1.06093,1.06118
2013.03.15 00:02:11.429,1.06098,1.06118
2013.03.15 00:02:11.499,1.06095,1.06118
2013.03.15 00:02:11.806,1.06094,1.06118
2013.03.15 00:02:18.869,1.06095,1.06118
2013.03.15 00:02:19.421,1.06095,1.06118
2013.03.15 00:02:39.258,1.06096,1.06118
2013.03.15 00:02:49.802,1.06096,1.06118
2013.03.15 00:02:58.730,1.06097,1.06118
2013.03.15 00:03:14.699,1.06099,1.06118
2013.03.15 00:03:17.019,1.06099,1.06119
2013.03.15 00:03:18.870,1.06099,1.06125
2013.03.15 00:03:19.437,1.06099,1.06125
2013.03.15 00:03:20.919,1.061,1.06124
2013.03.15 00:03:21.555,1.061,1.06126
2013.03.15 00:03:22.219,1.061,1.06123
2013.03.15 00:03:22.579,1.06095,1.06119
2013.03.15 00:03:23.429,1.06095,1.06118
2013.03.15 00:03:23.489,1.06093,1.06117
2013.03.15 00:03:24.052,1.06091,1.06114
2013.03.15 00:03:24.589,1.06088,1.06113
2013.03.15 00:03:25.147,1.06088,1.0611
2013.03.15 00:03:25.651,1.06086,1.06109
2013.03.15 00:03:25.711,1.06086,1.06108
2013.03.15 00:03:26.479,1.06082,1.06106
2013.03.15 00:03:26.599,1.06082,1.06104
2013.03.15 00:03:28.053,1.06078,1.06103
2013.03.15 00:03:29.882,1.06077,1.06102
2013.03.15 00:03:30.939,1.0608,1.06104
2013.03.15 00:03:32.080,1.06078,1.06104
2013.03.15 00:03:32.303,1.0608,1.06104
2013.03.15 00:03:37.109,1.06082,1.06104
2013.03.15 00:03:37.419,1.06084,1.06105
2013.03.15 00:03:37.730,1.06084,1.06107
2013.03.15 00:03:37.920,1.06086,1.06107
2013.03.15 00:03:43.249,1.06087,1.06109
2013.03.15 00:03:44.900,1.06087,1.06108
2013.03.15 00:03:48.030,1.06087,1.06109
2013.03.15 00:03:51.350,1.06088,1.06111
2013.03.15 00:03:51.471,1.06092,1.06115
2013.03.15 00:03:52.270,1.06091,1.06113
2013.03.15 00:03:57.889,1.06089,1.06113
2013.03.15 00:04:00.169,1.06088,1.06112
2013.03.15 00:04:00.679,1.06084,1.06108
2013.03.15 00:04:01.499,1.06083,1.06107
2013.03.15 00:04:02.170,1.06083,1.06107
2013.03.15 00:04:06.511,1.06084,1.06105
2013.03.15 00:04:10.929,1.06085,1.06109
2013.03.15 00:04:21.849,1.06084,1.06108
2013.03.15 00:04:22.910,1.06084,1.06108
2013.03.15 00:04:23.559,1.06084,1.06108
2013.03.15 00:04:25.569,1.06084,1.06107
2013.03.15 00:04:27.862,1.06084,1.06107
2013.03.15 00:04:29.670,1.06084,1.06107
2013.03.15 00:04:31.209,1.06084,1.06107
2013.03.15 00:04:32.168,1.06084,1.06108
2013.03.15 00:04:44.270,1.06084,1.06105
2013.03.15 00:04:47.500,1.06086,1.06108
2013.03.15 00:04:50.331,1.06086,1.06107
2013.03.15 00:04:50.791,1.06086,1.06109
2013.03.15 00:04:57.251,1.06086,1.06109
2013.03.15 00:05:00.341,1.06086,1.06107
2013.03.15 00:05:01.770,1.06086,1.06109
2013.03.15 00:05:06.280,1.06086,1.06108
2013.03.15 00:05:06.520,1.06086,1.06109
2013.03.15 00:05:07.310,1.06086,1.06109
2013.03.15 00:05:10.652,1.06087,1.06112
2013.03.15 00:05:10.970,1.0609,1.06111
2013.03.15 00:05:11.629,1.06091,1.06115
2013.03.15 00:05:13.410,1.06091,1.06115
2013.03.15 00:05:14.740,1.06087,1.06111
2013.03.15 00:05:14.979,1.06089,1.06112
2013.03.15 00:05:15.409,1.06089,1.06113
2013.03.15 00:05:15.469,1.0609,1.06116
2013.03.15 00:05:15.529,1.06094,1.06116
2013.03.15 00:05:20.541,1.06096,1.0612
2013.03.15 00:05:20.999,1.06099,1.0612
2013.03.15 00:05:21.359,1.06107,1.06129
2013.03.15 00:05:21.541,1.06108,1.06134
2013.03.15 00:05:21.900,1.06108,1.0613
2013.03.15 00:05:22.320,1.06109,1.0613
2013.03.15 00:05:23.580,1.06113,1.06136
2013.03.15 00:05:23.883,1.06114,1.06136
2013.03.15 00:05:23.949,1.0611,1.06134
2013.03.15 00:05:24.129,1.06107,1.06133
2013.03.15 00:05:24.649,1.06107,1.06129
2013.03.15 00:05:24.709,1.06104,1.06127
2013.03.15 00:05:25.460,1.06105,1.06128
2013.03.15 00:05:27.172,1.06105,1.06129
2013.03.15 00:05:28.620,1.06105,1.0613
2013.03.15 00:05:30.637,1.06105,1.06129
2013.03.15 00:05:30.727,1.06105,1.0613
2013.03.15 00:05:31.276,1.06106,1.06131
2013.03.15 00:05:31.841,1.06108,1.06132
2013.03.15 00:05:33.270,1.06112,1.06134
2013.03.15 00:05:33.330,1.06112,1.06135
2013.03.15 00:05:33.870,1.06112,1.06136
2013.03.15 00:05:34.412,1.06115,1.06137
2013.03.15 00:05:34.532,1.06112,1.06136
2013.03.15 00:05:35.400,1.06113,1.06136
2013.03.15 00:05:35.520,1.06111,1.06136
2013.03.15 00:05:36.829,1.06107,1.06131
2013.03.15 00:05:36.949,1.06107,1.0613
2013.03.15 00:05:37.313,1.06103,1.06127
2013.03.15 00:05:37.381,1.06102,1.06126
2013.03.15 00:05:37.620,1.06103,1.06127
2013.03.15 00:05:37.979,1.06101,1.06124
2013.03.15 00:05:38.159,1.06097,1.0612
2013.03.15 00:05:38.282,1.06096,1.0612
2013.03.15 00:05:43.260,1.06097,1.06119
2013.03.15 00:05:52.026,1.06097,1.06121
2013.03.15 00:05:52.604,1.06097,1.06121
2013.03.15 00:05:52.941,1.06098,1.06123
2013.03.15 00:05:55.390,1.06095,1.0612
2013.03.15 00:05:55.459,1.06095,1.06119
2013.03.15 00:05:57.330,1.06093,1.06117
2013.03.15 00:06:02.980,1.0609,1.06115
2013.03.15 00:06:07.246,1.0609,1.06113
2013.03.15 00:06:08.819,1.0609,1.06113
2013.03.15 00:06:08.950,1.0609,1.06111
2013.03.15 00:06:09.510,1.06086,1.0611
2013.03.15 00:06:10.001,1.06083,1.06107
2013.03.15 00:06:10.421,1.06081,1.06107
2013.03.15 00:06:12.888,1.06081,1.06107
2013.03.15 00:06:16.480,1.06081,1.06105
2013.03.15 00:06:16.660,1.06081,1.06105
2013.03.15 00:06:16.720,1.06081,1.06103
2013.03.15 00:06:17.030,1.06078,1.06099
2013.03.15 00:06:17.090,1.06078,1.06099
2013.03.15 00:06:17.669,1.0608,1.06099
2013.03.15 00:06:17.729,1.0608,1.06104
2013.03.15 00:06:17.789,1.06086,1.06104
2013.03.15 00:06:17.850,1.0608,1.06104
2013.03.15 00:06:18.090,1.06078,1.061
2013.03.15 00:06:18.451,1.06081,1.06104
2013.03.15 00:06:19.060,1.06081,1.06104
2013.03.15 00:06:19.240,1.06082,1.06104
2013.03.15 00:06:19.550,1.06085,1.06106
2013.03.15 00:06:19.876,1.06085,1.06106
2013.03.15 00:06:20.060,1.06086,1.06109
2013.03.15 00:06:20.239,1.06086,1.06109
2013.03.15 00:06:20.921,1.06089,1.06109
2013.03.15 00:06:28.241,1.06085,1.06109
2013.03.15 00:06:28.769,1.06085,1.06111
2013.03.15 00:06:29.791,1.06085,1.06109
2013.03.15 00:06:29.850,1.06085,1.06108
2013.03.15 00:06:31.988,1.06087,1.06108
2013.03.15 00:06:32.609,1.06089,1.0611
2013.03.15 00:06:33.591,1.06089,1.06113
2013.03.15 00:06:33.709,1.06087,1.06111
2013.03.15 00:06:49.177,1.06091,1.06113
2013.03.15 00:06:49.240,1.06091,1.06114
2013.03.15 00:07:05.300,1.06091,1.06113
2013.03.15 00:07:08.460,1.06091,1.06113
2013.03.15 00:07:09.387,1.06094,1.06113
2013.03.15 00:07:10.422,1.06094,1.06118
2013.03.15 00:07:16.150,1.06091,1.06113
2013.03.15 00:07:16.212,1.06086,1.0611
2013.03.15 00:07:16.451,1.06086,1.06106
2013.03.15 00:07:22.944,1.06086,1.0611
2013.03.15 00:07:47.391,1.06087,1.06111
2013.03.15 00:07:53.090,1.06087,1.06109
2013.03.15 00:07:54.180,1.06087,1.06111
2013.03.15 00:07:54.860,1.06087,1.0611
2013.03.15 00:07:55.040,1.06087,1.06111
2013.03.15 00:07:55.579,1.06091,1.06112
2013.03.15 00:07:55.940,1.06091,1.06115
2013.03.15 00:07:56.060,1.06091,1.06116
2013.03.15 00:07:56.179,1.06094,1.06116
2013.03.15 00:07:56.420,1.06101,1.06121
2013.03.15 00:07:57.749,1.06101,1.06121
2013.03.15 00:07:59.879,1.06101,1.06123
2013.03.15 00:08:00.899,1.06101,1.06124
2013.03.15 00:08:03.615,1.06101,1.06125
2013.03.15 00:08:05.821,1.06101,1.06124
2013.03.15 00:08:12.030,1.06098,1.06122
2013.03.15 00:08:12.089,1.06097,1.06119
2013.03.15 00:08:12.638,1.06098,1.06121
2013.03.15 00:08:17.040,1.06098,1.06119
2013.03.15 00:08:24.090,1.06098,1.06116
2013.03.15 00:08:25.165,1.06098,1.06119
2013.03.15 00:08:26.409,1.06098,1.06123
2013.03.15 00:08:27.359,1.06102,1.06123
2013.03.15 00:08:28.349,1.06097,1.06123
2013.03.15 00:08:28.410,1.06097,1.0612
2013.03.15 00:08:31.084,1.061,1.06122
2013.03.15 00:08:35.553,1.06102,1.06122
2013.03.15 00:08:38.005,1.06102,1.0612
2013.03.15 00:08:38.279,1.06102,1.06123
2013.03.15 00:08:39.531,1.06102,1.06121
2013.03.15 00:08:42.629,1.06102,1.06121
2013.03.15 00:08:47.970,1.06102,1.06122
2013.03.15 00:08:52.029,1.06102,1.0612
2013.03.15 00:08:55.769,1.06102,1.06122
2013.03.15 00:08:58.601,1.061,1.06122
2013.03.15 00:08:59.049,1.06102,1.06122
2013.03.15 00:08:59.626,1.06102,1.06123
2013.03.15 00:09:00.180,1.06102,1.06121
2013.03.15 00:09:00.481,1.06102,1.06122
2013.03.15 00:09:02.139,1.06101,1.06122
2013.03.15 00:09:02.956,1.06101,1.06121
2013.03.15 00:09:03.471,1.061,1.06119
2013.03.15 00:09:04.011,1.06102,1.06119
2013.03.15 00:09:04.596,1.06101,1.06119
2013.03.15 00:09:05.366,1.06102,1.06119
2013.03.15 00:09:05.434,1.06102,1.06121
2013.03.15 00:09:07.841,1.06106,1.06121
2013.03.15 00:09:07.900,1.06106,1.06125
2013.03.15 00:09:08.509,1.06105,1.06124
2013.03.15 00:09:09.691,1.06105,1.06128
2013.03.15 00:09:09.870,1.06112,1.06129
2013.03.15 00:09:10.050,1.06112,1.06134
2013.03.15 00:09:10.591,1.06112,1.06133
2013.03.15 00:09:11.209,1.06115,1.06133
2013.03.15 00:09:12.565,1.06112,1.06133
2013.03.15 00:09:13.763,1.06111,1.06133
2013.03.15 00:09:14.971,1.0611,1.06132
2013.03.15 00:09:15.277,1.06106,1.06129
2013.03.15 00:09:16.657,1.06109,1.06131
2013.03.15 00:09:18.285,1.06106,1.06129
2013.03.15 00:09:18.861,1.06106,1.06128
2013.03.15 00:09:22.644,1.06106,1.06128
2013.03.15 00:09:24.951,1.0611,1.06128
2013.03.15 00:09:25.661,1.0611,1.0613
2013.03.15 00:09:27.799,1.0611,1.06126
2013.03.15 00:09:29.065,1.06106,1.06126
2013.03.15 00:09:29.530,1.06106,1.06123
2013.03.15 00:09:29.650,1.06106,1.06123
2013.03.15 00:09:29.710,1.06106,1.06121
2013.03.15 00:09:30.091,1.06101,1.06121
2013.03.15 00:09:30.449,1.06101,1.06121
2013.03.15 00:09:30.630,1.06101,1.06121
2013.03.15 00:09:31.380,1.061,1.06118
2013.03.15 00:09:31.671,1.061,1.0612
2013.03.15 00:09:32.010,1.061,1.06124
2013.03.15 00:09:32.600,1.061,1.06124
2013.03.15 00:09:33.160,1.06101,1.06123
2013.03.15 00:09:33.619,1.061,1.06123
2013.03.15 00:09:34.120,1.061,1.06124
2013.03.15 00:09:34.820,1.061,1.06123
2013.03.15 00:09:40.154,1.061,1.06123
2013.03.15 00:09:43.179,1.06101,1.06127
2013.03.15 00:09:47.105,1.06101,1.06126
2013.03.15 00:09:48.149,1.06101,1.06125
2013.03.15 00:09:48.330,1.061,1.06122
2013.03.15 00:09:48.640,1.061,1.06123
2013.03.15 00:09:50.110,1.061,1.06123
2013.03.15 00:09:50.844,1.06099,1.06122
2013.03.15 00:09:51.174,1.06099,1.06123
2013.03.15 00:09:52.080,1.06099,1.06122
2013.03.15 00:09:52.717,1.06099,1.06123
2013.03.15 00:09:53.750,1.06099,1.06122
2013.03.15 00:09:55.930,1.06099,1.06117
2013.03.15 00:09:56.411,1.06094,1.06116
2013.03.15 00:10:00.024,1.06097,1.06116
2013.03.15 00:10:00.240,1.06097,1.06119
2013.03.15 00:10:00.722,1.061,1.06123
2013.03.15 00:10:01.331,1.06102,1.06123
2013.03.15 00:10:06.570,1.06102,1.06125
2013.03.15 00:10:08.893,1.06104,1.06127
2013.03.15 00:10:09.497,1.06104,1.06125
2013.03.15 00:10:11.600,1.06104,1.06126
2013.03.15 00:10:12.350,1.06102,1.06125
2013.03.15 00:10:13.631,1.06104,1.06126
2013.03.15 00:10:13.690,1.06104,1.06127
2013.03.15 00:10:14.580,1.06107,1.06129
2013.03.15 00:10:14.903,1.0611,1.06132
2013.03.15 00:10:15.887,1.06108,1.06132
2013.03.15 00:10:17.710,1.06109,1.06133
2013.03.15 00:10:18.372,1.06109,1.06132
2013.03.15 00:10:18.930,1.06106,1.06129
2013.03.15 00:10:19.369,1.06106,1.06129
2013.03.15 00:10:19.491,1.06106,1.06129
2013.03.15 00:10:20.711,1.06107,1.06129
2013.03.15 00:10:26.817,1.06106,1.06129
2013.03.15 00:10:27.323,1.06104,1.06128
2013.03.15 00:10:27.872,1.06102,1.06128
2013.03.15 00:10:28.051,1.06101,1.06122
2013.03.15 00:10:31.000,1.06102,1.06125
2013.03.15 00:10:32.430,1.06101,1.06123
2013.03.15 00:10:32.970,1.06098,1.06122
2013.03.15 00:10:33.090,1.06095,1.06121
2013.03.15 00:10:36.431,1.06095,1.06119
2013.03.15 00:10:36.950,1.06095,1.06118
2013.03.15 00:10:37.962,1.06095,1.06119
2013.03.15 00:10:42.180,1.06095,1.06116
2013.03.15 00:10:45.240,1.06095,1.06118
2013.03.15 00:10:51.540,1.06097,1.06118
2013.03.15 00:10:51.720,1.06097,1.06119
2013.03.15 00:10:51.961,1.06099,1.06121
2013.03.15 00:10:52.080,1.06099,1.06123
2013.03.15 00:10:55.551,1.06099,1.06123
2013.03.15 00:10:55.995,1.06099,1.06123
2013.03.15 00:10:56.579,1.06102,1.06123
2013.03.15 00:11:04.210,1.06099,1.06125
2013.03.15 00:11:19.273,1.06099,1.06123
2013.03.15 00:11:21.974,1.06099,1.06124
2013.03.15 00:11:24.172,1.06099,1.06124
2013.03.15 00:11:40.062,1.06099,1.06124
2013.03.15 00:11:44.410,1.06101,1.06125
2013.03.15 00:11:46.354,1.06101,1.06127
2013.03.15 00:11:46.600,1.06101,1.06127
2013.03.15 00:11:50.660,1.06099,1.06122
2013.03.15 00:11:53.200,1.06099,1.06119
2013.03.15 00:11:53.260,1.06096,1.06118
2013.03.15 00:11:53.560,1.06094,1.06117
2013.03.15 00:12:12.710,1.06094,1.06114
2013.03.15 00:12:13.490,1.06092,1.06114
2013.03.15 00:12:14.562,1.06092,1.06113
2013.03.15 00:12:14.681,1.06088,1.06109
2013.03.15 00:12:14.740,1.06087,1.06109
2013.03.15 00:12:15.042,1.06086,1.06109
2013.03.15 00:12:15.101,1.06086,1.06106
2013.03.15 00:12:15.580,1.06083,1.06104
2013.03.15 00:12:16.582,1.06083,1.06106
2013.03.15 00:12:18.027,1.06083,1.06106
2013.03.15 00:12:22.637,1.06083,1.06108
2013.03.15 00:12:26.379,1.06083,1.06108
2013.03.15 00:12:26.511,1.06087,1.06108
2013.03.15 00:12:27.050,1.06089,1.06109
2013.03.15 00:12:27.837,1.06087,1.06112
2013.03.15 00:12:28.790,1.06089,1.06112
2013.03.15 00:12:28.971,1.06092,1.06114
2013.03.15 00:12:29.030,1.06092,1.06116
2013.03.15 00:12:29.331,1.06094,1.06118
2013.03.15 00:12:35.291,1.06095,1.06117
2013.03.15 00:12:35.650,1.06093,1.06116
2013.03.15 00:12:36.410,1.06092,1.06116
2013.03.15 00:12:48.820,1.06093,1.06117
2013.03.15 00:12:55.132,1.06093,1.06114
2013.03.15 00:12:55.460,1.06089,1.06108
2013.03.15 00:12:55.829,1.06088,1.06107
2013.03.15 00:12:57.450,1.06088,1.06109
2013.03.15 00:13:00.259,1.06088,1.0611
2013.03.15 00:13:01.560,1.06085,1.06109
2013.03.15 00:13:01.681,1.06085,1.06107
2013.03.15 00:13:04.821,1.06082,1.06106
2013.03.15 00:13:05.261,1.0608,1.06104
2013.03.15 00:13:05.501,1.0608,1.06101
2013.03.15 00:13:05.810,1.06079,1.061
2013.03.15 00:13:06.350,1.06078,1.06098
2013.03.15 00:13:06.650,1.06074,1.06098
2013.03.15 00:13:07.031,1.06074,1.06097
2013.03.15 00:13:09.481,1.06074,1.06095
2013.03.15 00:13:10.211,1.06074,1.06094
2013.03.15 00:13:19.627,1.06073,1.06094
2013.03.15 00:13:20.571,1.06073,1.06094
2013.03.15 00:13:20.632,1.06074,1.06096
2013.03.15 00:13:22.000,1.06074,1.06099
2013.03.15 00:13:23.450,1.06078,1.06099
2013.03.15 00:13:23.811,1.06079,1.06101
2013.03.15 00:13:24.010,1.06079,1.06104
2013.03.15 00:13:25.072,1.06079,1.06104
2013.03.15 00:13:25.882,1.06083,1.06106
2013.03.15 00:13:26.201,1.06081,1.06104
2013.03.15 00:13:26.260,1.06081,1.06104
2013.03.15 00:13:26.430,1.06079,1.06104
2013.03.15 00:13:26.550,1.06079,1.06101
2013.03.15 00:13:28.586,1.06077,1.06101
2013.03.15 00:13:38.360,1.06073,1.06097
2013.03.15 00:13:40.540,1.06073,1.06098
2013.03.15 00:13:40.964,1.06069,1.06093
2013.03.15 00:13:45.380,1.06067,1.06091
2013.03.15 00:13:45.496,1.06067,1.06091
2013.03.15 00:13:51.870,1.06069,1.06092
2013.03.15 00:13:52.310,1.06072,1.06092
2013.03.15 00:13:52.429,1.06072,1.06094
2013.03.15 00:13:52.550,1.06074,1.06094
2013.03.15 00:13:55.840,1.06078,1.06098
2013.03.15 00:13:55.900,1.06078,1.06101
2013.03.15 00:13:56.440,1.06079,1.06104
2013.03.15 00:13:56.565,1.06082,1.06104
2013.03.15 00:13:57.044,1.06082,1.06104
2013.03.15 00:13:58.820,1.06082,1.06106
2013.03.15 00:14:03.355,1.06085,1.06109
2013.03.15 00:14:04.181,1.06082,1.06108
2013.03.15 00:14:05.832,1.06085,1.06108
2013.03.15 00:14:06.030,1.06088,1.06108
2013.03.15 00:14:06.631,1.06093,1.06113
2013.03.15 00:14:08.630,1.06093,1.06116
2013.03.15 00:14:26.562,1.06092,1.06113
2013.03.15 00:14:27.267,1.06092,1.06115
2013.03.15 00:14:29.200,1.06089,1.06115
2013.03.15 00:14:30.282,1.06087,1.06109
2013.03.15 00:14:30.680,1.06087,1.06109
2013.03.15 00:14:31.241,1.06084,1.06107
2013.03.15 00:14:38.111,1.06086,1.06109
2013.03.15 00:14:40.142,1.06086,1.06108
2013.03.15 00:14:44.252,1.06086,1.06111
2013.03.15 00:14:44.430,1.06087,1.06111
2013.03.15 00:14:44.937,1.06091,1.06113
2013.03.15 00:14:48.101,1.06091,1.06114
2013.03.15 00:14:48.220,1.06091,1.06115
2013.03.15 00:14:51.880,1.06092,1.06116
2013.03.15 00:14:52.072,1.06095,1.06118
2013.03.15 00:14:53.471,1.061,1.06119
2013.03.15 00:15:01.381,1.06097,1.06119
2013.03.15 00:15:01.473,1.06097,1.06119
2013.03.15 00:15:01.554,1.06097,1.06122
2013.03.15 00:15:02.864,1.061,1.06123
2013.03.15 00:15:03.086,1.06097,1.06122
2013.03.15 00:15:19.411,1.061,1.06122
2013.03.15 00:15:19.470,1.061,1.06124
2013.03.15 00:15:19.530,1.06101,1.06124
2013.03.15 00:15:19.891,1.06103,1.06125
2013.03.15 00:15:20.510,1.06105,1.06128
2013.03.15 00:15:20.874,1.06107,1.0613
2013.03.15 00:15:21.124,1.06109,1.06133
2013.03.15 00:15:24.360,1.06107,1.0613
2013.03.15 00:15:24.421,1.06104,1.06128
2013.03.15 00:15:24.960,1.06103,1.06123
2013.03.15 00:15:25.080,1.061,1.06123
2013.03.15 00:15:25.670,1.06098,1.06122
2013.03.15 00:15:26.602,1.06097,1.06118
2013.03.15 00:15:26.671,1.06097,1.06118
2013.03.15 00:15:28.091,1.06095,1.06118
2013.03.15 00:15:28.580,1.06098,1.06118
2013.03.15 00:15:29.149,1.061,1.06119
2013.03.15 00:15:30.422,1.06101,1.06119
2013.03.15 00:15:30.480,1.06101,1.06123
2013.03.15 00:15:31.276,1.06101,1.06123
2013.03.15 00:15:31.600,1.06096,1.06119
2013.03.15 00:15:31.903,1.06096,1.06118
2013.03.15 00:15:32.023,1.06093,1.06118
2013.03.15 00:15:32.141,1.06092,1.06116
2013.03.15 00:15:32.261,1.06092,1.06113
2013.03.15 00:15:32.501,1.06089,1.06113
2013.03.15 00:15:33.350,1.06088,1.06111
2013.03.15 00:15:33.901,1.06087,1.06108
2013.03.15 00:15:38.132,1.06087,1.06107
2013.03.15 00:15:38.390,1.06087,1.06109
2013.03.15 00:15:40.140,1.06089,1.0611
2013.03.15 00:15:42.970,1.06087,1.0611
2013.03.15 00:15:45.310,1.06087,1.06107
2013.03.15 00:15:47.071,1.06087,1.0611
2013.03.15 00:15:49.261,1.06087,1.06108
2013.03.15 00:15:49.570,1.06087,1.06108
2013.03.15 00:15:51.809,1.06083,1.06107
2013.03.15 00:15:52.398,1.06082,1.06104
2013.03.15 00:15:54.558,1.06083,1.06108
2013.03.15 00:15:55.349,1.06081,1.06106
2013.03.15 00:15:56.890,1.06083,1.06107
2013.03.15 00:15:58.110,1.06083,1.06107
2013.03.15 00:16:00.221,1.06083,1.06109
2013.03.15 00:16:00.851,1.06086,1.06109
2013.03.15 00:16:00.912,1.06088,1.06112
2013.03.15 00:16:01.391,1.06091,1.06114
2013.03.15 00:16:02.504,1.0609,1.06114
2013.03.15 00:16:03.801,1.06088,1.06114
2013.03.15 00:16:04.570,1.06088,1.06114
2013.03.15 00:16:05.230,1.06088,1.06111
2013.03.15 00:16:18.950,1.06088,1.0611
2013.03.15 00:16:19.011,1.06087,1.06109
2013.03.15 00:16:23.210,1.06084,1.06108
2013.03.15 00:16:23.662,1.06084,1.06107
2013.03.15 00:16:26.187,1.06082,1.06106
2013.03.15 00:16:26.723,1.06082,1.06103
2013.03.15 00:16:27.221,1.06081,1.06101
2013.03.15 00:16:27.524,1.06078,1.06099
2013.03.15 00:16:27.591,1.06077,1.06098
2013.03.15 00:16:27.712,1.06077,1.06095
2013.03.15 00:16:28.250,1.06073,1.06095
2013.03.15 00:16:32.890,1.06071,1.06094
2013.03.15 00:16:33.869,1.06073,1.06095
2013.03.15 00:16:35.282,1.06073,1.06096
2013.03.15 00:16:37.231,1.06073,1.06095
2013.03.15 00:16:37.570,1.06071,1.06094
2013.03.15 00:16:37.810,1.06071,1.06092
2013.03.15 00:16:38.720,1.06071,1.06093
2013.03.15 00:16:41.201,1.06071,1.06091
2013.03.15 00:16:42.133,1.06073,1.06091
2013.03.15 00:16:42.250,1.06073,1.06096
2013.03.15 00:16:42.311,1.06073,1.06095
2013.03.15 00:16:42.430,1.06073,1.06092
2013.03.15 00:16:42.611,1.06071,1.06092
2013.03.15 00:16:45.050,1.06073,1.06092
2013.03.15 00:16:45.271,1.06073,1.06095
2013.03.15 00:16:47.630,1.06073,1.06096
2013.03.15 00:16:49.427,1.06074,1.06096
2013.03.15 00:16:50.160,1.06074,1.06093
2013.03.15 00:16:58.149,1.06073,1.06092
2013.03.15 00:17:01.171,1.06073,1.06093
2013.03.15 00:17:08.172,1.06073,1.06091
2013.03.15 00:17:08.470,1.06072,1.06091
2013.03.15 00:17:13.869,1.06072,1.06091
2013.03.15 00:17:13.932,1.06072,1.06093
2013.03.15 00:17:18.198,1.06072,1.06094
2013.03.15 00:17:21.351,1.06072,1.06093
2013.03.15 00:17:28.151,1.06072,1.06093
2013.03.15 00:17:28.608,1.06069,1.06092
2013.03.15 00:17:28.912,1.0607,1.06091
2013.03.15 00:17:29.250,1.0607,1.06087
2013.03.15 00:17:29.310,1.06069,1.06087
2013.03.15 00:17:29.551,1.06066,1.06084
2013.03.15 00:17:29.611,1.06065,1.06084
2013.03.15 00:17:29.972,1.06065,1.06089
2013.03.15 00:17:33.340,1.06065,1.06084
2013.03.15 00:17:33.641,1.0606,1.0608
2013.03.15 00:17:41.870,1.06058,1.0608
2013.03.15 00:17:41.990,1.06056,1.06076
2013.03.15 00:17:42.421,1.06053,1.06076
2013.03.15 00:17:42.841,1.06053,1.06076
2013.03.15 00:17:43.430,1.06056,1.06079
2013.03.15 00:17:43.670,1.06057,1.0608
2013.03.15 00:17:43.732,1.06057,1.06083
2013.03.15 00:17:44.091,1.06057,1.06083
2013.03.15 00:17:47.341,1.06058,1.06083
2013.03.15 00:17:47.696,1.06056,1.06082
2013.03.15 00:17:52.880,1.06056,1.06079
2013.03.15 00:17:53.000,1.06052,1.06074
2013.03.15 00:17:53.060,1.06054,1.06075
2013.03.15 00:17:55.060,1.06051,1.06074
2013.03.15 00:17:55.241,1.06051,1.06072
2013.03.15 00:17:56.050,1.06051,1.0607
2013.03.15 00:17:56.600,1.06049,1.0607
2013.03.15 00:17:57.075,1.06049,1.06073
2013.03.15 00:17:59.933,1.06049,1.06071
2013.03.15 00:18:00.111,1.06049,1.06071
2013.03.15 00:18:00.880,1.06049,1.06069
2013.03.15 00:18:01.360,1.06049,1.06069
2013.03.15 00:18:01.661,1.06049,1.06065
2013.03.15 00:18:03.617,1.06049,1.06065
2013.03.15 00:18:04.150,1.06049,1.06068
2013.03.15 00:18:04.420,1.06049,1.06068
2013.03.15 00:18:04.841,1.06049,1.06068
2013.03.15 00:18:05.605,1.06049,1.06068
2013.03.15 00:18:06.161,1.06044,1.06067
2013.03.15 00:18:08.566,1.06044,1.06066
2013.03.15 00:18:09.311,1.06046,1.06066
2013.03.15 00:18:12.306,1.06046,1.06068
2013.03.15 00:18:13.296,1.06044,1.06066
2013.03.15 00:18:16.839,1.06046,1.06068
2013.03.15 00:18:18.940,1.06044,1.06067
2013.03.15 00:18:20.848,1.06046,1.06069
2013.03.15 00:18:20.911,1.06051,1.06071
2013.03.15 00:18:21.150,1.06051,1.06073
2013.03.15 00:18:21.210,1.06054,1.06073
2013.03.15 00:18:21.269,1.06054,1.06074
2013.03.15 00:18:21.390,1.06056,1.06078
2013.03.15 00:18:22.570,1.06057,1.06081
2013.03.15 00:18:23.142,1.06061,1.06083
2013.03.15 00:18:23.942,1.06066,1.06088
2013.03.15 00:18:24.252,1.06066,1.0609
2013.03.15 00:18:24.313,1.06066,1.0609
2013.03.15 00:18:24.800,1.06067,1.06092
2013.03.15 00:18:25.946,1.06068,1.06093
2013.03.15 00:18:27.949,1.06067,1.06092
2013.03.15 00:18:28.130,1.06066,1.0609
2013.03.15 00:18:32.163,1.06065,1.06088
2013.03.15 00:18:32.590,1.06065,1.06088
2013.03.15 00:18:33.460,1.06066,1.06089
2013.03.15 00:18:46.996,1.06065,1.06089
2013.03.15 00:18:47.542,1.06064,1.06089
2013.03.15 00:18:48.253,1.06062,1.06089
2013.03.15 00:18:52.130,1.06061,1.06087
2013.03.15 00:18:52.845,1.06061,1.06087
2013.03.15 00:19:00.349,1.0606,1.06085
2013.03.15 00:19:03.951,1.0606,1.06086
2013.03.15 00:19:06.000,1.0606,1.06085
2013.03.15 00:19:12.332,1.06059,1.06084
2013.03.15 00:19:22.210,1.06059,1.06083
2013.03.15 00:19:22.390,1.06057,1.0608
2013.03.15 00:19:22.451,1.06056,1.06078
2013.03.15 00:19:23.432,1.06052,1.06075
2013.03.15 00:19:25.125,1.06049,1.06073
2013.03.15 00:19:33.525,1.0605,1.06073
2013.03.15 00:19:36.170,1.06051,1.06075
2013.03.15 00:19:43.843,1.0605,1.06073
2013.03.15 00:19:43.971,1.06049,1.06073
2013.03.15 00:19:55.595,1.06049,1.06073
2013.03.15 00:19:56.368,1.06049,1.06073
2013.03.15 00:20:00.301,1.06049,1.06073
2013.03.15 00:20:03.270,1.06049,1.06073
2013.03.15 00:20:09.170,1.06049,1.06073
2013.03.15 00:20:09.290,1.06051,1.06078
2013.03.15 00:20:11.021,1.06051,1.06076
2013.03.15 00:20:13.780,1.06051,1.06078
2013.03.15 00:20:15.524,1.06052,1.06078
2013.03.15 00:20:19.110,1.06051,1.06075
2013.03.15 00:20:19.490,1.06049,1.06072
2013.03.15 00:20:19.811,1.06047,1.06071
2013.03.15 00:20:54.903,1.06049,1.06073
2013.03.15 00:20:56.762,1.06049,1.06073
2013.03.15 00:20:56.962,1.06052,1.06075
2013.03.15 00:20:57.262,1.06054,1.06079
2013.03.15 00:20:57.786,1.06056,1.06079
2013.03.15 00:20:58.090,1.06057,1.06083
2013.03.15 00:21:03.887,1.06058,1.06084
2013.03.15 00:21:05.392,1.06058,1.06084
2013.03.15 00:21:06.121,1.06056,1.06084
2013.03.15 00:21:11.906,1.06057,1.06082
2013.03.15 00:21:12.964,1.06058,1.06082
2013.03.15 00:21:13.271,1.0606,1.06084
2013.03.15 00:21:19.072,1.0606,1.06083
2013.03.15 00:21:19.374,1.06065,1.06087
2013.03.15 00:21:19.621,1.06065,1.06087
2013.03.15 00:21:20.052,1.06066,1.0609
2013.03.15 00:21:20.412,1.06072,1.0609
2013.03.15 00:21:20.664,1.06074,1.06099
2013.03.15 00:21:20.784,1.06078,1.061
2013.03.15 00:21:22.102,1.06078,1.06104
2013.03.15 00:21:23.111,1.06078,1.06104
2013.03.15 00:21:24.313,1.06078,1.06102
2013.03.15 00:21:28.222,1.06078,1.06104
2013.03.15 00:21:28.291,1.06079,1.06104
2013.03.15 00:21:29.179,1.0608,1.06104
2013.03.15 00:21:29.833,1.06082,1.06104
2013.03.15 00:21:33.611,1.06082,1.06104
2013.03.15 00:21:33.791,1.06079,1.06103
2013.03.15 00:21:34.091,1.06079,1.06104
2013.03.15 00:21:36.401,1.0608,1.06104
2013.03.15 00:21:36.963,1.06079,1.06103
2013.03.15 00:21:37.633,1.06077,1.06103
2013.03.15 00:21:39.782,1.06077,1.06102
2013.03.15 00:21:39.912,1.06077,1.06101
2013.03.15 00:21:40.032,1.06073,1.06098
2013.03.15 00:21:40.151,1.06072,1.06097
2013.03.15 00:21:40.331,1.06072,1.06096
2013.03.15 00:21:47.717,1.06072,1.06094
2013.03.15 00:21:48.412,1.06069,1.06092
2013.03.15 00:21:53.120,1.06066,1.06092
2013.03.15 00:21:57.240,1.06067,1.06092
2013.03.15 00:21:57.422,1.06068,1.06092
2013.03.15 00:21:57.783,1.06074,1.06099
2013.03.15 00:21:57.842,1.06076,1.061
2013.03.15 00:22:00.664,1.06074,1.061
2013.03.15 00:22:00.826,1.06076,1.06101
2013.03.15 00:22:02.094,1.06074,1.061
2013.03.15 00:22:04.513,1.06076,1.06099
2013.03.15 00:22:08.803,1.06076,1.06099
2013.03.15 00:22:09.340,1.06075,1.06098
2013.03.15 00:22:20.621,1.06076,1.06099
2013.03.15 00:22:20.681,1.06077,1.06103
2013.03.15 00:22:20.800,1.06082,1.06103
2013.03.15 00:22:23.251,1.0608,1.06103
2013.03.15 00:22:25.083,1.0608,1.06103
2013.03.15 00:22:25.231,1.06081,1.06107
2013.03.15 00:22:27.431,1.06084,1.06108
2013.03.15 00:22:28.434,1.0608,1.06107
2013.03.15 00:22:45.152,1.06081,1.06106
2013.03.15 00:22:46.872,1.06081,1.06105
2013.03.15 00:22:51.593,1.0608,1.06105
2013.03.15 00:22:51.713,1.06079,1.06104
2013.03.15 00:22:52.144,1.06078,1.061
2013.03.15 00:22:52.358,1.06074,1.06099
2013.03.15 00:22:52.426,1.06074,1.061
2013.03.15 00:22:52.732,1.06073,1.06096
2013.03.15 00:23:04.791,1.06072,1.06096
2013.03.15 00:23:10.314,1.06071,1.06094
2013.03.15 00:23:10.441,1.06071,1.06094
2013.03.15 00:23:10.801,1.06066,1.0609
2013.03.15 00:23:10.862,1.06066,1.0609
2013.03.15 00:23:10.992,1.06065,1.06088
2013.03.15 00:23:11.441,1.0606,1.06083
2013.03.15 00:23:11.561,1.0606,1.06082
2013.03.15 00:23:11.682,1.0606,1.06078
2013.03.15 00:23:12.662,1.06061,1.06079
2013.03.15 00:23:12.901,1.06061,1.06082
2013.03.15 00:23:13.261,1.06059,1.06079
2013.03.15 00:23:13.321,1.06055,1.06079
2013.03.15 00:23:13.441,1.06054,1.06077
2013.03.15 00:23:18.392,1.06051,1.06076
2013.03.15 00:23:18.871,1.06049,1.06074
2013.03.15 00:23:19.813,1.0605,1.06074
2013.03.15 00:23:23.163,1.06051,1.06076
2013.03.15 00:23:23.720,1.06054,1.06078
2013.03.15 00:23:24.032,1.06066,1.06091
2013.03.15 00:23:24.151,1.06071,1.06092
2013.03.15 00:23:24.211,1.06071,1.06094
2013.03.15 00:23:24.391,1.0607,1.06094
2013.03.15 00:23:24.721,1.06066,1.06092
2013.03.15 00:23:24.840,1.06066,1.06092
2013.03.15 00:23:27.486,1.06066,1.06092
2013.03.15 00:23:27.931,1.06066,1.06091
2013.03.15 00:23:32.707,1.06066,1.06092
2013.03.15 00:23:38.241,1.06066,1.06091
2013.03.15 00:23:39.282,1.06065,1.06089
2013.03.15 00:23:42.591,1.06065,1.06089
2013.03.15 00:23:43.522,1.06062,1.06087
2013.03.15 00:23:43.581,1.06062,1.06087
2013.03.15 00:23:45.351,1.0606,1.06085
2013.03.15 00:23:45.871,1.06061,1.06085
2013.03.15 00:23:46.371,1.06061,1.06087
2013.03.15 00:23:46.491,1.06062,1.06088
2013.03.15 00:23:47.731,1.06062,1.06087
2013.03.15 00:23:47.791,1.06061,1.06087
2013.03.15 00:23:59.038,1.06061,1.06087
2013.03.15 00:23:59.113,1.06064,1.06088
2013.03.15 00:24:01.421,1.06062,1.06087
2013.03.15 00:24:01.941,1.06062,1.06088
2013.03.15 00:24:06.271,1.06062,1.06088
2013.03.15 00:24:07.079,1.06062,1.06087
2013.03.15 00:24:09.921,1.06062,1.06087
2013.03.15 00:24:11.330,1.06062,1.06088
2013.03.15 00:24:17.201,1.06062,1.06087
2013.03.15 00:24:17.773,1.06062,1.06082
2013.03.15 00:24:18.777,1.06062,1.06082
2013.03.15 00:24:21.211,1.06061,1.06082
2013.03.15 00:24:22.211,1.06061,1.06079
2013.03.15 00:24:23.441,1.06061,1.06083
2013.03.15 00:24:35.928,1.06061,1.06085
2013.03.15 00:24:37.336,1.06061,1.06083
2013.03.15 00:24:37.671,1.06067,1.06087
2013.03.15 00:24:38.001,1.06062,1.06087
2013.03.15 00:24:38.552,1.06062,1.06087
2013.03.15 00:24:43.547,1.06062,1.06082
2013.03.15 00:24:47.676,1.06062,1.06085
2013.03.15 00:24:51.821,1.06062,1.06083
2013.03.15 00:24:56.002,1.06062,1.06084
2013.03.15 00:24:57.061,1.06062,1.06083
2013.03.15 00:24:59.238,1.0606,1.06083
2013.03.15 00:25:01.130,1.0606,1.06085
2013.03.15 00:25:01.417,1.06064,1.06085
2013.03.15 00:25:03.376,1.06064,1.06085
2013.03.15 00:25:03.441,1.06063,1.06085
2013.03.15 00:25:06.835,1.06063,1.06084
2013.03.15 00:25:10.949,1.06063,1.06085
2013.03.15 00:25:15.843,1.06064,1.06085
2013.03.15 00:25:16.366,1.06064,1.06088
2013.03.15 00:25:27.871,1.06067,1.06088
2013.03.15 00:25:36.032,1.06067,1.06087
2013.03.15 00:25:37.617,1.06067,1.06084
2013.03.15 00:25:41.440,1.06066,1.06086
2013.03.15 00:25:48.563,1.06065,1.06086
2013.03.15 00:25:51.061,1.06065,1.06087
2013.03.15 00:25:51.272,1.06065,1.06089
2013.03.15 00:26:03.511,1.06065,1.06085
2013.03.15 00:26:06.722,1.06065,1.06084
2013.03.15 00:26:13.202,1.06065,1.06083
2013.03.15 00:26:16.361,1.06065,1.06087
2013.03.15 00:26:17.289,1.06066,1.06087
2013.03.15 00:26:17.652,1.06066,1.06089
2013.03.15 00:26:27.232,1.06066,1.06088
2013.03.15 00:26:28.755,1.06067,1.06088
2013.03.15 00:26:33.462,1.06065,1.06087
2013.03.15 00:26:33.558,1.06065,1.06088
2013.03.15 00:26:50.913,1.06066,1.06091
2013.03.15 00:27:05.308,1.06067,1.06092
2013.03.15 00:27:08.443,1.06066,1.06089
2013.03.15 00:27:08.861,1.06066,1.06088
2013.03.15 00:27:09.381,1.06066,1.06088
2013.03.15 00:27:13.292,1.06066,1.06089
2013.03.15 00:27:17.023,1.06066,1.06091
2013.03.15 00:27:18.387,1.06066,1.06091
2013.03.15 00:27:20.982,1.06066,1.06091
2013.03.15 00:27:24.558,1.06067,1.06091
2013.03.15 00:27:25.112,1.06065,1.06088
2013.03.15 00:27:25.422,1.06068,1.06089
2013.03.15 00:27:25.878,1.06068,1.06089
2013.03.15 00:27:32.062,1.06065,1.06089
2013.03.15 00:27:56.789,1.06065,1.0609
2013.03.15 00:28:06.595,1.06065,1.0609
2013.03.15 00:28:10.218,1.06065,1.06091
2013.03.15 00:28:11.308,1.06065,1.06091
2013.03.15 00:28:12.421,1.06066,1.06093
2013.03.15 00:28:15.493,1.06066,1.06091
2013.03.15 00:28:15.621,1.06067,1.06093
2013.03.15 00:28:18.722,1.06067,1.06091
2013.03.15 00:28:18.781,1.06065,1.0609
2013.03.15 00:28:24.747,1.06067,1.0609
2013.03.15 00:28:24.831,1.06068,1.06093
2013.03.15 00:28:25.191,1.06072,1.06093
2013.03.15 00:28:25.802,1.06073,1.06099
2013.03.15 00:28:25.922,1.06076,1.06099
2013.03.15 00:28:26.281,1.06077,1.06101
2013.03.15 00:28:40.472,1.0608,1.06106
2013.03.15 00:28:44.332,1.06085,1.06108
2013.03.15 00:28:44.392,1.06088,1.0611
2013.03.15 00:28:44.842,1.0609,1.06113
2013.03.15 00:28:45.527,1.06094,1.06113
2013.03.15 00:28:52.682,1.06095,1.0612
2013.03.15 00:28:53.173,1.06095,1.0612
2013.03.15 00:28:53.503,1.0609,1.06115
2013.03.15 00:28:53.632,1.06091,1.06115
2013.03.15 00:28:54.723,1.06092,1.06116
2013.03.15 00:28:55.042,1.06094,1.06117
2013.03.15 00:28:58.137,1.06095,1.06121
2013.03.15 00:28:58.202,1.06098,1.06121
2013.03.15 00:28:58.924,1.06103,1.06129
2013.03.15 00:28:59.625,1.06103,1.06129
2013.03.15 00:28:59.932,1.06107,1.0613
2013.03.15 00:29:02.764,1.06115,1.06137
2013.03.15 00:29:02.942,1.06111,1.06136
2013.03.15 00:29:03.087,1.06111,1.06136
2013.03.15 00:29:03.915,1.06109,1.06134
2013.03.15 00:29:11.421,1.06109,1.06129
2013.03.15 00:29:11.661,1.06104,1.06128
2013.03.15 00:29:11.723,1.06102,1.06125
2013.03.15 00:29:11.843,1.06102,1.06122
2013.03.15 00:29:12.173,1.06097,1.06122
2013.03.15 00:29:12.474,1.06096,1.06122
2013.03.15 00:29:12.578,1.06096,1.06124
2013.03.15 00:29:12.822,1.06098,1.06124
2013.03.15 00:29:18.492,1.06097,1.06124
2013.03.15 00:29:19.651,1.06097,1.06124
2013.03.15 00:29:20.358,1.06097,1.06121
2013.03.15 00:29:27.151,1.06096,1.06122
2013.03.15 00:29:27.511,1.06091,1.06115
2013.03.15 00:29:31.607,1.06091,1.06114
2013.03.15 00:29:47.117,1.06091,1.06114
2013.03.15 00:29:47.391,1.06089,1.06114
2013.03.15 00:29:50.038,1.06089,1.06115
2013.03.15 00:29:53.421,1.06089,1.06114
2013.03.15 00:29:54.815,1.06088,1.06114
2013.03.15 00:29:55.709,1.06085,1.06109
2013.03.15 00:30:00.271,1.06085,1.06108
2013.03.15 00:30:02.664,1.06084,1.06109
2013.03.15 00:30:10.401,1.06082,1.06108
2013.03.15 00:30:10.821,1.06079,1.06105
2013.03.15 00:30:11.561,1.06079,1.06103
2013.03.15 00:30:14.551,1.06077,1.06102
2013.03.15 00:30:19.361,1.06079,1.06102
2013.03.15 00:30:25.811,1.06079,1.06102
2013.03.15 00:30:28.431,1.06079,1.06103
2013.03.15 00:30:33.106,1.06077,1.06103
2013.03.15 00:30:34.750,1.06077,1.06102
2013.03.15 00:30:43.193,1.06077,1.061
2013.03.15 00:30:45.192,1.06077,1.06101
2013.03.15 00:30:49.185,1.06077,1.06103
2013.03.15 00:30:51.342,1.06077,1.06102
2013.03.15 00:30:52.241,1.06077,1.06101
2013.03.15 00:30:52.601,1.06077,1.06101
2013.03.15 00:30:52.783,1.06082,1.06103
2013.03.15 00:30:53.142,1.06078,1.06104
2013.03.15 00:30:53.203,1.06078,1.06103
2013.03.15 00:30:53.262,1.06076,1.06099
2013.03.15 00:31:00.309,1.06076,1.06101
2013.03.15 00:31:00.432,1.06077,1.06103
2013.03.15 00:31:06.327,1.06077,1.06101
2013.03.15 00:31:18.542,1.06076,1.06099
2013.03.15 00:31:19.279,1.06077,1.061
2013.03.15 00:31:20.883,1.06076,1.061
2013.03.15 00:31:26.883,1.06076,1.061
2013.03.15 00:31:29.681,1.06076,1.061
2013.03.15 00:31:34.412,1.06073,1.06096
2013.03.15 00:31:34.611,1.06068,1.06094
2013.03.15 00:31:36.831,1.06067,1.06093
2013.03.15 00:31:39.332,1.06067,1.06093
2013.03.15 00:31:39.874,1.06068,1.06093
2013.03.15 00:31:41.193,1.06067,1.06093
2013.03.15 00:31:42.214,1.06067,1.06093
2013.03.15 00:31:42.733,1.06067,1.06087
2013.03.15 00:31:44.927,1.06067,1.06089
2013.03.15 00:31:46.364,1.06067,1.06089
2013.03.15 00:31:47.831,1.06067,1.06089
2013.03.15 00:31:49.237,1.06067,1.0609
2013.03.15 00:31:51.948,1.06067,1.06088
2013.03.15 00:31:53.845,1.06067,1.06088
2013.03.15 00:31:54.303,1.06067,1.06085
2013.03.15 00:31:54.623,1.06061,1.06084
2013.03.15 00:31:54.922,1.06061,1.06084
2013.03.15 00:31:55.041,1.06061,1.06083
2013.03.15 00:31:57.513,1.06061,1.06083
2013.03.15 00:31:57.600,1.06061,1.06083
2013.03.15 00:32:00.548,1.06061,1.06082
2013.03.15 00:32:02.243,1.06056,1.0608
2013.03.15 00:32:02.363,1.06056,1.0608
2013.03.15 00:32:02.721,1.06052,1.06077
2013.03.15 00:32:02.902,1.06053,1.06077
2013.03.15 00:32:03.304,1.06057,1.06077
2013.03.15 00:32:03.662,1.06059,1.06079
2013.03.15 00:32:04.669,1.06052,1.06077
2013.03.15 00:32:04.736,1.06052,1.06074
2013.03.15 00:32:05.043,1.06052,1.06072
2013.03.15 00:32:05.663,1.06051,1.06069
2013.03.15 00:32:06.023,1.06051,1.06067
2013.03.15 00:32:06.383,1.06051,1.06069
2013.03.15 00:32:06.662,1.06051,1.06069
2013.03.15 00:32:06.783,1.06048,1.06066
2013.03.15 00:32:06.843,1.06045,1.06066
2013.03.15 00:32:06.963,1.06045,1.06061
2013.03.15 00:32:07.322,1.06039,1.06057
2013.03.15 00:32:07.683,1.06037,1.06055
2013.03.15 00:32:08.262,1.06037,1.06058
2013.03.15 00:32:09.587,1.06041,1.06058
2013.03.15 00:32:09.671,1.06044,1.06058
2013.03.15 00:32:10.003,1.06044,1.06061
2013.03.15 00:32:10.364,1.06041,1.06061
2013.03.15 00:32:10.795,1.06044,1.06061
2013.03.15 00:32:11.343,1.06042,1.06061
2013.03.15 00:32:12.371,1.06044,1.06061
2013.03.15 00:32:12.502,1.06046,1.06063
2013.03.15 00:32:12.562,1.06046,1.06063
2013.03.15 00:32:14.865,1.06048,1.06063
2013.03.15 00:32:14.922,1.06048,1.06065
2013.03.15 00:32:16.084,1.06045,1.06065
2013.03.15 00:32:16.212,1.06045,1.06064
2013.03.15 00:32:18.401,1.06042,1.06059
2013.03.15 00:32:20.952,1.0604,1.06056
2013.03.15 00:32:24.642,1.0604,1.06059
2013.03.15 00:32:35.145,1.0604,1.0606
2013.03.15 00:32:40.863,1.0604,1.06056
2013.03.15 00:32:46.078,1.0604,1.06057
2013.03.15 00:32:55.653,1.06038,1.06057
2013.03.15 00:32:56.883,1.06039,1.06055
2013.03.15 00:32:58.482,1.06039,1.06057
2013.03.15 00:33:08.543,1.06039,1.06055
2013.03.15 00:33:13.301,1.06035,1.06055
2013.03.15 00:33:25.151,1.06035,1.06055
2013.03.15 00:33:25.672,1.06033,1.06054
2013.03.15 00:33:26.203,1.06035,1.06054
2013.03.15 00:33:27.298,1.06034,1.06055
2013.03.15 00:33:27.671,1.0603,1.06054
2013.03.15 00:33:27.912,1.0603,1.06051
2013.03.15 00:33:28.214,1.0603,1.06051
2013.03.15 00:33:28.532,1.0603,1.06051
2013.03.15 00:33:29.220,1.0603,1.06049
2013.03.15 00:33:31.492,1.06028,1.06047
2013.03.15 00:33:31.673,1.06027,1.06047
2013.03.15 00:33:35.195,1.06027,1.06046
2013.03.15 00:33:40.086,1.06027,1.06046
2013.03.15 00:33:41.672,1.06027,1.06046
2013.03.15 00:33:42.463,1.06027,1.06046
2013.03.15 00:33:45.433,1.06027,1.06045
2013.03.15 00:33:47.746,1.06027,1.06044
2013.03.15 00:33:51.985,1.06026,1.06046
2013.03.15 00:33:56.973,1.06026,1.06044
2013.03.15 00:33:57.282,1.06026,1.06044
2013.03.15 00:33:57.693,1.06026,1.06046
2013.03.15 00:34:00.213,1.06026,1.06046
2013.03.15 00:34:04.396,1.06023,1.06046
2013.03.15 00:34:04.722,1.06026,1.06046
2013.03.15 00:34:15.055,1.06026,1.06045
2013.03.15 00:34:17.853,1.06026,1.06045
2013.03.15 00:34:18.203,1.06029,1.06045
2013.03.15 00:34:18.702,1.06029,1.06048
2013.03.15 00:34:21.343,1.06026,1.06048
2013.03.15 00:34:22.018,1.06026,1.06046
2013.03.15 00:34:24.983,1.06026,1.06046
2013.03.15 00:34:26.177,1.06026,1.06048
2013.03.15 00:34:29.102,1.06026,1.06048
2013.03.15 00:34:29.162,1.06027,1.06048
2013.03.15 00:34:29.719,1.0603,1.06048
2013.03.15 00:34:30.352,1.06027,1.06048
2013.03.15 00:34:31.532,1.06026,1.06047
2013.03.15 00:34:32.202,1.06026,1.06047
2013.03.15 00:34:40.712,1.06026,1.06045
2013.03.15 00:34:45.172,1.06026,1.06048
2013.03.15 00:34:51.043,1.06026,1.06048
2013.03.15 00:34:53.049,1.06026,1.06045
2013.03.15 00:34:58.063,1.06026,1.06047
2013.03.15 00:35:00.433,1.06026,1.06046
2013.03.15 00:35:01.372,1.06026,1.06047
2013.03.15 00:35:01.831,1.06026,1.06046
2013.03.15 00:35:02.402,1.06026,1.06047
2013.03.15 00:35:02.522,1.06026,1.06046
2013.03.15 00:35:03.392,1.06026,1.06044
2013.03.15 00:35:06.121,1.06026,1.06048
2013.03.15 00:35:07.242,1.06026,1.06047
2013.03.15 00:35:10.108,1.06026,1.06046
2013.03.15 00:35:10.652,1.06022,1.06046
2013.03.15 00:35:11.203,1.0602,1.06043
2013.03.15 00:35:14.131,1.06019,1.06042
2013.03.15 00:35:14.571,1.0602,1.0604
2013.03.15 00:35:15.914,1.0602,1.06039
2013.03.15 00:35:22.173,1.0602,1.06043
2013.03.15 00:35:22.839,1.0602,1.06045
2013.03.15 00:35:25.182,1.06022,1.06044
2013.03.15 00:35:27.332,1.06021,1.06046
2013.03.15 00:35:27.455,1.0602,1.06043
2013.03.15 00:35:30.482,1.06021,1.06043
2013.03.15 00:35:32.072,1.06023,1.06043
2013.03.15 00:35:32.251,1.06022,1.06043
2013.03.15 00:35:32.672,1.06023,1.06044
2013.03.15 00:35:41.532,1.06026,1.06048
2013.03.15 00:35:41.912,1.06028,1.0605
2013.03.15 00:35:55.652,1.06026,1.06049
2013.03.15 00:35:56.373,1.06028,1.06049
2013.03.15 00:35:56.912,1.06032,1.06049
2013.03.15 00:35:56.972,1.06032,1.06053
2013.03.15 00:36:03.642,1.06032,1.06056
2013.03.15 00:36:06.239,1.06032,1.06058
2013.03.15 00:36:09.053,1.06032,1.06055
2013.03.15 00:36:10.321,1.06038,1.06061
2013.03.15 00:36:10.973,1.0604,1.06064
2013.03.15 00:36:11.032,1.06043,1.06065
2013.03.15 00:36:11.393,1.06044,1.06069
2013.03.15 00:36:11.573,1.06046,1.06069
2013.03.15 00:36:12.198,1.06046,1.06069
2013.03.15 00:36:12.870,1.06046,1.06069
2013.03.15 00:36:13.194,1.0605,1.06072
2013.03.15 00:36:14.135,1.06049,1.06072
2013.03.15 00:36:14.322,1.06046,1.06071
2013.03.15 00:36:14.672,1.06044,1.0607
2013.03.15 00:36:15.083,1.06043,1.06068
2013.03.15 00:36:17.819,1.06043,1.06068
2013.03.15 00:36:18.363,1.06043,1.06063
2013.03.15 00:36:18.484,1.06043,1.06067
2013.03.15 00:36:19.059,1.06043,1.06067
2013.03.15 00:36:19.743,1.06046,1.06069
2013.03.15 00:36:19.993,1.06044,1.06069
2013.03.15 00:36:22.880,1.06044,1.06068
2013.03.15 00:36:24.090,1.06044,1.06069
2013.03.15 00:36:24.273,1.06045,1.0607
2013.03.15 00:36:24.572,1.06044,1.06069
2013.03.15 00:36:25.125,1.06043,1.06069
2013.03.15 00:36:27.523,1.06043,1.06068
2013.03.15 00:36:28.624,1.06043,1.06068
2013.03.15 00:36:30.402,1.06044,1.06068
2013.03.15 00:36:30.463,1.06045,1.06071
2013.03.15 00:36:31.192,1.06045,1.06069
2013.03.15 00:36:31.793,1.06043,1.06069
2013.03.15 00:36:35.090,1.06043,1.06068
2013.03.15 00:36:35.650,1.06044,1.06068
2013.03.15 00:36:36.850,1.06044,1.06068
2013.03.15 00:36:42.772,1.06044,1.06068
2013.03.15 00:36:43.133,1.06044,1.06066
2013.03.15 00:36:44.033,1.06042,1.06064
2013.03.15 00:36:44.213,1.06039,1.06064
2013.03.15 00:36:44.272,1.06039,1.06063
2013.03.15 00:36:44.332,1.06037,1.06063
2013.03.15 00:36:47.204,1.06037,1.06061
2013.03.15 00:36:47.263,1.06038,1.06061
2013.03.15 00:36:47.565,1.06042,1.06062
2013.03.15 00:36:47.875,1.06042,1.06065
2013.03.15 00:36:48.272,1.06038,1.06064
2013.03.15 00:36:48.873,1.06037,1.06062
2013.03.15 00:36:50.019,1.06041,1.06062
2013.03.15 00:36:50.098,1.06043,1.06069
2013.03.15 00:36:50.304,1.06043,1.06069
2013.03.15 00:36:50.423,1.06043,1.06069
2013.03.15 00:36:51.712,1.06043,1.06066
2013.03.15 00:36:52.083,1.06043,1.06066
2013.03.15 00:36:52.623,1.06045,1.06069
2013.03.15 00:36:53.253,1.06046,1.06069
2013.03.15 00:36:55.593,1.06046,1.06069
2013.03.15 00:36:56.123,1.06043,1.06069
2013.03.15 00:36:57.223,1.06045,1.06069
2013.03.15 00:37:00.231,1.06043,1.06069
2013.03.15 00:37:08.653,1.06044,1.06069
2013.03.15 00:37:08.863,1.06044,1.06069
2013.03.15 00:37:09.102,1.06042,1.06065
2013.03.15 00:37:09.709,1.0604,1.06064
2013.03.15 00:37:09.892,1.0604,1.06064
2013.03.15 00:37:10.134,1.06039,1.06063
2013.03.15 00:37:11.025,1.06039,1.06063
2013.03.15 00:37:12.313,1.06038,1.06063
2013.03.15 00:37:14.732,1.06038,1.06063
2013.03.15 00:37:23.049,1.06038,1.06064
2013.03.15 00:37:23.373,1.06042,1.06065
2013.03.15 00:37:23.492,1.06042,1.06066
2013.03.15 00:37:24.143,1.0604,1.06064
2013.03.15 00:37:27.204,1.06039,1.06064
2013.03.15 00:37:27.559,1.06039,1.06064
2013.03.15 00:37:30.213,1.06037,1.06063
2013.03.15 00:37:31.618,1.0604,1.06064
2013.03.15 00:37:31.682,1.0604,1.06064
2013.03.15 00:37:32.192,1.06041,1.06063
2013.03.15 00:37:32.312,1.06041,1.06062
2013.03.15 00:37:32.599,1.06035,1.06059
2013.03.15 00:37:32.783,1.06034,1.06058
2013.03.15 00:37:33.392,1.06034,1.06058
2013.03.15 00:37:34.222,1.06034,1.06058
2013.03.15 00:37:36.993,1.06032,1.06058
2013.03.15 00:37:42.163,1.06032,1.06058
2013.03.15 00:37:45.742,1.06032,1.06056
2013.03.15 00:37:48.175,1.06032,1.06053
2013.03.15 00:37:48.533,1.06034,1.06056
2013.03.15 00:37:57.963,1.06034,1.06058
2013.03.15 00:37:58.492,1.06032,1.06057
2013.03.15 00:38:04.642,1.06034,1.06059
2013.03.15 00:38:04.762,1.06032,1.06058
2013.03.15 00:38:05.382,1.06031,1.06056
2013.03.15 00:38:11.124,1.0603,1.06054
2013.03.15 00:38:12.216,1.06031,1.06054
2013.03.15 00:38:16.425,1.06033,1.06058
2013.03.15 00:38:17.160,1.06035,1.06059
2013.03.15 00:38:23.363,1.06036,1.06059
2013.03.15 00:38:24.273,1.06036,1.06059
2013.03.15 00:38:25.246,1.06036,1.06059
2013.03.15 00:38:26.020,1.06035,1.06059
2013.03.15 00:38:27.815,1.06035,1.06059
2013.03.15 00:38:35.303,1.06035,1.06059
2013.03.15 00:38:40.126,1.06035,1.06059
2013.03.15 00:38:40.498,1.06033,1.06054
2013.03.15 00:38:40.823,1.06029,1.06054
2013.03.15 00:39:01.420,1.06029,1.06053
2013.03.15 00:39:01.959,1.0603,1.06053
2013.03.15 00:39:07.529,1.06032,1.06054
2013.03.15 00:39:08.903,1.06035,1.06054
2013.03.15 00:39:09.432,1.06033,1.06054
2013.03.15 00:39:09.492,1.06031,1.06054
2013.03.15 00:39:10.423,1.06033,1.06054
2013.03.15 00:39:10.722,1.06035,1.06054
2013.03.15 00:39:11.462,1.06035,1.06059
2013.03.15 00:39:14.063,1.06032,1.06054
2013.03.15 00:39:15.183,1.06035,1.06058
2013.03.15 00:39:15.702,1.06035,1.06058
2013.03.15 00:39:15.763,1.06036,1.06059
2013.03.15 00:39:16.130,1.06038,1.06059
2013.03.15 00:39:39.092,1.06041,1.06064
2013.03.15 00:39:40.893,1.06042,1.06065
2013.03.15 00:39:41.073,1.06046,1.06064
2013.03.15 00:39:41.253,1.06046,1.06064
2013.03.15 00:39:41.508,1.06047,1.06068
2013.03.15 00:39:41.803,1.06047,1.06069
2013.03.15 00:39:42.649,1.06048,1.0607
2013.03.15 00:39:42.837,1.06051,1.06074
2013.03.15 00:39:43.353,1.06051,1.06074
2013.03.15 00:39:43.503,1.06051,1.06075
2013.03.15 00:39:46.083,1.06051,1.06075
2013.03.15 00:39:46.628,1.06051,1.06075
2013.03.15 00:39:48.676,1.06052,1.06076
2013.03.15 00:39:48.832,1.06051,1.06075
2013.03.15 00:39:50.562,1.06052,1.06076
2013.03.15 00:40:03.347,1.06051,1.06075
2013.03.15 00:40:08.974,1.06053,1.06077
2013.03.15 00:40:09.515,1.06055,1.06079
2013.03.15 00:40:09.846,1.06056,1.06079
2013.03.15 00:40:21.683,1.06056,1.0608
2013.03.15 00:40:22.003,1.06056,1.06079
2013.03.15 00:40:22.734,1.06057,1.06081
2013.03.15 00:40:25.737,1.06057,1.06079
2013.03.15 00:40:25.881,1.06059,1.06079
2013.03.15 00:40:35.015,1.06057,1.06081
2013.03.15 00:40:48.703,1.06057,1.06081
2013.03.15 00:40:53.856,1.06059,1.06083
2013.03.15 00:40:59.804,1.06056,1.06081
2013.03.15 00:41:29.763,1.06056,1.06079
2013.03.15 00:41:42.993,1.06056,1.06077
2013.03.15 00:41:49.904,1.06056,1.06079
2013.03.15 00:41:50.454,1.06053,1.06078
2013.03.15 00:41:54.011,1.06053,1.06077
2013.03.15 00:41:59.813,1.0605,1.06077
2013.03.15 00:42:02.665,1.06051,1.06073
2013.03.15 00:42:02.733,1.06048,1.06072
2013.03.15 00:42:08.753,1.06048,1.06074
2013.03.15 00:42:12.443,1.06051,1.06074
2013.03.15 00:42:14.483,1.06051,1.06074
2013.03.15 00:42:27.679,1.06051,1.06072
2013.03.15 00:42:32.562,1.06051,1.06072
2013.03.15 00:42:35.102,1.06051,1.06074
2013.03.15 00:42:45.645,1.06051,1.06074
2013.03.15 00:42:48.740,1.06051,1.06076
2013.03.15 00:42:53.083,1.06051,1.06074
2013.03.15 00:42:53.904,1.06052,1.06075
2013.03.15 00:42:53.964,1.06052,1.06078
2013.03.15 00:42:54.803,1.06054,1.06078
2013.03.15 00:43:10.212,1.06053,1.06078
2013.03.15 00:43:22.493,1.06054,1.06077
2013.03.15 00:43:26.773,1.06054,1.06078
2013.03.15 00:43:26.893,1.06052,1.06077
2013.03.15 00:43:30.653,1.06054,1.06078
2013.03.15 00:43:30.893,1.06055,1.06079
2013.03.15 00:43:33.732,1.06055,1.06079
2013.03.15 00:43:37.204,1.06052,1.06078
2013.03.15 00:43:40.103,1.06052,1.06078
2013.03.15 00:43:47.189,1.06052,1.06077
2013.03.15 00:43:54.444,1.06052,1.06073
2013.03.15 00:43:56.754,1.06052,1.06074
2013.03.15 00:44:03.653,1.06052,1.06077
2013.03.15 00:44:14.393,1.06054,1.06078
2013.03.15 00:44:15.170,1.06054,1.06078
2013.03.15 00:44:28.543,1.06054,1.06079
2013.03.15 00:44:38.720,1.06054,1.06079
2013.03.15 00:44:47.355,1.06054,1.06078
2013.03.15 00:44:51.475,1.06054,1.06075
2013.03.15 00:44:58.803,1.06051,1.06076
2013.03.15 00:44:59.806,1.0605,1.06076
2013.03.15 00:45:08.453,1.0605,1.06073
2013.03.15 00:45:12.205,1.0605,1.06074
2013.03.15 00:45:13.423,1.0605,1.06076
2013.03.15 00:45:14.882,1.0605,1.06075
2013.03.15 00:45:20.863,1.06052,1.06077
2013.03.15 00:45:37.003,1.06053,1.06076
2013.03.15 00:45:37.123,1.06051,1.06075
2013.03.15 00:45:56.443,1.06051,1.06077
2013.03.15 00:46:01.734,1.06054,1.06079
2013.03.15 00:46:09.788,1.06055,1.06079
2013.03.15 00:46:11.304,1.06054,1.06079
2013.03.15 00:46:12.396,1.06055,1.0608
2013.03.15 00:46:16.853,1.06055,1.06081
2013.03.15 00:46:17.470,1.06059,1.06083
2013.03.15 00:46:23.284,1.0606,1.06084
2013.03.15 00:46:26.230,1.0606,1.06083
2013.03.15 00:46:56.534,1.0606,1.06084
2013.03.15 00:47:02.916,1.0606,1.06083
2013.03.15 00:47:08.364,1.06059,1.06083
2013.03.15 00:47:16.883,1.06058,1.06083
2013.03.15 00:47:22.473,1.06059,1.06085
2013.03.15 00:47:23.854,1.06059,1.06085
2013.03.15 00:47:23.973,1.06066,1.06085
2013.03.15 00:47:24.154,1.06063,1.06085
2013.03.15 00:47:29.855,1.06066,1.06087
2013.03.15 00:47:33.023,1.06066,1.06088
2013.03.15 00:47:33.204,1.06066,1.0609
2013.03.15 00:47:33.443,1.0607,1.0609
2013.03.15 00:47:40.825,1.06069,1.06094
2013.03.15 00:47:41.731,1.0607,1.06094
2013.03.15 00:47:48.875,1.0607,1.06094
2013.03.15 00:47:49.323,1.06069,1.06093
2013.03.15 00:47:54.477,1.06067,1.06091
2013.03.15 00:48:06.808,1.06069,1.06092
2013.03.15 00:48:07.799,1.06067,1.0609
2013.03.15 00:48:09.784,1.06066,1.06089
2013.03.15 00:48:10.371,1.06064,1.06088
2013.03.15 00:48:14.863,1.06063,1.06087
2013.03.15 00:48:16.650,1.06064,1.06089
2013.03.15 00:48:17.183,1.06064,1.06087
2013.03.15 00:48:17.614,1.06062,1.06086
2013.03.15 00:48:17.674,1.0606,1.06084
2013.03.15 00:48:17.733,1.06057,1.06083
2013.03.15 00:48:18.033,1.06056,1.06078
2013.03.15 00:48:23.923,1.06054,1.06078
2013.03.15 00:48:24.298,1.06055,1.06078
2013.03.15 00:48:25.060,1.06055,1.06077
2013.03.15 00:48:25.364,1.06047,1.06068
2013.03.15 00:48:25.839,1.06045,1.06067
2013.03.15 00:48:26.863,1.06043,1.06067
2013.03.15 00:48:26.986,1.06048,1.0607
2013.03.15 00:48:40.683,1.06048,1.06068
2013.03.15 00:48:48.803,1.06045,1.06068
2013.03.15 00:48:49.381,1.06045,1.06068
2013.03.15 00:48:51.785,1.06045,1.06068
2013.03.15 00:48:59.726,1.06045,1.06069
2013.03.15 00:49:03.764,1.06045,1.06068
2013.03.15 00:49:11.124,1.06044,1.06069
2013.03.15 00:49:18.544,1.06045,1.06071
2013.03.15 00:49:20.047,1.06045,1.06069
2013.03.15 00:50:20.189,1.06045,1.06071
2013.03.15 00:50:23.784,1.06046,1.06071
2013.03.15 00:50:27.696,1.06045,1.0607
2013.03.15 00:50:43.178,1.06051,1.06071
2013.03.15 00:50:44.014,1.06049,1.06071
2013.03.15 00:50:44.393,1.06051,1.06071
2013.03.15 00:50:44.985,1.06048,1.06069
2013.03.15 00:50:48.434,1.06046,1.06071
2013.03.15 00:50:48.824,1.06047,1.06072
2013.03.15 00:50:49.854,1.06046,1.06071
2013.03.15 00:50:55.323,1.06047,1.06072
2013.03.15 00:51:01.157,1.06047,1.0607
2013.03.15 00:51:05.894,1.06047,1.06071
2013.03.15 00:51:06.542,1.06047,1.06071
2013.03.15 00:51:07.950,1.06047,1.06071
2013.03.15 00:51:25.546,1.06047,1.06071
2013.03.15 00:51:25.665,1.06047,1.06071
2013.03.15 00:51:26.174,1.06046,1.06069
2013.03.15 00:51:28.205,1.06047,1.06069
2013.03.15 00:51:28.610,1.06047,1.06071
2013.03.15 00:51:35.226,1.06047,1.06071
2013.03.15 00:51:46.300,1.06047,1.06071
2013.03.15 00:52:00.104,1.06045,1.06073
2013.03.15 00:52:00.225,1.06056,1.06073
2013.03.15 00:52:00.285,1.06056,1.06078
2013.03.15 00:52:00.405,1.06056,1.06078
2013.03.15 00:52:00.644,1.06055,1.06077
2013.03.15 00:52:06.234,1.06051,1.06075
2013.03.15 00:52:10.535,1.0605,1.06075
2013.03.15 00:52:11.434,1.06054,1.06075
2013.03.15 00:52:11.704,1.06051,1.06075
2013.03.15 00:52:14.197,1.06048,1.06071
2013.03.15 00:52:14.459,1.06049,1.06073
2013.03.15 00:52:14.584,1.06051,1.06074
2013.03.15 00:52:14.844,1.0605,1.06074
2013.03.15 00:52:14.965,1.06047,1.0607
2013.03.15 00:52:16.955,1.06046,1.06068
2013.03.15 00:52:17.474,1.06046,1.06067
2013.03.15 00:52:18.014,1.06046,1.06069
2013.03.15 00:52:18.315,1.06046,1.06071
2013.03.15 00:52:19.555,1.06046,1.06071
2013.03.15 00:52:20.345,1.06047,1.06071
2013.03.15 00:52:20.884,1.06048,1.06074
2013.03.15 00:52:26.181,1.06047,1.06073
2013.03.15 00:52:29.634,1.06047,1.06072
2013.03.15 00:52:30.223,1.06047,1.06068
2013.03.15 00:52:30.744,1.06047,1.06069
2013.03.15 00:52:32.054,1.06047,1.0607
2013.03.15 00:52:32.235,1.06047,1.06073
2013.03.15 00:52:41.384,1.06048,1.06073
2013.03.15 00:52:48.584,1.0605,1.06073
2013.03.15 00:52:52.414,1.06052,1.06078
2013.03.15 00:53:08.921,1.0605,1.06075
2013.03.15 00:53:09.164,1.06051,1.06075
2013.03.15 00:53:10.914,1.06055,1.06078
2013.03.15 00:53:15.545,1.06051,1.06076
2013.03.15 00:53:15.604,1.06051,1.06075
2013.03.15 00:53:16.814,1.06051,1.06075
2013.03.15 00:53:16.994,1.06047,1.06068
2013.03.15 00:53:17.055,1.06048,1.06068
2013.03.15 00:53:17.173,1.06048,1.06072
2013.03.15 00:53:17.425,1.06046,1.0607
2013.03.15 00:53:17.603,1.06046,1.06072
2013.03.15 00:53:18.744,1.06047,1.06073
2013.03.15 00:53:21.545,1.06046,1.06072
2013.03.15 00:53:21.674,1.06046,1.06072
2013.03.15 00:53:22.245,1.06049,1.06073
2013.03.15 00:53:29.154,1.06046,1.06072
2013.03.15 00:53:29.833,1.06046,1.06072
2013.03.15 00:53:30.345,1.06046,1.06072
2013.03.15 00:53:30.505,1.06046,1.06072
2013.03.15 00:53:32.184,1.06046,1.06071
2013.03.15 00:53:35.553,1.06046,1.06071
2013.03.15 00:53:37.170,1.06046,1.06072
2013.03.15 00:53:37.424,1.06047,1.06072
2013.03.15 00:53:48.564,1.06047,1.0607
2013.03.15 00:53:49.123,1.06046,1.0607
2013.03.15 00:53:52.364,1.06046,1.0607
2013.03.15 00:53:52.865,1.06043,1.06069
2013.03.15 00:53:55.114,1.06045,1.06069
2013.03.15 00:53:58.214,1.06047,1.0607
2013.03.15 00:54:02.713,1.06046,1.06069
2013.03.15 00:54:02.835,1.06046,1.0607
2013.03.15 00:54:25.343,1.06048,1.06071
2013.03.15 00:54:27.375,1.06048,1.0607
2013.03.15 00:54:30.204,1.06046,1.06072
2013.03.15 00:54:32.434,1.06048,1.06074
2013.03.15 00:54:50.504,1.06047,1.06074
2013.03.15 00:54:52.156,1.06047,1.06072
2013.03.15 00:54:58.669,1.06047,1.0607
2013.03.15 00:54:58.794,1.06047,1.0607
2013.03.15 00:55:00.354,1.06045,1.06066
2013.03.15 00:55:00.536,1.06037,1.06061
2013.03.15 00:55:00.597,1.06037,1.06061
2013.03.15 00:55:00.656,1.06037,1.06057
2013.03.15 00:55:01.162,1.06032,1.06056
2013.03.15 00:55:02.115,1.06032,1.06054
2013.03.15 00:55:02.355,1.0603,1.06053
2013.03.15 00:55:02.416,1.0603,1.06056
2013.03.15 00:55:02.874,1.0603,1.06054
2013.03.15 00:55:07.124,1.0603,1.06051
2013.03.15 00:55:07.450,1.06026,1.06048
2013.03.15 00:55:08.185,1.06026,1.0605
2013.03.15 00:55:08.245,1.06026,1.06051
2013.03.15 00:55:09.353,1.06026,1.0605
2013.03.15 00:55:10.837,1.06022,1.06046
2013.03.15 00:55:15.855,1.06022,1.06046
2013.03.15 00:55:16.075,1.06021,1.06043
2013.03.15 00:55:16.254,1.06021,1.06044
2013.03.15 00:55:18.215,1.06021,1.06043
2013.03.15 00:55:18.384,1.06019,1.06042
2013.03.15 00:55:19.186,1.06019,1.06042
2013.03.15 00:55:28.624,1.06017,1.06034
2013.03.15 00:55:28.686,1.06014,1.06034
2013.03.15 00:55:29.214,1.06012,1.06034
2013.03.15 00:55:30.084,1.06014,1.06038
2013.03.15 00:55:30.415,1.06012,1.06038
2013.03.15 00:55:32.295,1.06012,1.06034
2013.03.15 00:55:34.404,1.06012,1.06034
2013.03.15 00:55:36.572,1.06012,1.06037
2013.03.15 00:55:51.574,1.0601,1.06034
2013.03.15 00:56:04.904,1.06009,1.06033
2013.03.15 00:56:05.427,1.06008,1.06032
2013.03.15 00:56:05.502,1.06008,1.06034
2013.03.15 00:56:06.975,1.06009,1.06033
2013.03.15 00:56:07.039,1.06009,1.06034
2013.03.15 00:56:07.107,1.06009,1.0603
2013.03.15 00:56:07.466,1.05997,1.06021
2013.03.15 00:56:07.645,1.06001,1.06021
2013.03.15 00:56:07.765,1.06001,1.06023
2013.03.15 00:56:07.833,1.06001,1.06024
2013.03.15 00:56:08.195,1.06001,1.06025
2013.03.15 00:56:08.672,1.06003,1.06026
2013.03.15 00:56:09.474,1.06003,1.06028
2013.03.15 00:56:10.136,1.06003,1.06029
2013.03.15 00:56:11.764,1.06005,1.06029
2013.03.15 00:56:12.931,1.06005,1.06031
2013.03.15 00:56:13.995,1.06008,1.06031
2013.03.15 00:56:16.759,1.06009,1.06031
2013.03.15 00:56:17.386,1.06009,1.06021
2013.03.15 00:56:17.505,1.06,1.06021
2013.03.15 00:56:17.816,1.05997,1.06021
2013.03.15 00:56:20.204,1.05997,1.06021
2013.03.15 00:56:22.824,1.05997,1.06021
2013.03.15 00:56:23.365,1.06002,1.06023
2013.03.15 00:56:25.024,1.06002,1.06024
2013.03.15 00:56:28.144,1.06002,1.06026
2013.03.15 00:56:29.564,1.06002,1.06025
2013.03.15 00:56:29.746,1.06004,1.06025
2013.03.15 00:56:34.124,1.06004,1.06027
2013.03.15 00:56:34.881,1.06004,1.06027
2013.03.15 00:56:36.465,1.06004,1.06023
2013.03.15 00:56:36.525,1.06001,1.06023
2013.03.15 00:56:36.585,1.06001,1.06023
2013.03.15 00:56:36.885,1.06001,1.06022
2013.03.15 00:56:37.398,1.06001,1.06022
2013.03.15 00:56:37.595,1.06001,1.06024
2013.03.15 00:56:39.572,1.06001,1.06023
2013.03.15 00:56:39.874,1.06001,1.06021
2013.03.15 00:56:39.995,1.06001,1.06024
2013.03.15 00:56:40.878,1.06001,1.06024
2013.03.15 00:56:41.867,1.06001,1.06024
2013.03.15 00:56:41.934,1.06001,1.06025
2013.03.15 00:56:42.419,1.06005,1.06028
2013.03.15 00:56:42.685,1.06007,1.06031
2013.03.15 00:56:42.925,1.06007,1.06031
2013.03.15 00:56:43.465,1.06007,1.06031
2013.03.15 00:56:52.306,1.06007,1.06031
2013.03.15 00:56:58.114,1.06008,1.06032
2013.03.15 00:56:58.475,1.06011,1.06036
2013.03.15 00:57:01.844,1.06012,1.06038
2013.03.15 00:57:04.360,1.06012,1.06036
2013.03.15 00:57:07.166,1.06012,1.06037
2013.03.15 00:57:07.405,1.06016,1.0604
2013.03.15 00:57:22.807,1.0601,1.06034
2013.03.15 00:57:22.865,1.06008,1.06031
2013.03.15 00:57:22.925,1.06006,1.06028
2013.03.15 00:57:22.989,1.06006,1.06023
2013.03.15 00:57:23.414,1.06005,1.06028
2013.03.15 00:57:23.776,1.06005,1.06029
2013.03.15 00:57:23.835,1.06005,1.06029
2013.03.15 00:57:24.025,1.06009,1.06032
2013.03.15 00:57:26.185,1.06009,1.06033
2013.03.15 00:57:27.215,1.06009,1.06033
2013.03.15 00:57:27.885,1.06009,1.06033
2013.03.15 00:57:29.575,1.06011,1.06036
2013.03.15 00:57:29.754,1.06014,1.06038
2013.03.15 00:57:32.855,1.06014,1.06039
2013.03.15 00:57:38.074,1.06012,1.06038
2013.03.15 00:57:40.895,1.06014,1.06038
2013.03.15 00:57:44.946,1.06016,1.06039
2013.03.15 00:57:45.455,1.06018,1.06042
2013.03.15 00:57:46.995,1.06016,1.06039
2013.03.15 00:57:47.056,1.06016,1.06039
2013.03.15 00:57:49.107,1.06017,1.06039
2013.03.15 00:57:49.465,1.06022,1.06042
2013.03.15 00:57:49.524,1.06022,1.06045
2013.03.15 00:57:50.176,1.06019,1.06044
2013.03.15 00:57:50.295,1.06017,1.0604
2013.03.15 00:57:51.525,1.06016,1.0604
2013.03.15 00:57:53.090,1.06016,1.0604
2013.03.15 00:57:55.136,1.06012,1.06035
2013.03.15 00:57:55.315,1.06011,1.06032
2013.03.15 00:57:55.715,1.06011,1.06028
2013.03.15 00:57:56.025,1.06009,1.06026
2013.03.15 00:57:57.724,1.06009,1.06025
2013.03.15 00:58:00.993,1.06009,1.06026
2013.03.15 00:58:02.897,1.06009,1.06028
2013.03.15 00:58:06.710,1.06007,1.06027
2013.03.15 00:58:06.774,1.06006,1.06027
2013.03.15 00:58:08.956,1.06006,1.06026
2013.03.15 00:58:10.526,1.06006,1.06025
2013.03.15 00:58:14.134,1.06006,1.06025
2013.03.15 00:58:16.094,1.06006,1.06026
2013.03.15 00:58:18.414,1.06006,1.06026
2013.03.15 00:58:18.474,1.06006,1.06024
2013.03.15 00:58:18.675,1.06006,1.06027
2013.03.15 00:58:20.480,1.06006,1.06027
2013.03.15 00:58:21.164,1.06006,1.06027
2013.03.15 00:58:21.585,1.06004,1.06025
2013.03.15 00:58:27.345,1.06003,1.06024
2013.03.15 00:58:31.589,1.06005,1.06024
2013.03.15 00:58:31.924,1.06005,1.06028
2013.03.15 00:58:34.331,1.06005,1.06029
2013.03.15 00:58:38.755,1.06005,1.06026
2013.03.15 00:58:40.533,1.06002,1.06023
2013.03.15 00:58:44.884,1.06002,1.06024
2013.03.15 00:58:47.444,1.06001,1.06024
2013.03.15 00:58:47.564,1.06009,1.06025
2013.03.15 00:58:47.686,1.06009,1.0603
2013.03.15 00:58:47.984,1.06008,1.06033
2013.03.15 00:58:59.078,1.06009,1.06031
2013.03.15 00:59:04.425,1.06007,1.0603
2013.03.15 00:59:04.485,1.06007,1.06029
2013.03.15 00:59:07.120,1.06007,1.0603
2013.03.15 00:59:07.245,1.06008,1.06031
2013.03.15 00:59:07.784,1.06005,1.06031
2013.03.15 00:59:08.285,1.0601,1.06031
2013.03.15 00:59:08.706,1.0601,1.06032
2013.03.15 00:59:08.766,1.06012,1.06036
2013.03.15 00:59:09.322,1.06012,1.06034
2013.03.15 00:59:09.870,1.0601,1.06034
2013.03.15 00:59:12.289,1.06012,1.06034
2013.03.15 00:59:12.475,1.06017,1.0604
2013.03.15 00:59:12.714,1.0602,1.06041
2013.03.15 00:59:19.308,1.0602,1.06043
2013.03.15 00:59:24.116,1.06019,1.06041
2013.03.15 00:59:29.125,1.0602,1.06043
2013.03.15 00:59:31.675,1.06021,1.06043
2013.03.15 00:59:32.746,1.06021,1.06043
2013.03.15 00:59:36.697,1.06021,1.06041
2013.03.15 00:59:38.825,1.06021,1.06043
2013.03.15 00:59:41.966,1.06022,1.06043
2013.03.15 00:59:45.036,1.06022,1.06044
2013.03.15 00:59:45.288,1.06021,1.06044
2013.03.15 00:59:50.289,1.06021,1.06045
2013.03.15 00:59:52.120,1.06022,1.06046
2013.03.15 00:59:54.437,1.06024,1.06049
2013.03.15 00:59:59.185,1.06027,1.06049
2013.03.15 01:00:00.158,1.06027,1.06046
2013.03.15 01:00:00.833,1.06027,1.06046
2013.03.15 01:00:02.377,1.06026,1.06046
2013.03.15 01:00:04.082,1.06026,1.06046
2013.03.15 01:00:07.592,1.06027,1.06046
2013.03.15 01:00:08.306,1.06027,1.06048
2013.03.15 01:00:08.506,1.06027,1.06049
2013.03.15 01:00:10.204,1.06027,1.06052
2013.03.15 01:00:17.665,1.06028,1.06052
2013.03.15 01:00:18.205,1.0603,1.06054
2013.03.15 01:00:18.717,1.06031,1.06057
2013.03.15 01:00:21.404,1.06032,1.06057
2013.03.15 01:00:21.465,1.06033,1.06057
2013.03.15 01:00:22.336,1.06035,1.06061
2013.03.15 01:00:22.396,1.06036,1.06061
2013.03.15 01:00:24.358,1.06036,1.06061
2013.03.15 01:00:32.375,1.06034,1.06057
2013.03.15 01:00:38.719,1.06033,1.06057
2013.03.15 01:00:39.506,1.06034,1.06057
2013.03.15 01:00:39.565,1.06036,1.06058
2013.03.15 01:00:40.386,1.06036,1.06058
2013.03.15 01:00:43.215,1.06034,1.06057
2013.03.15 01:00:50.235,1.06034,1.06057
2013.03.15 01:00:56.226,1.06035,1.06059
2013.03.15 01:00:58.675,1.06033,1.06059
2013.03.15 01:01:00.218,1.06037,1.06059
2013.03.15 01:01:03.145,1.06037,1.06059
2013.03.15 01:01:05.925,1.06036,1.06059
2013.03.15 01:01:09.055,1.06037,1.06059
2013.03.15 01:01:10.932,1.06036,1.06059
2013.03.15 01:01:15.356,1.06036,1.0606
2013.03.15 01:01:26.980,1.06038,1.0606
2013.03.15 01:01:28.397,1.06036,1.0606
2013.03.15 01:01:36.036,1.06041,1.06066
2013.03.15 01:01:36.623,1.06042,1.06067
2013.03.15 01:01:45.955,1.06042,1.06067
2013.03.15 01:01:46.887,1.06042,1.06067
2013.03.15 01:01:47.476,1.06041,1.06066
2013.03.15 01:01:49.194,1.0604,1.06064
2013.03.15 01:01:50.065,1.06041,1.06064
2013.03.15 01:01:50.689,1.06039,1.06063
2013.03.15 01:01:54.206,1.06037,1.0606
2013.03.15 01:01:54.736,1.06037,1.0606
2013.03.15 01:02:05.534,1.06037,1.06061
2013.03.15 01:02:06.145,1.06036,1.0606
2013.03.15 01:02:13.576,1.06037,1.06063
2013.03.15 01:02:13.924,1.0604,1.06064
2013.03.15 01:02:14.275,1.06041,1.06067
2013.03.15 01:02:19.945,1.06041,1.06064
2013.03.15 01:02:25.448,1.06041,1.06067
2013.03.15 01:02:29.155,1.06041,1.06064
2013.03.15 01:02:29.615,1.06041,1.06064
2013.03.15 01:02:30.169,1.06039,1.06059
2013.03.15 01:02:30.247,1.06038,1.06059
2013.03.15 01:02:32.875,1.06037,1.06058
2013.03.15 01:02:33.115,1.06032,1.06055
2013.03.15 01:02:33.616,1.06032,1.06053
2013.03.15 01:02:33.676,1.06028,1.06052
2013.03.15 01:02:34.262,1.06028,1.06049
2013.03.15 01:02:34.324,1.06027,1.06049
2013.03.15 01:02:36.487,1.06026,1.06047
2013.03.15 01:02:37.406,1.06019,1.06044
2013.03.15 01:02:37.466,1.06018,1.06043
2013.03.15 01:02:37.705,1.06019,1.06043
2013.03.15 01:02:38.366,1.06019,1.06044
2013.03.15 01:02:38.867,1.06021,1.06045
2013.03.15 01:02:39.355,1.06021,1.06044
2013.03.15 01:02:40.375,1.06018,1.06044
2013.03.15 01:02:40.686,1.06018,1.06044
2013.03.15 01:02:41.365,1.06018,1.06044
2013.03.15 01:02:42.055,1.06014,1.06038
2013.03.15 01:02:42.496,1.06013,1.06035
2013.03.15 01:02:46.945,1.06013,1.06037
2013.03.15 01:02:51.307,1.06014,1.06038
2013.03.15 01:02:54.145,1.06013,1.06038
2013.03.15 01:02:54.911,1.06012,1.06036
2013.03.15 01:02:58.826,1.06013,1.06038
2013.03.15 01:02:59.552,1.06015,1.06039
2013.03.15 01:03:01.825,1.06015,1.06039
2013.03.15 01:03:11.370,1.06015,1.06039
2013.03.15 01:03:12.475,1.06014,1.06039
2013.03.15 01:03:13.175,1.06012,1.06033
2013.03.15 01:03:13.295,1.0601,1.06033
2013.03.15 01:03:13.478,1.0601,1.0603
2013.03.15 01:03:13.656,1.06008,1.06029
2013.03.15 01:03:14.336,1.0601,1.0603
2013.03.15 01:03:14.517,1.06008,1.06029
2013.03.15 01:03:15.315,1.06008,1.06029
2013.03.15 01:03:17.183,1.06008,1.06029
2013.03.15 01:03:18.694,1.06008,1.06027
2013.03.15 01:03:20.137,1.05998,1.06017
2013.03.15 01:03:20.886,1.05996,1.06017
2013.03.15 01:03:20.947,1.05996,1.06013
2013.03.15 01:03:21.068,1.05991,1.06011
2013.03.15 01:03:21.197,1.05989,1.06011
2013.03.15 01:03:22.107,1.05989,1.06011
2013.03.15 01:03:22.708,1.05987,1.06011
2013.03.15 01:03:22.836,1.05992,1.06011
2013.03.15 01:03:23.827,1.05992,1.06012
2013.03.15 01:03:24.575,1.05992,1.06015
2013.03.15 01:03:27.056,1.05992,1.06016
2013.03.15 01:03:27.692,1.05994,1.06018
2013.03.15 01:03:33.305,1.05997,1.06018
2013.03.15 01:03:33.636,1.06,1.0602
2013.03.15 01:03:33.697,1.06,1.06023
2013.03.15 01:03:34.251,1.06,1.06024
2013.03.15 01:03:34.496,1.06002,1.06027
2013.03.15 01:03:36.647,1.06004,1.06029
2013.03.15 01:03:37.066,1.06007,1.0603
2013.03.15 01:03:39.199,1.06008,1.06033
2013.03.15 01:03:44.607,1.06009,1.06035
2013.03.15 01:03:51.696,1.06008,1.06032
2013.03.15 01:03:52.745,1.06007,1.06029
2013.03.15 01:03:53.668,1.06005,1.06026
2013.03.15 01:03:55.035,1.06005,1.06025
2013.03.15 01:03:55.826,1.06002,1.06024
2013.03.15 01:03:56.306,1.06,1.06024
2013.03.15 01:03:56.366,1.05999,1.06024
2013.03.15 01:03:56.867,1.05999,1.06023
2013.03.15 01:03:57.225,1.05994,1.0602
2013.03.15 01:04:05.075,1.05999,1.06022
2013.03.15 01:04:05.255,1.05999,1.06025
2013.03.15 01:04:12.229,1.06002,1.06025
2013.03.15 01:04:12.481,1.06007,1.06028
2013.03.15 01:04:13.025,1.06005,1.06028
2013.03.15 01:04:13.366,1.06012,1.06028
2013.03.15 01:04:13.890,1.0601,1.06031
2013.03.15 01:04:14.506,1.06008,1.06031
2013.03.15 01:04:31.919,1.06007,1.06031
2013.03.15 01:04:39.407,1.06007,1.06031
2013.03.15 01:04:40.814,1.06007,1.06028
2013.03.15 01:04:45.048,1.06007,1.0603
2013.03.15 01:04:46.765,1.06007,1.06028
2013.03.15 01:04:46.885,1.06006,1.06027
2013.03.15 01:04:47.305,1.06001,1.06027
2013.03.15 01:04:48.675,1.06001,1.06024
2013.03.15 01:04:50.506,1.06001,1.06026
2013.03.15 01:04:50.565,1.06006,1.06026
2013.03.15 01:04:56.897,1.06005,1.06028
2013.03.15 01:04:57.015,1.06001,1.06026
2013.03.15 01:04:58.087,1.06002,1.06028
2013.03.15 01:04:58.216,1.06007,1.06028
2013.03.15 01:04:58.278,1.06008,1.0603
2013.03.15 01:05:00.846,1.0601,1.06032
2013.03.15 01:05:01.053,1.06012,1.06036
2013.03.15 01:05:01.686,1.06012,1.06038
2013.03.15 01:05:08.055,1.06013,1.06038
2013.03.15 01:05:10.851,1.06015,1.06038
2013.03.15 01:05:13.529,1.06013,1.06038
2013.03.15 01:05:15.136,1.06012,1.06038
2013.03.15 01:05:26.354,1.06014,1.06038
2013.03.15 01:05:41.175,1.06012,1.06036
2013.03.15 01:05:43.665,1.06013,1.06038
2013.03.15 01:05:51.556,1.06014,1.06036
2013.03.15 01:05:53.863,1.06012,1.06036
2013.03.15 01:05:57.171,1.06011,1.06036
2013.03.15 01:05:59.997,1.06011,1.06033
2013.03.15 01:06:00.557,1.06009,1.06031
2013.03.15 01:06:00.736,1.06008,1.06031
2013.03.15 01:06:16.735,1.06007,1.06031
2013.03.15 01:06:19.367,1.06007,1.06031
2013.03.15 01:06:34.910,1.06005,1.06028
2013.03.15 01:06:35.747,1.06007,1.0603
2013.03.15 01:06:36.296,1.06013,1.06034
2013.03.15 01:06:36.356,1.06013,1.06034
2013.03.15 01:06:46.226,1.06015,1.0604
2013.03.15 01:06:47.577,1.06017,1.06034
2013.03.15 01:06:47.817,1.06018,1.06042
2013.03.15 01:06:48.395,1.06019,1.06042
2013.03.15 01:06:49.837,1.0602,1.06044
2013.03.15 01:06:58.776,1.06021,1.06046
2013.03.15 01:06:58.896,1.06022,1.06047
2013.03.15 01:06:58.956,1.06022,1.06048
2013.03.15 01:07:11.256,1.06022,1.06048
2013.03.15 01:07:20.582,1.06023,1.06048
2013.03.15 01:07:38.876,1.06024,1.06048
2013.03.15 01:07:56.596,1.06027,1.0605
2013.03.15 01:07:59.004,1.06026,1.06052
2013.03.15 01:07:59.611,1.06026,1.06052
2013.03.15 01:07:59.936,1.06029,1.06053
2013.03.15 01:08:00.235,1.06026,1.06053
2013.03.15 01:08:13.336,1.06028,1.06053
2013.03.15 01:08:16.925,1.06029,1.06055
2013.03.15 01:08:19.837,1.06029,1.06054
2013.03.15 01:08:24.806,1.06028,1.06054
2013.03.15 01:08:35.595,1.06029,1.06053
2013.03.15 01:08:35.656,1.06029,1.06053
2013.03.15 01:08:36.248,1.06027,1.06051
2013.03.15 01:08:37.133,1.06027,1.06051
2013.03.15 01:08:47.945,1.06028,1.06052
2013.03.15 01:08:49.348,1.06028,1.06052
2013.03.15 01:08:55.159,1.06026,1.06049
2013.03.15 01:08:56.550,1.06025,1.06049
2013.03.15 01:08:56.668,1.06026,1.06049
2013.03.15 01:09:00.310,1.06025,1.06049
2013.03.15 01:09:00.495,1.06022,1.06049
2013.03.15 01:09:08.806,1.06024,1.06049
2013.03.15 01:09:10.895,1.06025,1.06049
2013.03.15 01:09:11.627,1.06027,1.06049
2013.03.15 01:09:21.358,1.06026,1.06049
2013.03.15 01:09:25.675,1.06027,1.06049
2013.03.15 01:09:31.167,1.06026,1.0605
2013.03.15 01:09:40.789,1.06026,1.0605
2013.03.15 01:09:50.794,1.06024,1.06048
2013.03.15 01:09:56.038,1.06024,1.06048
2013.03.15 01:09:58.640,1.06024,1.06048
2013.03.15 01:10:13.409,1.06024,1.0605
2013.03.15 01:10:13.957,1.06024,1.0605
2013.03.15 01:10:14.046,1.06024,1.0605
2013.03.15 01:10:19.405,1.06028,1.06052
2013.03.15 01:10:23.100,1.06029,1.06055
2013.03.15 01:10:24.816,1.06029,1.06054
2013.03.15 01:10:26.046,1.0603,1.06054
2013.03.15 01:10:28.639,1.06033,1.06054
2013.03.15 01:10:42.831,1.06035,1.06058
2013.03.15 01:10:54.127,1.06033,1.06056
2013.03.15 01:10:56.959,1.06036,1.06059
2013.03.15 01:10:57.026,1.06036,1.06059
2013.03.15 01:10:57.327,1.06038,1.06061
2013.03.15 01:10:59.807,1.06041,1.06065
2013.03.15 01:11:03.206,1.06039,1.06062
2013.03.15 01:11:03.326,1.06037,1.06059
2013.03.15 01:11:03.447,1.06035,1.06058
2013.03.15 01:11:03.868,1.06035,1.06059
2013.03.15 01:11:07.108,1.06032,1.06056
2013.03.15 01:11:07.707,1.06035,1.06058
2013.03.15 01:11:08.626,1.06035,1.06056
2013.03.15 01:11:09.641,1.06035,1.06053
2013.03.15 01:11:11.487,1.06035,1.06054
2013.03.15 01:11:11.996,1.06037,1.06058
2013.03.15 01:11:12.357,1.0604,1.06063
2013.03.15 01:11:12.538,1.0604,1.06063
2013.03.15 01:11:12.669,1.0604,1.06061
2013.03.15 01:11:12.976,1.06041,1.0606
2013.03.15 01:11:13.667,1.06041,1.06064
2013.03.15 01:11:13.946,1.06043,1.06064
2013.03.15 01:11:14.516,1.06044,1.06064
2013.03.15 01:11:15.749,1.06044,1.06067
2013.03.15 01:11:16.403,1.06044,1.06064
2013.03.15 01:11:16.736,1.06044,1.06063
2013.03.15 01:11:18.707,1.0604,1.06063
2013.03.15 01:11:18.827,1.0604,1.06063
2013.03.15 01:11:18.891,1.06038,1.06063
2013.03.15 01:11:21.276,1.06034,1.06058
2013.03.15 01:11:21.670,1.06037,1.06056
2013.03.15 01:11:23.339,1.06036,1.06053
2013.03.15 01:11:26.299,1.06036,1.06053
2013.03.15 01:11:26.427,1.06034,1.06053
2013.03.15 01:11:26.627,1.06034,1.06048
2013.03.15 01:11:26.688,1.06031,1.06052
2013.03.15 01:11:26.989,1.06027,1.06048
2013.03.15 01:11:27.116,1.06026,1.06046
2013.03.15 01:11:27.237,1.06022,1.06044
2013.03.15 01:11:27.299,1.06022,1.06044
2013.03.15 01:11:27.488,1.0602,1.06043
2013.03.15 01:11:27.834,1.06017,1.06038
2013.03.15 01:11:31.566,1.06019,1.06041
2013.03.15 01:11:34.568,1.06017,1.06038
2013.03.15 01:11:34.647,1.06017,1.06038
2013.03.15 01:11:38.957,1.06018,1.06038
2013.03.15 01:11:41.368,1.06017,1.06038
2013.03.15 01:11:47.392,1.06017,1.06038
2013.03.15 01:11:48.197,1.06017,1.06038
2013.03.15 01:11:51.016,1.06017,1.06038
2013.03.15 01:11:55.199,1.06017,1.06038
2013.03.15 01:12:00.297,1.06015,1.06038
2013.03.15 01:12:00.974,1.06017,1.06038
2013.03.15 01:12:04.444,1.06017,1.06038
2013.03.15 01:12:06.353,1.06017,1.06038
2013.03.15 01:12:14.296,1.06019,1.06038
2013.03.15 01:12:17.388,1.06016,1.06038
2013.03.15 01:12:33.646,1.06018,1.06038
2013.03.15 01:12:35.696,1.06017,1.06039
2013.03.15 01:12:39.766,1.06017,1.06042
2013.03.15 01:12:41.916,1.06022,1.06044
2013.03.15 01:12:45.296,1.06022,1.06044
2013.03.15 01:12:46.483,1.06022,1.06044
2013.03.15 01:12:50.137,1.06022,1.06044
2013.03.15 01:12:55.088,1.06022,1.06044
2013.03.15 01:12:56.256,1.06021,1.06044
2013.03.15 01:12:56.577,1.06019,1.06042
2013.03.15 01:13:05.777,1.0602,1.06042
2013.03.15 01:13:06.966,1.06022,1.06042
2013.03.15 01:13:07.088,1.06022,1.06044
2013.03.15 01:13:11.149,1.06021,1.06044
2013.03.15 01:13:14.107,1.06027,1.06045
2013.03.15 01:13:18.806,1.06028,1.0605
2013.03.15 01:13:18.926,1.06025,1.0605
2013.03.15 01:13:19.978,1.06026,1.06049
2013.03.15 01:13:20.277,1.06026,1.06051
2013.03.15 01:13:20.697,1.06032,1.06051
2013.03.15 01:13:20.877,1.06032,1.06057
2013.03.15 01:13:20.939,1.06035,1.06057
2013.03.15 01:13:23.068,1.06036,1.06061
2013.03.15 01:13:23.426,1.06038,1.06064
2013.03.15 01:13:23.787,1.06029,1.06053
2013.03.15 01:13:23.847,1.06029,1.0605
2013.03.15 01:13:24.027,1.06027,1.06053
2013.03.15 01:13:24.266,1.06029,1.06053
2013.03.15 01:13:24.387,1.06031,1.06055
2013.03.15 01:13:27.067,1.06036,1.06058
2013.03.15 01:13:27.127,1.06036,1.06059
2013.03.15 01:13:29.187,1.06034,1.06058
2013.03.15 01:13:31.408,1.06032,1.06053
2013.03.15 01:13:31.468,1.06029,1.06046
2013.03.15 01:13:31.586,1.06025,1.06046
2013.03.15 01:13:31.647,1.06026,1.06048
2013.03.15 01:13:32.331,1.06026,1.0605
2013.03.15 01:13:35.096,1.06026,1.06049
2013.03.15 01:13:35.711,1.06026,1.0605
2013.03.15 01:13:38.007,1.06026,1.06049
2013.03.15 01:13:38.309,1.0602,1.06044
2013.03.15 01:13:38.617,1.06015,1.06041
2013.03.15 01:13:38.677,1.06015,1.0604
2013.03.15 01:13:38.896,1.06017,1.06041
2013.03.15 01:13:41.377,1.0602,1.06042
2013.03.15 01:13:42.067,1.06017,1.06041
2013.03.15 01:13:42.127,1.06017,1.06039
2013.03.15 01:13:42.576,1.06015,1.06041
2013.03.15 01:13:42.826,1.0602,1.06042
2013.03.15 01:13:43.366,1.06016,1.06042
2013.03.15 01:13:43.427,1.06016,1.0604
2013.03.15 01:13:43.547,1.06016,1.06039
2013.03.15 01:13:48.867,1.06011,1.06036
2013.03.15 01:13:49.047,1.06011,1.06032
2013.03.15 01:13:49.167,1.06006,1.0603
2013.03.15 01:13:49.586,1.06002,1.06027
2013.03.15 01:13:50.596,1.06005,1.06031
2013.03.15 01:13:53.662,1.06007,1.06031
2013.03.15 01:13:54.438,1.06009,1.06032
2013.03.15 01:13:54.677,1.06006,1.06031
2013.03.15 01:13:56.774,1.06007,1.06031
2013.03.15 01:13:57.483,1.06009,1.06031
2013.03.15 01:13:59.009,1.06006,1.0603
2013.03.15 01:13:59.487,1.06006,1.0603
2013.03.15 01:13:59.606,1.06004,1.0603
2013.03.15 01:13:59.666,1.06005,1.0603
2013.03.15 01:14:00.208,1.06007,1.06033
2013.03.15 01:14:00.698,1.06007,1.06033
2013.03.15 01:14:01.847,1.06007,1.06033
2013.03.15 01:14:03.811,1.06008,1.06035
2013.03.15 01:14:15.546,1.06009,1.06032
2013.03.15 01:14:15.726,1.06009,1.06033
2013.03.15 01:14:20.917,1.06009,1.06035
2013.03.15 01:14:23.966,1.06009,1.06034
2013.03.15 01:14:24.636,1.06009,1.06034
2013.03.15 01:14:25.097,1.06004,1.06029
2013.03.15 01:14:25.156,1.06002,1.06026
2013.03.15 01:14:27.068,1.06,1.06024
2013.03.15 01:14:27.387,1.06001,1.06024
2013.03.15 01:14:30.478,1.06005,1.06029
2013.03.15 01:14:31.336,1.06005,1.06029
2013.03.15 01:14:32.536,1.06005,1.06029
2013.03.15 01:14:33.138,1.06005,1.06029
2013.03.15 01:14:33.944,1.06006,1.06029
2013.03.15 01:14:34.075,1.06007,1.06029
2013.03.15 01:14:36.586,1.06007,1.06029
2013.03.15 01:14:38.857,1.06007,1.06029
2013.03.15 01:14:40.357,1.06007,1.06029
2013.03.15 01:14:40.477,1.06009,1.06029
2013.03.15 01:14:40.836,1.06009,1.06029
2013.03.15 01:14:42.880,1.06005,1.06029
2013.03.15 01:14:43.997,1.06003,1.06029
2013.03.15 01:14:45.432,1.06003,1.06024
2013.03.15 01:14:45.977,1.06,1.06021
2013.03.15 01:14:47.056,1.05999,1.06019
2013.03.15 01:14:47.370,1.05996,1.06019
2013.03.15 01:14:50.979,1.06,1.06021
2013.03.15 01:14:58.970,1.05996,1.06019
2013.03.15 01:15:02.426,1.05997,1.06019
2013.03.15 01:15:02.756,1.06,1.06025
2013.03.15 01:15:06.477,1.06001,1.06026
2013.03.15 01:15:09.396,1.05998,1.06022
2013.03.15 01:15:11.618,1.05999,1.06024
2013.03.15 01:15:22.188,1.05996,1.06022
2013.03.15 01:15:22.432,1.05989,1.06018
2013.03.15 01:15:22.737,1.05989,1.06014
2013.03.15 01:15:22.797,1.05986,1.06013
2013.03.15 01:15:23.336,1.05984,1.06011
2013.03.15 01:15:23.637,1.05984,1.06011
2013.03.15 01:15:23.816,1.0599,1.06014
2013.03.15 01:15:25.687,1.0599,1.06014
2013.03.15 01:15:26.431,1.0599,1.06014
2013.03.15 01:15:26.776,1.05984,1.06011
2013.03.15 01:15:27.079,1.05988,1.06014
2013.03.15 01:15:27.521,1.05988,1.06014
2013.03.15 01:15:28.226,1.05988,1.06014
2013.03.15 01:15:30.816,1.05988,1.06011
2013.03.15 01:15:31.342,1.05988,1.06013
2013.03.15 01:15:32.136,1.05988,1.06013
2013.03.15 01:15:43.287,1.05988,1.06013
2013.03.15 01:15:43.347,1.05988,1.06012
2013.03.15 01:15:43.889,1.05984,1.0601
2013.03.15 01:15:50.846,1.05984,1.0601
2013.03.15 01:15:54.346,1.05986,1.0601
2013.03.15 01:15:58.696,1.05985,1.06008
2013.03.15 01:16:00.887,1.05984,1.06008
2013.03.15 01:16:02.946,1.05984,1.06006
2013.03.15 01:16:03.486,1.05981,1.06004
2013.03.15 01:16:03.606,1.0598,1.06004
2013.03.15 01:16:03.727,1.05981,1.06004
2013.03.15 01:16:03.787,1.05983,1.06005
2013.03.15 01:16:11.819,1.05984,1.06009
2013.03.15 01:16:13.123,1.05984,1.0601
2013.03.15 01:16:15.307,1.05982,1.06005
2013.03.15 01:16:18.049,1.05981,1.06005
2013.03.15 01:16:19.919,1.05984,1.0601
2013.03.15 01:16:20.396,1.05986,1.0601
2013.03.15 01:16:21.677,1.05987,1.0601
2013.03.15 01:16:22.368,1.05988,1.06012
2013.03.15 01:16:28.856,1.05987,1.0601
2013.03.15 01:16:30.063,1.05986,1.0601
2013.03.15 01:16:30.952,1.05986,1.0601
2013.03.15 01:16:33.497,1.05988,1.06013
2013.03.15 01:16:35.817,1.05986,1.0601
2013.03.15 01:16:49.506,1.05984,1.06009
2013.03.15 01:16:53.418,1.05984,1.06009
2013.03.15 01:16:53.628,1.05984,1.0601
2013.03.15 01:16:54.349,1.05984,1.06009
2013.03.15 01:16:58.987,1.05986,1.0601
2013.03.15 01:17:06.450,1.05986,1.06011
2013.03.15 01:17:10.846,1.05987,1.06011
2013.03.15 01:17:19.637,1.0599,1.06014
2013.03.15 01:17:40.518,1.05988,1.06013
2013.03.15 01:17:49.121,1.05987,1.06012
2013.03.15 01:18:00.373,1.05986,1.06011
2013.03.15 01:18:11.418,1.05986,1.06008
2013.03.15 01:18:12.225,1.05986,1.06007
2013.03.15 01:18:12.888,1.05986,1.06008
2013.03.15 01:18:15.811,1.05986,1.06009
2013.03.15 01:18:17.036,1.0599,1.06011
2013.03.15 01:18:37.314,1.0599,1.06014
2013.03.15 01:18:56.856,1.05991,1.06014
2013.03.15 01:18:56.917,1.05992,1.06014
2013.03.15 01:18:57.038,1.05992,1.06017
2013.03.15 01:18:57.398,1.05993,1.06018
2013.03.15 01:18:57.517,1.05991,1.06014
2013.03.15 01:18:57.649,1.0599,1.06014
2013.03.15 01:19:02.438,1.0599,1.06014
2013.03.15 01:19:08.106,1.05991,1.06014
2013.03.15 01:19:09.559,1.05995,1.06017
2013.03.15 01:19:13.217,1.05996,1.06017
2013.03.15 01:19:14.161,1.05993,1.06017
2013.03.15 01:19:16.669,1.05993,1.06017
2013.03.15 01:19:17.157,1.05993,1.06017
2013.03.15 01:19:17.548,1.05997,1.06022
2013.03.15 01:19:22.207,1.05998,1.06022
2013.03.15 01:19:25.771,1.05998,1.06022
2013.03.15 01:19:26.777,1.05998,1.06022
2013.03.15 01:19:33.398,1.05998,1.06022
2013.03.15 01:19:47.866,1.05998,1.06021
2013.03.15 01:19:52.548,1.05997,1.06021
2013.03.15 01:19:58.444,1.05998,1.06023
2013.03.15 01:19:59.597,1.05999,1.06023
2013.03.15 01:20:15.687,1.06,1.06024
2013.03.15 01:20:15.808,1.06002,1.06024
2013.03.15 01:20:15.927,1.05999,1.06024
2013.03.15 01:20:17.339,1.05998,1.06022
2013.03.15 01:20:17.707,1.05994,1.06018
2013.03.15 01:20:29.641,1.05997,1.06018
2013.03.15 01:20:36.707,1.05994,1.06018
2013.03.15 01:20:40.617,1.05997,1.06018
2013.03.15 01:20:47.737,1.05995,1.06018
2013.03.15 01:20:55.207,1.05997,1.06018
2013.03.15 01:20:56.128,1.05994,1.06018
2013.03.15 01:21:17.360,1.05995,1.0602
2013.03.15 01:21:17.869,1.05995,1.06024
2013.03.15 01:21:18.267,1.05996,1.06023
2013.03.15 01:21:18.866,1.05996,1.06022
2013.03.15 01:21:21.511,1.05999,1.06025
2013.03.15 01:21:23.070,1.05999,1.06025
2013.03.15 01:21:23.428,1.06001,1.06026
2013.03.15 01:21:28.431,1.06004,1.0603
2013.03.15 01:21:34.924,1.06005,1.06025
2013.03.15 01:21:38.897,1.06007,1.0603
2013.03.15 01:21:44.817,1.06008,1.0603
2013.03.15 01:21:45.277,1.06004,1.0603
2013.03.15 01:21:45.577,1.06003,1.06027
2013.03.15 01:21:49.899,1.06002,1.06024
2013.03.15 01:21:49.959,1.06,1.06024
2013.03.15 01:21:50.627,1.06,1.06024
2013.03.15 01:21:51.177,1.06001,1.06027
2013.03.15 01:21:53.439,1.05997,1.0602
2013.03.15 01:21:53.498,1.05997,1.06019
2013.03.15 01:21:53.558,1.05996,1.0602
2013.03.15 01:22:02.478,1.05999,1.06021
2013.03.15 01:22:03.087,1.05999,1.06023
2013.03.15 01:22:03.327,1.06,1.06024
2013.03.15 01:22:04.237,1.06001,1.06024
2013.03.15 01:22:04.357,1.05999,1.06023
2013.03.15 01:22:05.927,1.06001,1.06023
2013.03.15 01:22:08.427,1.05997,1.06022
2013.03.15 01:22:13.185,1.06002,1.06022
2013.03.15 01:22:15.891,1.05996,1.06022
2013.03.15 01:22:18.806,1.05999,1.06022
2013.03.15 01:22:21.239,1.05997,1.06022
2013.03.15 01:22:23.659,1.06,1.06022
2013.03.15 01:22:25.626,1.05997,1.06023
2013.03.15 01:22:27.377,1.06,1.06023
2013.03.15 01:22:30.048,1.05997,1.06023
2013.03.15 01:22:34.856,1.06001,1.06023
2013.03.15 01:22:37.298,1.05997,1.06022
2013.03.15 01:22:37.357,1.05997,1.06022
2013.03.15 01:22:37.537,1.05992,1.06015
2013.03.15 01:22:37.718,1.05991,1.06013
2013.03.15 01:22:37.960,1.05989,1.06012
2013.03.15 01:22:38.565,1.05989,1.06012
2013.03.15 01:22:38.688,1.05984,1.06007
2013.03.15 01:22:38.747,1.05983,1.06007
2013.03.15 01:22:38.987,1.05985,1.06007
2013.03.15 01:22:39.107,1.05987,1.06009
2013.03.15 01:22:39.227,1.05987,1.06012
2013.03.15 01:22:44.892,1.05993,1.06014
2013.03.15 01:22:44.958,1.0599,1.06014
2013.03.15 01:22:49.702,1.05988,1.06012
2013.03.15 01:22:51.909,1.0599,1.06014
2013.03.15 01:22:54.011,1.05991,1.06014
2013.03.15 01:22:54.137,1.0599,1.06014
2013.03.15 01:22:54.377,1.05988,1.06014
2013.03.15 01:22:55.716,1.0599,1.06014
2013.03.15 01:22:59.176,1.05989,1.06014
2013.03.15 01:23:01.957,1.0599,1.06014
2013.03.15 01:23:02.306,1.05991,1.06014
2013.03.15 01:23:07.449,1.05992,1.06014
2013.03.15 01:23:11.006,1.0599,1.06013
2013.03.15 01:23:12.866,1.05989,1.06013
2013.03.15 01:23:13.208,1.05992,1.06014
2013.03.15 01:23:13.329,1.05992,1.06014
2013.03.15 01:23:23.412,1.0599,1.06016
2013.03.15 01:23:24.299,1.05991,1.06016
2013.03.15 01:23:25.137,1.0599,1.06016
2013.03.15 01:23:25.257,1.05987,1.06009
2013.03.15 01:23:25.777,1.05985,1.06009
2013.03.15 01:23:28.817,1.05987,1.06011
2013.03.15 01:23:28.938,1.05984,1.06009
2013.03.15 01:23:29.417,1.05984,1.06009
2013.03.15 01:23:29.597,1.05982,1.06004
2013.03.15 01:23:29.838,1.0598,1.06004
2013.03.15 01:23:32.977,1.05979,1.06004
2013.03.15 01:23:33.337,1.0598,1.06004
2013.03.15 01:23:33.598,1.05983,1.06006
2013.03.15 01:23:33.659,1.05984,1.06008
2013.03.15 01:23:33.898,1.05985,1.0601
2013.03.15 01:23:39.652,1.05988,1.06012
2013.03.15 01:23:44.346,1.05988,1.06012
2013.03.15 01:23:46.205,1.05989,1.06012
2013.03.15 01:23:49.073,1.05991,1.06012
2013.03.15 01:23:57.800,1.05988,1.06014
2013.03.15 01:23:59.701,1.05988,1.06014
2013.03.15 01:24:07.719,1.05989,1.06014
2013.03.15 01:24:19.947,1.05987,1.0601
2013.03.15 01:24:23.491,1.05986,1.06008
2013.03.15 01:24:24.269,1.05982,1.06004
2013.03.15 01:24:24.677,1.05981,1.06004
2013.03.15 01:24:27.881,1.05981,1.06007
2013.03.15 01:24:30.806,1.05982,1.06008
2013.03.15 01:24:31.247,1.05987,1.06011
2013.03.15 01:24:40.347,1.05987,1.06011
2013.03.15 01:24:41.417,1.05987,1.06009
2013.03.15 01:24:41.957,1.05986,1.06009
2013.03.15 01:24:42.277,1.05982,1.06007
2013.03.15 01:24:48.409,1.05982,1.06007
2013.03.15 01:24:48.467,1.05983,1.06009
2013.03.15 01:24:51.178,1.05984,1.06009
2013.03.15 01:25:01.238,1.05984,1.06009
2013.03.15 01:25:01.995,1.05983,1.06008
2013.03.15 01:25:02.319,1.05979,1.06004
2013.03.15 01:25:04.136,1.05981,1.06004
2013.03.15 01:25:04.197,1.05983,1.06004
2013.03.15 01:25:04.498,1.05984,1.06008
2013.03.15 01:25:14.723,1.05983,1.06008
2013.03.15 01:25:16.130,1.05982,1.06006
2013.03.15 01:25:16.571,1.05982,1.06007
2013.03.15 01:25:19.144,1.05983,1.06008
2013.03.15 01:25:29.785,1.05987,1.06008
2013.03.15 01:25:29.887,1.05985,1.06008
2013.03.15 01:25:51.754,1.05987,1.06008
2013.03.15 01:25:59.487,1.05984,1.06008
2013.03.15 01:26:04.050,1.05989,1.06014
2013.03.15 01:26:04.288,1.05986,1.06009
2013.03.15 01:26:04.409,1.05987,1.06009
2013.03.15 01:26:04.708,1.05986,1.06009
2013.03.15 01:26:06.203,1.05985,1.06007
2013.03.15 01:26:06.525,1.05985,1.06005
2013.03.15 01:26:06.968,1.05985,1.06007
2013.03.15 01:26:07.028,1.05985,1.06009
2013.03.15 01:26:10.418,1.05987,1.06008
2013.03.15 01:26:10.837,1.0599,1.06014
2013.03.15 01:26:15.907,1.05992,1.06016
2013.03.15 01:26:16.117,1.05996,1.0602
2013.03.15 01:26:28.374,1.05994,1.06017
2013.03.15 01:26:29.679,1.05994,1.06018
2013.03.15 01:26:32.789,1.05995,1.0602
2013.03.15 01:26:45.379,1.05997,1.0602
2013.03.15 01:26:45.937,1.05998,1.06022
2013.03.15 01:26:49.798,1.05997,1.06019
2013.03.15 01:26:53.113,1.05995,1.06019
2013.03.15 01:27:04.359,1.05996,1.06019
2013.03.15 01:27:04.479,1.06001,1.06023
2013.03.15 01:27:05.208,1.06006,1.0603
2013.03.15 01:27:06.107,1.06006,1.06032
2013.03.15 01:27:10.138,1.06007,1.06032
2013.03.15 01:27:11.009,1.06007,1.06031
2013.03.15 01:27:11.078,1.06008,1.06032
2013.03.15 01:27:11.986,1.0601,1.06035
2013.03.15 01:27:15.499,1.06014,1.06035
2013.03.15 01:27:20.051,1.06008,1.06032
2013.03.15 01:27:20.121,1.06008,1.06032
2013.03.15 01:27:20.839,1.06008,1.06029
2013.03.15 01:27:22.139,1.06006,1.06029
2013.03.15 01:27:22.809,1.06007,1.06028
2013.03.15 01:27:23.168,1.06007,1.06025
2013.03.15 01:27:23.288,1.06005,1.06025
2013.03.15 01:27:23.409,1.06004,1.06025
2013.03.15 01:27:25.168,1.06005,1.06028
2013.03.15 01:27:25.499,1.06005,1.06023
2013.03.15 01:27:26.036,1.06005,1.06026
2013.03.15 01:27:27.488,1.06007,1.06026
2013.03.15 01:27:27.548,1.06007,1.06028
2013.03.15 01:27:27.608,1.06009,1.06028
2013.03.15 01:27:29.158,1.06011,1.06034
2013.03.15 01:27:29.279,1.06012,1.06034
2013.03.15 01:27:29.935,1.06014,1.06034
2013.03.15 01:27:35.368,1.06016,1.06039
2013.03.15 01:27:36.851,1.06017,1.06042
2013.03.15 01:27:37.011,1.06018,1.06042
2013.03.15 01:27:38.114,1.06017,1.06042
2013.03.15 01:27:39.542,1.06018,1.06042
2013.03.15 01:27:41.998,1.06023,1.06046
2013.03.15 01:27:43.111,1.06024,1.06048
2013.03.15 01:27:43.638,1.06022,1.06048
2013.03.15 01:27:47.248,1.06021,1.06045
2013.03.15 01:27:47.367,1.0602,1.06045
2013.03.15 01:27:50.148,1.06021,1.06045
2013.03.15 01:27:52.657,1.06018,1.06044
2013.03.15 01:27:53.198,1.06018,1.06044
2013.03.15 01:27:53.713,1.06016,1.06042
2013.03.15 01:27:58.793,1.06016,1.06041
2013.03.15 01:27:58.988,1.06014,1.06036
2013.03.15 01:27:59.720,1.06012,1.06036
2013.03.15 01:27:59.802,1.06012,1.06035
2013.03.15 01:28:02.099,1.06012,1.06035
2013.03.15 01:28:02.657,1.06013,1.06037
2013.03.15 01:28:04.127,1.06011,1.06035
2013.03.15 01:28:05.282,1.06013,1.06037
2013.03.15 01:28:05.407,1.06012,1.06034
2013.03.15 01:28:05.699,1.06011,1.06033
2013.03.15 01:28:11.230,1.06007,1.06031
2013.03.15 01:28:15.238,1.06009,1.06034
2013.03.15 01:28:15.418,1.0601,1.06034
2013.03.15 01:28:18.468,1.06011,1.06035
2013.03.15 01:28:19.362,1.06012,1.06037
2013.03.15 01:28:20.668,1.06015,1.06038
2013.03.15 01:28:21.268,1.06015,1.06038
2013.03.15 01:28:21.799,1.06015,1.06038
2013.03.15 01:28:21.920,1.06013,1.06037
2013.03.15 01:28:21.978,1.06012,1.06035
2013.03.15 01:28:24.379,1.0601,1.06034
2013.03.15 01:28:25.918,1.06009,1.06033
2013.03.15 01:28:26.338,1.06008,1.06032
2013.03.15 01:28:26.843,1.06009,1.06033
2013.03.15 01:28:27.594,1.06009,1.06034
2013.03.15 01:28:28.051,1.06009,1.06034
2013.03.15 01:28:30.130,1.0601,1.06035
2013.03.15 01:28:34.886,1.06011,1.06035
2013.03.15 01:28:37.580,1.06009,1.06034
2013.03.15 01:28:37.939,1.06009,1.06031
2013.03.15 01:28:41.058,1.06008,1.06034
2013.03.15 01:28:42.259,1.06009,1.06034
2013.03.15 01:28:49.791,1.06009,1.06034
2013.03.15 01:28:51.399,1.06009,1.06034
2013.03.15 01:28:57.662,1.06008,1.06033
2013.03.15 01:28:58.367,1.06007,1.06031
2013.03.15 01:28:59.311,1.06008,1.06034
2013.03.15 01:29:10.348,1.06009,1.06035
2013.03.15 01:29:11.056,1.06008,1.06033
2013.03.15 01:29:12.309,1.06009,1.06033
2013.03.15 01:29:12.369,1.06012,1.06033
2013.03.15 01:29:12.488,1.06012,1.06034
2013.03.15 01:29:12.668,1.06012,1.06034
2013.03.15 01:29:12.908,1.06015,1.06038
2013.03.15 01:29:13.761,1.06015,1.06039
2013.03.15 01:29:16.729,1.06017,1.06041
2013.03.15 01:29:17.388,1.06019,1.06044
2013.03.15 01:29:18.125,1.06021,1.06044
2013.03.15 01:29:18.588,1.0602,1.06043
2013.03.15 01:29:20.567,1.06022,1.06045
2013.03.15 01:29:21.921,1.0602,1.06046
2013.03.15 01:29:22.160,1.06021,1.06044
2013.03.15 01:29:25.799,1.06022,1.06046
2013.03.15 01:29:26.159,1.06026,1.06048
2013.03.15 01:29:26.739,1.06026,1.06051
2013.03.15 01:29:27.059,1.06027,1.06053
2013.03.15 01:29:27.598,1.06032,1.06053
2013.03.15 01:29:31.452,1.06032,1.06052
2013.03.15 01:29:31.988,1.06028,1.06052
2013.03.15 01:29:33.541,1.06027,1.06051
2013.03.15 01:29:37.629,1.06028,1.06052
2013.03.15 01:29:41.988,1.06028,1.06053
2013.03.15 01:29:42.120,1.06027,1.06053
2013.03.15 01:29:42.838,1.06028,1.06053
2013.03.15 01:29:45.200,1.06028,1.06053
2013.03.15 01:29:45.530,1.06028,1.06052
2013.03.15 01:29:45.648,1.06028,1.06053
2013.03.15 01:29:46.205,1.06032,1.06054
2013.03.15 01:29:47.843,1.06033,1.06056
2013.03.15 01:29:47.977,1.06033,1.06057
2013.03.15 01:29:48.740,1.06036,1.06057
2013.03.15 01:29:49.429,1.06036,1.0606
2013.03.15 01:29:49.968,1.06036,1.0606
2013.03.15 01:29:52.149,1.06037,1.06061
2013.03.15 01:29:52.210,1.06042,1.06061
2013.03.15 01:29:52.449,1.06038,1.06061
2013.03.15 01:29:52.509,1.06038,1.06064
2013.03.15 01:29:53.951,1.06044,1.06068
2013.03.15 01:29:54.008,1.06044,1.06069
2013.03.15 01:29:55.008,1.06044,1.06069
2013.03.15 01:29:56.180,1.06044,1.06069
2013.03.15 01:29:57.300,1.06044,1.06069
2013.03.15 01:29:59.419,1.06041,1.06067
2013.03.15 01:29:59.663,1.06041,1.06065
2013.03.15 01:30:00.055,1.06044,1.06067
2013.03.15 01:30:00.418,1.06042,1.06065
2013.03.15 01:30:00.598,1.06041,1.06065
2013.03.15 01:30:00.658,1.06041,1.06062
2013.03.15 01:30:02.919,1.06037,1.06061
2013.03.15 01:30:04.418,1.06036,1.06058
2013.03.15 01:30:05.120,1.06036,1.06057
2013.03.15 01:30:05.828,1.06036,1.06059
2013.03.15 01:30:05.888,1.06038,1.06063
2013.03.15 01:30:06.612,1.06043,1.06063
2013.03.15 01:30:07.121,1.06042,1.06066
2013.03.15 01:30:07.649,1.06046,1.06065
2013.03.15 01:30:07.768,1.06042,1.06064
2013.03.15 01:30:08.468,1.06042,1.06063
2013.03.15 01:30:08.528,1.0604,1.06062
2013.03.15 01:30:08.709,1.06042,1.06064
2013.03.15 01:30:09.010,1.06042,1.06064
2013.03.15 01:30:09.068,1.06042,1.06064
2013.03.15 01:30:09.129,1.06042,1.06067
2013.03.15 01:30:09.938,1.06041,1.06064
2013.03.15 01:30:10.118,1.06041,1.06064
2013.03.15 01:30:11.218,1.06043,1.06068
2013.03.15 01:30:11.768,1.06046,1.06067
2013.03.15 01:30:11.948,1.06042,1.06065
2013.03.15 01:30:12.008,1.06042,1.06062
2013.03.15 01:30:12.131,1.06042,1.06062
2013.03.15 01:30:12.368,1.06037,1.06058
2013.03.15 01:30:12.548,1.06037,1.06058
2013.03.15 01:30:12.848,1.06036,1.06061
2013.03.15 01:30:12.908,1.06036,1.06062
2013.03.15 01:30:14.458,1.06036,1.06061
2013.03.15 01:30:14.630,1.06036,1.0606
2013.03.15 01:30:15.318,1.06035,1.06058
2013.03.15 01:30:17.877,1.06036,1.06058
2013.03.15 01:30:18.712,1.06034,1.06058
2013.03.15 01:30:22.552,1.06034,1.06057
2013.03.15 01:30:23.830,1.06034,1.06056
2013.03.15 01:30:24.380,1.06034,1.06057
2013.03.15 01:30:24.798,1.06034,1.06058
2013.03.15 01:30:25.059,1.06034,1.06058
2013.03.15 01:30:26.598,1.06034,1.06058
2013.03.15 01:30:27.008,1.06034,1.06056
2013.03.15 01:30:29.940,1.06033,1.06055
2013.03.15 01:30:30.539,1.06034,1.06056
2013.03.15 01:30:32.850,1.06031,1.06055
2013.03.15 01:30:40.549,1.06033,1.06057
2013.03.15 01:30:41.087,1.06031,1.06055
2013.03.15 01:30:43.707,1.06034,1.06057
2013.03.15 01:30:54.920,1.06034,1.06058
2013.03.15 01:30:59.815,1.06036,1.06058
2013.03.15 01:31:00.219,1.06039,1.06062
2013.03.15 01:31:00.460,1.06041,1.06064
2013.03.15 01:31:03.330,1.06039,1.06064
2013.03.15 01:31:03.470,1.06039,1.06064
2013.03.15 01:31:04.538,1.06039,1.06064
2013.03.15 01:31:12.143,1.06043,1.06065
2013.03.15 01:31:15.228,1.06043,1.06069
2013.03.15 01:31:17.741,1.06043,1.06069
2013.03.15 01:31:17.856,1.06043,1.06069
2013.03.15 01:31:29.900,1.06043,1.06069
2013.03.15 01:31:30.679,1.06046,1.0607
2013.03.15 01:31:31.310,1.06046,1.06069
2013.03.15 01:31:31.849,1.06046,1.06069
2013.03.15 01:31:31.968,1.06043,1.06065
2013.03.15 01:31:37.019,1.06039,1.06062
2013.03.15 01:31:37.579,1.06036,1.0606
2013.03.15 01:31:40.720,1.0604,1.06063
2013.03.15 01:31:43.429,1.06039,1.06062
2013.03.15 01:31:46.941,1.0604,1.06064
2013.03.15 01:31:47.659,1.06041,1.06066
2013.03.15 01:31:48.220,1.0604,1.06064
2013.03.15 01:31:49.391,1.0604,1.06063
2013.03.15 01:31:53.399,1.0604,1.06062
2013.03.15 01:31:55.639,1.06039,1.06061
2013.03.15 01:31:55.759,1.06036,1.06059
2013.03.15 01:31:55.878,1.06036,1.06059
2013.03.15 01:31:57.418,1.06036,1.06061
2013.03.15 01:32:00.300,1.06038,1.0606
2013.03.15 01:32:07.888,1.06037,1.06061
2013.03.15 01:32:09.759,1.06039,1.06061
2013.03.15 01:32:11.259,1.06038,1.06061
2013.03.15 01:32:11.378,1.06038,1.06063
2013.03.15 01:32:11.510,1.06037,1.06063
2013.03.15 01:32:19.180,1.06036,1.06062
2013.03.15 01:32:19.239,1.0604,1.06063
2013.03.15 01:32:22.507,1.0604,1.06063
2013.03.15 01:32:22.638,1.06039,1.06062
2013.03.15 01:32:23.160,1.06039,1.06059
2013.03.15 01:32:25.949,1.06039,1.06059
2013.03.15 01:32:27.118,1.0604,1.06063
2013.03.15 01:32:27.179,1.0604,1.06065
2013.03.15 01:32:27.538,1.06043,1.06067
2013.03.15 01:32:29.359,1.06044,1.06067
2013.03.15 01:32:31.099,1.06044,1.06066
2013.03.15 01:32:34.419,1.06044,1.06066
2013.03.15 01:32:34.598,1.06037,1.06063
2013.03.15 01:32:34.719,1.06037,1.0606
2013.03.15 01:32:34.908,1.06037,1.06056
2013.03.15 01:32:36.690,1.06032,1.06057
2013.03.15 01:32:36.810,1.06036,1.06061
2013.03.15 01:32:37.048,1.06038,1.06064
2013.03.15 01:32:37.929,1.06037,1.06061
2013.03.15 01:32:38.609,1.06035,1.06059
2013.03.15 01:32:38.789,1.06031,1.06056
2013.03.15 01:32:40.089,1.06033,1.06055
2013.03.15 01:32:40.269,1.06033,1.06057
2013.03.15 01:32:40.508,1.06037,1.06061
2013.03.15 01:32:41.509,1.06036,1.06059
2013.03.15 01:32:41.929,1.06037,1.06062
2013.03.15 01:32:42.838,1.06036,1.06061
2013.03.15 01:32:43.149,1.06037,1.06062
2013.03.15 01:32:43.388,1.06037,1.06059
2013.03.15 01:32:45.048,1.06037,1.06063
2013.03.15 01:32:45.108,1.06037,1.06063
2013.03.15 01:32:45.538,1.06037,1.06063
2013.03.15 01:32:45.778,1.06037,1.06061
2013.03.15 01:32:46.680,1.06035,1.06059
2013.03.15 01:32:49.838,1.06033,1.06057
2013.03.15 01:32:51.298,1.06031,1.06056
2013.03.15 01:32:51.359,1.06035,1.06058
2013.03.15 01:32:51.419,1.06037,1.0606
2013.03.15 01:32:51.478,1.06038,1.06063
2013.03.15 01:32:51.820,1.06037,1.06061
2013.03.15 01:32:54.720,1.06037,1.06063
2013.03.15 01:32:55.331,1.06035,1.06061
2013.03.15 01:32:55.929,1.06035,1.06061
2013.03.15 01:32:56.048,1.06033,1.06057
2013.03.15 01:32:56.108,1.06032,1.06057
2013.03.15 01:33:02.860,1.06032,1.06057
2013.03.15 01:33:03.642,1.06032,1.06056
2013.03.15 01:33:03.951,1.06027,1.06047
2013.03.15 01:33:04.603,1.06032,1.06047
2013.03.15 01:33:04.960,1.06027,1.06048
2013.03.15 01:33:05.979,1.06027,1.06049
2013.03.15 01:33:06.779,1.06027,1.06054
2013.03.15 01:33:08.159,1.06028,1.06054
2013.03.15 01:33:08.219,1.06031,1.06054
2013.03.15 01:33:08.469,1.0603,1.06054
2013.03.15 01:33:08.591,1.06029,1.06054
2013.03.15 01:33:09.860,1.06029,1.06054
2013.03.15 01:33:09.980,1.06028,1.06052
2013.03.15 01:33:12.681,1.06027,1.0605
2013.03.15 01:33:20.291,1.06028,1.06053
2013.03.15 01:33:23.230,1.06028,1.06054
2013.03.15 01:33:24.141,1.06027,1.06053
2013.03.15 01:33:25.100,1.06029,1.06054
2013.03.15 01:33:25.166,1.06029,1.06054
2013.03.15 01:33:29.865,1.06029,1.06054
2013.03.15 01:33:30.628,1.06031,1.06054
2013.03.15 01:33:30.868,1.06034,1.06058
2013.03.15 01:33:31.289,1.06032,1.06058
2013.03.15 01:33:31.789,1.06031,1.06056
2013.03.15 01:33:32.940,1.06032,1.06057
2013.03.15 01:33:36.677,1.06032,1.06056
2013.03.15 01:33:41.206,1.06032,1.06058
2013.03.15 01:33:41.899,1.06034,1.06058
2013.03.15 01:33:43.606,1.06032,1.06058
2013.03.15 01:33:49.158,1.06034,1.06058
2013.03.15 01:33:51.318,1.06032,1.06056
2013.03.15 01:33:52.688,1.06032,1.06056
2013.03.15 01:33:53.322,1.06032,1.06054
2013.03.15 01:33:53.636,1.06032,1.06055
2013.03.15 01:33:56.389,1.06031,1.06054
2013.03.15 01:34:02.489,1.06034,1.06057
2013.03.15 01:34:04.648,1.06032,1.06056
2013.03.15 01:34:05.248,1.06032,1.06055
2013.03.15 01:34:20.807,1.06031,1.06054
2013.03.15 01:34:20.991,1.06032,1.06055
2013.03.15 01:34:21.349,1.06033,1.06056
2013.03.15 01:34:26.909,1.06033,1.06057
2013.03.15 01:34:27.028,1.06031,1.06055
2013.03.15 01:34:27.088,1.06032,1.06055
2013.03.15 01:34:27.649,1.06032,1.06057
2013.03.15 01:34:27.768,1.06034,1.06058
2013.03.15 01:34:27.828,1.06036,1.06058
2013.03.15 01:34:31.419,1.06036,1.06058
2013.03.15 01:34:33.460,1.06036,1.06059
2013.03.15 01:34:37.138,1.06036,1.06059
2013.03.15 01:34:44.029,1.06031,1.06055
2013.03.15 01:34:46.918,1.06031,1.06055
2013.03.15 01:34:50.118,1.06032,1.06055
2013.03.15 01:35:00.329,1.06034,1.06055
2013.03.15 01:35:00.869,1.06037,1.06061
2013.03.15 01:35:01.338,1.0604,1.06064
2013.03.15 01:35:06.208,1.06042,1.06065
2013.03.15 01:35:07.312,1.06044,1.06069
2013.03.15 01:35:16.729,1.06044,1.06069
2013.03.15 01:35:17.240,1.06043,1.06069
2013.03.15 01:35:26.619,1.06043,1.06069
2013.03.15 01:35:29.599,1.06043,1.06069
2013.03.15 01:35:46.361,1.06041,1.06065
2013.03.15 01:35:47.131,1.06041,1.06065
2013.03.15 01:35:48.644,1.06039,1.06065
2013.03.15 01:35:53.420,1.06039,1.06065
2013.03.15 01:35:57.648,1.06039,1.06065
2013.03.15 01:36:04.169,1.06038,1.06061
2013.03.15 01:36:04.979,1.06038,1.06058
2013.03.15 01:36:06.898,1.06035,1.06058
2013.03.15 01:36:09.098,1.06035,1.06058
2013.03.15 01:36:15.874,1.06035,1.06058
2013.03.15 01:36:19.680,1.06035,1.06058
2013.03.15 01:36:24.673,1.06032,1.06058
2013.03.15 01:36:24.752,1.06032,1.06058
2013.03.15 01:36:25.938,1.06032,1.06056
2013.03.15 01:36:26.695,1.06032,1.06056
2013.03.15 01:36:38.424,1.06032,1.06056
2013.03.15 01:36:39.969,1.06032,1.06056
2013.03.15 01:37:01.619,1.06033,1.06058
2013.03.15 01:37:01.928,1.06032,1.06055
2013.03.15 01:37:03.658,1.06032,1.06055
2013.03.15 01:37:05.338,1.06032,1.06055
2013.03.15 01:37:09.679,1.06032,1.06057
2013.03.15 01:37:12.139,1.06034,1.06058
2013.03.15 01:37:12.439,1.06032,1.06058
2013.03.15 01:37:13.303,1.06031,1.06057
2013.03.15 01:37:26.367,1.06032,1.06057
2013.03.15 01:37:36.296,1.06033,1.06057
2013.03.15 01:37:36.852,1.06033,1.06057
2013.03.15 01:37:47.409,1.06031,1.06056
2013.03.15 01:37:48.239,1.06032,1.06056
2013.03.15 01:37:51.039,1.06032,1.06056
2013.03.15 01:37:51.559,1.0603,1.06056
2013.03.15 01:37:52.573,1.0603,1.06056
2013.03.15 01:37:52.759,1.06025,1.0605
2013.03.15 01:37:52.819,1.06025,1.0605
2013.03.15 01:37:53.372,1.06019,1.06043
2013.03.15 01:37:54.903,1.0602,1.06044
2013.03.15 01:37:55.552,1.0602,1.06044
2013.03.15 01:37:56.322,1.0602,1.06044
2013.03.15 01:38:00.518,1.0602,1.06044
2013.03.15 01:38:02.369,1.06019,1.06043
2013.03.15 01:38:02.489,1.06019,1.0604
2013.03.15 01:38:08.303,1.06018,1.06039
2013.03.15 01:38:12.373,1.06018,1.06039
2013.03.15 01:38:12.441,1.06014,1.06039
2013.03.15 01:38:12.500,1.06012,1.06038
2013.03.15 01:38:24.583,1.06014,1.06038
2013.03.15 01:38:27.113,1.06013,1.06037
2013.03.15 01:38:29.093,1.06012,1.06036
2013.03.15 01:38:29.159,1.06012,1.06039
2013.03.15 01:38:32.599,1.06013,1.06039
2013.03.15 01:38:33.846,1.06013,1.06038
2013.03.15 01:38:39.999,1.06015,1.06039
2013.03.15 01:38:41.119,1.06017,1.06044
2013.03.15 01:38:44.149,1.06018,1.06044
2013.03.15 01:38:44.479,1.06022,1.06046
2013.03.15 01:38:47.580,1.06021,1.06046
2013.03.15 01:38:48.030,1.06023,1.06046
2013.03.15 01:39:01.499,1.06024,1.06049
2013.03.15 01:39:02.863,1.06025,1.06049
2013.03.15 01:39:03.329,1.06023,1.06049
2013.03.15 01:39:07.258,1.06024,1.06051
2013.03.15 01:39:08.231,1.06025,1.06051
2013.03.15 01:39:08.679,1.06026,1.06051
2013.03.15 01:39:11.199,1.06023,1.06047
2013.03.15 01:39:11.259,1.06023,1.06047
2013.03.15 01:39:17.865,1.06023,1.06047
2013.03.15 01:39:21.129,1.06026,1.06047
2013.03.15 01:39:22.490,1.06023,1.06047
