Time,Bid,Ask
2013.03.11 00:00:00.679,1.05026,1.05048
2013.03.11 00:00:00.742,1.05026,1.05048
2013.03.11 00:00:01.148,1.05026,1.05049
2013.03.11 00:00:02.529,1.05026,1.0505
2013.03.11 00:00:03.259,1.05026,1.0505
2013.03.11 00:00:03.438,1.05026,1.0505
2013.03.11 00:00:03.678,1.05031,1.05054
2013.03.11 00:00:06.048,1.05031,1.05055
2013.03.11 00:00:07.068,1.05031,1.05054
2013.03.11 00:00:07.788,1.05031,1.05054
2013.03.11 00:00:09.225,1.05031,1.05053
2013.03.11 00:00:12.848,1.05031,1.05056
2013.03.11 00:00:16.052,1.05031,1.05052
2013.03.11 00:00:17.652,1.05031,1.05055
2013.03.11 00:00:23.288,1.05031,1.05054
2013.03.11 00:00:24.264,1.05031,1.05054
2013.03.11 00:00:27.048,1.05031,1.05055
2013.03.11 00:00:31.248,1.05031,1.05055
2013.03.11 00:00:34.317,1.05031,1.05051
2013.03.11 00:00:37.783,1.05031,1.05054
2013.03.11 00:00:38.302,1.05031,1.05054
2013.03.11 00:00:38.955,1.05031,1.05054
2013.03.11 00:00:39.780,1.05035,1.05057
2013.03.11 00:00:40.138,1.05035,1.05057
2013.03.11 00:00:40.439,1.05035,1.05057
2013.03.11 00:00:40.910,1.05035,1.05057
2013.03.11 00:00:41.209,1.05037,1.05061
2013.03.11 00:00:44.609,1.05037,1.05061
2013.03.11 00:00:44.969,1.05041,1.05063
2013.03.11 00:00:45.180,1.05041,1.05063
2013.03.11 00:00:45.369,1.05041,1.05063
2013.03.11 00:00:45.850,1.05041,1.05063
2013.03.11 00:00:46.029,1.05041,1.05065
2013.03.11 00:00:46.379,1.05044,1.05066
2013.03.11 00:00:47.146,1.05045,1.05068
2013.03.11 00:00:51.309,1.05044,1.05069
2013.03.11 00:00:51.848,1.05046,1.05071
2013.03.11 00:00:53.137,1.05051,1.05072
2013.03.11 00:00:54.204,1.05051,1.05072
2013.03.11 00:00:56.568,1.05051,1.0507
2013.03.11 00:00:58.428,1.05051,1.05071
2013.03.11 00:00:59.654,1.05049,1.0507
2013.03.11 00:00:59.908,1.05048,1.05071
2013.03.11 00:01:01.659,1.05049,1.05073
2013.03.11 00:01:03.011,1.05049,1.05072
2013.03.11 00:01:03.678,1.05049,1.05073
2013.03.11 00:01:07.449,1.05048,1.05072
2013.03.11 00:01:07.529,1.05047,1.0507
2013.03.11 00:01:20.511,1.05047,1.05069
2013.03.11 00:01:23.148,1.05047,1.05073
2013.03.11 00:01:26.748,1.05047,1.05073
2013.03.11 00:01:31.378,1.05048,1.05073
2013.03.11 00:01:31.990,1.05049,1.05075
2013.03.11 00:01:32.559,1.05049,1.05075
2013.03.11 00:01:32.917,1.05049,1.05075
2013.03.11 00:01:33.466,1.05049,1.05073
2013.03.11 00:01:34.067,1.05049,1.05075
2013.03.11 00:01:35.070,1.05049,1.05073
2013.03.11 00:01:37.983,1.05053,1.05078
2013.03.11 00:01:39.387,1.05055,1.05078
2013.03.11 00:01:39.900,1.05058,1.0508
2013.03.11 00:01:40.078,1.05058,1.0508
2013.03.11 00:01:40.138,1.05058,1.0508
2013.03.11 00:01:40.318,1.0506,1.05083
2013.03.11 00:01:40.438,1.05058,1.05083
2013.03.11 00:01:40.558,1.05061,1.05083
2013.03.11 00:01:40.679,1.05061,1.05083
2013.03.11 00:01:40.739,1.05061,1.05083
2013.03.11 00:01:40.917,1.05061,1.05084
2013.03.11 00:01:41.039,1.05063,1.05088
2013.03.11 00:01:41.160,1.05063,1.05088
2013.03.11 00:01:41.398,1.05063,1.05088
2013.03.11 00:01:43.419,1.05063,1.05087
2013.03.11 00:01:43.868,1.05062,1.05086
2013.03.11 00:01:43.989,1.05062,1.05087
2013.03.11 00:01:44.704,1.05063,1.05088
2013.03.11 00:01:45.348,1.05063,1.05086
2013.03.11 00:01:51.406,1.05065,1.05085
2013.03.11 00:01:53.629,1.05065,1.05087
2013.03.11 00:01:54.318,1.05065,1.05088
2013.03.11 00:01:54.879,1.05063,1.05088
2013.03.11 00:01:55.691,1.05063,1.05088
2013.03.11 00:02:00.189,1.05064,1.05088
2013.03.11 00:02:01.595,1.05063,1.05087
2013.03.11 00:02:02.628,1.05062,1.05084
2013.03.11 00:02:04.604,1.05061,1.05085
2013.03.11 00:02:12.624,1.05061,1.05084
2013.03.11 00:02:13.083,1.05061,1.05084
2013.03.11 00:02:13.389,1.05072,1.0509
2013.03.11 00:02:13.449,1.05072,1.05092
2013.03.11 00:02:14.081,1.05084,1.05099
2013.03.11 00:02:14.162,1.05084,1.05104
2013.03.11 00:02:14.671,1.05084,1.05104
2013.03.11 00:02:19.379,1.05086,1.05104
2013.03.11 00:02:19.499,1.05088,1.05107
2013.03.11 00:02:19.799,1.05094,1.05111
2013.03.11 00:02:20.130,1.05094,1.05111
2013.03.11 00:02:20.789,1.0509,1.05111
2013.03.11 00:02:21.047,1.05088,1.0511
2013.03.11 00:02:21.409,1.0509,1.05115
2013.03.11 00:02:21.758,1.05093,1.05116
2013.03.11 00:02:22.378,1.05089,1.05112
2013.03.11 00:02:22.498,1.05089,1.05111
2013.03.11 00:02:22.739,1.05087,1.0511
2013.03.11 00:02:22.858,1.05087,1.0511
2013.03.11 00:02:23.631,1.05086,1.0511
2013.03.11 00:02:24.626,1.05091,1.0511
2013.03.11 00:02:24.938,1.05095,1.05112
2013.03.11 00:02:25.300,1.05095,1.05112
2013.03.11 00:02:25.559,1.05092,1.05112
2013.03.11 00:02:25.618,1.05092,1.05114
2013.03.11 00:02:25.979,1.0509,1.05109
2013.03.11 00:02:26.038,1.05089,1.05106
2013.03.11 00:02:26.399,1.05094,1.05116
2013.03.11 00:02:26.760,1.05097,1.05119
2013.03.11 00:02:27.069,1.05097,1.05119
2013.03.11 00:02:27.129,1.05097,1.05119
2013.03.11 00:02:27.250,1.051,1.05124
2013.03.11 00:02:27.432,1.05098,1.05121
2013.03.11 00:02:27.500,1.05096,1.05117
2013.03.11 00:02:27.575,1.05096,1.05117
2013.03.11 00:02:27.643,1.05091,1.05113
2013.03.11 00:02:27.828,1.05091,1.05111
2013.03.11 00:02:28.379,1.05091,1.05111
2013.03.11 00:02:28.620,1.05095,1.05118
2013.03.11 00:02:28.741,1.05093,1.05115
2013.03.11 00:02:29.288,1.05093,1.05116
2013.03.11 00:02:29.512,1.05091,1.05113
2013.03.11 00:02:29.958,1.05091,1.05111
2013.03.11 00:02:30.288,1.05085,1.05108
2013.03.11 00:02:31.723,1.05083,1.05105
2013.03.11 00:02:32.588,1.05083,1.05105
2013.03.11 00:02:33.099,1.05081,1.05105
2013.03.11 00:02:33.331,1.05081,1.05105
2013.03.11 00:02:33.863,1.05082,1.05105
2013.03.11 00:02:36.569,1.05082,1.05106
2013.03.11 00:02:39.057,1.05082,1.05105
2013.03.11 00:02:40.660,1.05084,1.05107
2013.03.11 00:02:41.664,1.05082,1.05105
2013.03.11 00:02:41.799,1.05082,1.05105
2013.03.11 00:02:41.918,1.05082,1.05103
2013.03.11 00:02:43.278,1.0508,1.051
2013.03.11 00:02:43.458,1.05077,1.051
2013.03.11 00:02:43.758,1.05077,1.051
2013.03.11 00:02:43.820,1.05076,1.051
2013.03.11 00:02:44.119,1.05076,1.051
2013.03.11 00:02:44.359,1.05076,1.051
2013.03.11 00:02:45.558,1.05079,1.05101
2013.03.11 00:02:45.738,1.05079,1.05101
2013.03.11 00:02:45.921,1.05079,1.05101
2013.03.11 00:02:46.050,1.05078,1.05102
2013.03.11 00:02:50.462,1.05078,1.05099
2013.03.11 00:02:54.553,1.05079,1.05103
2013.03.11 00:02:54.738,1.05077,1.05101
2013.03.11 00:02:55.902,1.05076,1.05101
2013.03.11 00:03:04.158,1.05076,1.05101
2013.03.11 00:03:05.339,1.05075,1.05101
2013.03.11 00:03:14.499,1.0508,1.05103
2013.03.11 00:03:16.340,1.05079,1.05102
2013.03.11 00:03:25.159,1.05079,1.05101
2013.03.11 00:03:25.219,1.05079,1.05102
2013.03.11 00:03:25.588,1.05079,1.05101
2013.03.11 00:03:26.183,1.05079,1.05101
2013.03.11 00:03:26.339,1.05079,1.05101
2013.03.11 00:03:29.998,1.05079,1.05102
2013.03.11 00:03:34.999,1.05078,1.05102
2013.03.11 00:03:37.352,1.05078,1.05101
2013.03.11 00:03:37.918,1.05082,1.05105
2013.03.11 00:03:44.848,1.05081,1.05103
2013.03.11 00:03:44.968,1.05081,1.05103
2013.03.11 00:03:45.418,1.05081,1.05103
2013.03.11 00:03:45.718,1.05076,1.05099
2013.03.11 00:03:46.082,1.05076,1.05097
2013.03.11 00:03:46.430,1.05072,1.05096
2013.03.11 00:03:46.670,1.0507,1.05092
2013.03.11 00:03:46.848,1.0507,1.05092
2013.03.11 00:03:47.354,1.05072,1.05093
2013.03.11 00:03:47.688,1.05073,1.05093
2013.03.11 00:03:52.918,1.05071,1.05092
2013.03.11 00:03:53.100,1.05068,1.05091
2013.03.11 00:03:55.168,1.05068,1.05088
2013.03.11 00:03:55.714,1.05068,1.05088
2013.03.11 00:03:57.438,1.05068,1.05088
2013.03.11 00:03:57.618,1.05068,1.05088
2013.03.11 00:03:57.798,1.05065,1.05088
2013.03.11 00:04:06.439,1.05061,1.05083
2013.03.11 00:04:06.558,1.05061,1.05083
2013.03.11 00:04:06.859,1.05061,1.05083
2013.03.11 00:04:07.219,1.05059,1.05077
2013.03.11 00:04:07.339,1.05059,1.05077
2013.03.11 00:04:07.519,1.05056,1.05077
2013.03.11 00:04:08.092,1.05056,1.05077
2013.03.11 00:04:13.238,1.05052,1.05073
2013.03.11 00:04:13.299,1.05052,1.05073
2013.03.11 00:04:14.619,1.0505,1.05072
2013.03.11 00:04:14.681,1.05047,1.0507
2013.03.11 00:04:17.378,1.05045,1.05067
2013.03.11 00:04:17.816,1.05044,1.05064
2013.03.11 00:04:17.998,1.05043,1.05062
2013.03.11 00:04:21.749,1.05043,1.05065
2013.03.11 00:04:21.989,1.05043,1.05064
2013.03.11 00:04:24.899,1.05043,1.05064
2013.03.11 00:04:25.499,1.05043,1.05064
2013.03.11 00:04:34.479,1.05043,1.05064
2013.03.11 00:04:34.701,1.05043,1.05065
2013.03.11 00:04:35.286,1.05043,1.05065
2013.03.11 00:04:37.248,1.05041,1.05062
2013.03.11 00:04:37.308,1.05041,1.05062
2013.03.11 00:04:37.451,1.05041,1.05062
2013.03.11 00:04:39.849,1.05041,1.05062
2013.03.11 00:04:40.029,1.05041,1.05064
2013.03.11 00:04:40.848,1.05041,1.05064
2013.03.11 00:04:41.738,1.05042,1.05067
2013.03.11 00:04:41.858,1.05042,1.05067
2013.03.11 00:04:42.158,1.05043,1.05068
2013.03.11 00:04:52.638,1.05042,1.05068
2013.03.11 00:04:52.759,1.05042,1.05066
2013.03.11 00:04:53.068,1.05042,1.05066
2013.03.11 00:04:55.537,1.05042,1.05066
2013.03.11 00:05:00.558,1.05042,1.05065
2013.03.11 00:05:11.918,1.05043,1.05067
2013.03.11 00:05:13.661,1.05043,1.05067
2013.03.11 00:05:17.609,1.05043,1.05067
2013.03.11 00:05:17.789,1.05045,1.05067
2013.03.11 00:05:17.908,1.05045,1.05067
2013.03.11 00:05:17.968,1.05042,1.05066
2013.03.11 00:05:18.148,1.05041,1.05064
2013.03.11 00:05:18.208,1.05041,1.05064
2013.03.11 00:05:18.453,1.0504,1.05061
2013.03.11 00:05:18.759,1.05035,1.05058
2013.03.11 00:05:19.303,1.05035,1.05057
2013.03.11 00:05:22.617,1.05035,1.05057
2013.03.11 00:05:22.859,1.05034,1.05055
2013.03.11 00:05:23.169,1.05033,1.05055
2013.03.11 00:05:23.608,1.05034,1.05056
2013.03.11 00:05:23.730,1.05034,1.05057
2013.03.11 00:05:23.969,1.05034,1.05057
2013.03.11 00:05:24.363,1.05034,1.05057
2013.03.11 00:05:24.431,1.05034,1.05057
2013.03.11 00:05:25.044,1.05034,1.05057
2013.03.11 00:05:25.168,1.05034,1.05057
2013.03.11 00:05:26.809,1.05034,1.05057
2013.03.11 00:05:27.029,1.05034,1.05057
2013.03.11 00:05:30.719,1.05035,1.05057
2013.03.11 00:05:30.898,1.0504,1.05059
2013.03.11 00:05:31.138,1.05041,1.0506
2013.03.11 00:05:31.658,1.05041,1.0506
2013.03.11 00:05:32.182,1.0504,1.05061
2013.03.11 00:05:40.440,1.05039,1.05059
2013.03.11 00:05:46.578,1.05039,1.05057
2013.03.11 00:05:48.951,1.05039,1.05061
2013.03.11 00:05:51.059,1.05036,1.05059
2013.03.11 00:05:51.118,1.05036,1.05058
2013.03.11 00:05:51.239,1.05036,1.05058
2013.03.11 00:05:51.442,1.05034,1.05058
2013.03.11 00:05:51.546,1.05034,1.05058
2013.03.11 00:05:51.669,1.05032,1.05054
2013.03.11 00:05:51.998,1.05032,1.05054
2013.03.11 00:05:52.572,1.05032,1.05056
2013.03.11 00:05:56.608,1.05032,1.05056
2013.03.11 00:05:57.369,1.05032,1.05057
2013.03.11 00:05:58.819,1.05032,1.05057
2013.03.11 00:05:59.059,1.05033,1.05057
2013.03.11 00:05:59.689,1.05036,1.05059
2013.03.11 00:06:01.336,1.05036,1.05061
2013.03.11 00:06:01.459,1.05036,1.05061
2013.03.11 00:06:01.728,1.05036,1.0506
2013.03.11 00:06:04.636,1.05036,1.05061
2013.03.11 00:06:04.938,1.05037,1.05059
2013.03.11 00:06:05.533,1.0504,1.05061
2013.03.11 00:06:06.070,1.05041,1.05064
2013.03.11 00:06:06.248,1.05045,1.05065
2013.03.11 00:06:06.309,1.05046,1.05065
2013.03.11 00:06:07.295,1.05047,1.0507
2013.03.11 00:06:07.362,1.05047,1.0507
2013.03.11 00:06:08.682,1.05047,1.0507
2013.03.11 00:06:12.430,1.05046,1.05069
2013.03.11 00:06:19.564,1.05046,1.05069
2013.03.11 00:06:22.219,1.05045,1.05069
2013.03.11 00:06:22.611,1.05045,1.05069
2013.03.11 00:06:25.493,1.05044,1.05067
2013.03.11 00:06:26.009,1.05046,1.0507
2013.03.11 00:06:26.176,1.05046,1.0507
2013.03.11 00:06:27.959,1.05046,1.05069
2013.03.11 00:06:36.536,1.05046,1.05071
2013.03.11 00:06:38.398,1.05046,1.05068
2013.03.11 00:06:41.472,1.05046,1.05067
2013.03.11 00:06:42.683,1.05046,1.0507
2013.03.11 00:06:42.906,1.05046,1.0507
2013.03.11 00:06:43.120,1.05046,1.0507
2013.03.11 00:06:43.935,1.05046,1.0507
2013.03.11 00:06:44.585,1.05046,1.0507
2013.03.11 00:06:46.204,1.05046,1.0507
2013.03.11 00:06:46.760,1.05046,1.05072
2013.03.11 00:06:47.294,1.05046,1.05072
2013.03.11 00:06:50.429,1.05046,1.05069
2013.03.11 00:06:51.229,1.05046,1.05069
2013.03.11 00:06:52.950,1.05046,1.05068
2013.03.11 00:06:53.188,1.05045,1.05072
2013.03.11 00:06:54.919,1.05045,1.05071
2013.03.11 00:06:55.778,1.05045,1.05067
2013.03.11 00:06:56.109,1.05044,1.05067
2013.03.11 00:06:56.169,1.05042,1.05067
2013.03.11 00:06:58.557,1.05041,1.05066
2013.03.11 00:06:58.891,1.05045,1.05067
2013.03.11 00:06:59.428,1.05045,1.05069
2013.03.11 00:07:18.931,1.05045,1.05066
2013.03.11 00:07:35.689,1.05043,1.05064
2013.03.11 00:07:35.749,1.05043,1.05064
2013.03.11 00:07:35.990,1.05043,1.05067
2013.03.11 00:07:36.935,1.05043,1.05066
2013.03.11 00:07:37.272,1.05039,1.0506
2013.03.11 00:07:37.685,1.05038,1.05057
2013.03.11 00:07:39.916,1.05038,1.05056
2013.03.11 00:07:54.508,1.05038,1.05055
2013.03.11 00:07:55.043,1.05033,1.05055
2013.03.11 00:07:55.289,1.05033,1.05053
2013.03.11 00:07:55.804,1.05032,1.05053
2013.03.11 00:07:55.938,1.05032,1.05053
2013.03.11 00:07:56.869,1.05032,1.05053
2013.03.11 00:07:57.430,1.05033,1.05055
2013.03.11 00:08:14.600,1.05033,1.05054
2013.03.11 00:08:15.160,1.05033,1.05052
2013.03.11 00:08:15.591,1.05035,1.05053
2013.03.11 00:08:15.709,1.05035,1.05056
2013.03.11 00:08:16.679,1.05038,1.05058
2013.03.11 00:08:16.742,1.05041,1.05058
2013.03.11 00:08:16.809,1.05041,1.05063
2013.03.11 00:08:17.059,1.0504,1.05063
2013.03.11 00:08:17.119,1.05039,1.05063
2013.03.11 00:08:17.179,1.05042,1.05065
2013.03.11 00:08:17.509,1.05042,1.05065
2013.03.11 00:08:18.230,1.05042,1.05065
2013.03.11 00:08:21.745,1.05042,1.05065
2013.03.11 00:08:22.276,1.05042,1.05065
2013.03.11 00:08:25.169,1.05041,1.05065
2013.03.11 00:08:25.229,1.05039,1.05063
2013.03.11 00:08:26.008,1.05039,1.05063
2013.03.11 00:08:27.432,1.05039,1.05061
2013.03.11 00:08:30.201,1.05039,1.05062
2013.03.11 00:08:35.268,1.05039,1.05063
2013.03.11 00:08:37.198,1.05039,1.05063
2013.03.11 00:08:40.569,1.05038,1.05059
2013.03.11 00:08:57.188,1.0504,1.05059
2013.03.11 00:08:59.709,1.0504,1.05061
2013.03.11 00:09:01.230,1.0504,1.05063
2013.03.11 00:09:01.289,1.05042,1.05066
2013.03.11 00:09:01.609,1.05044,1.05065
2013.03.11 00:09:01.670,1.05047,1.05065
2013.03.11 00:09:01.729,1.05047,1.05069
2013.03.11 00:09:01.789,1.05047,1.05069
2013.03.11 00:09:01.911,1.05047,1.05069
2013.03.11 00:09:02.029,1.05047,1.05069
2013.03.11 00:09:02.378,1.05045,1.05069
2013.03.11 00:09:02.440,1.05047,1.05072
2013.03.11 00:09:02.499,1.05047,1.05072
2013.03.11 00:09:03.339,1.05049,1.05073
2013.03.11 00:09:07.069,1.0505,1.05073
2013.03.11 00:09:09.470,1.05051,1.05073
2013.03.11 00:09:09.769,1.05053,1.05075
2013.03.11 00:09:10.009,1.05055,1.05075
2013.03.11 00:09:10.128,1.05055,1.05077
2013.03.11 00:09:27.998,1.05055,1.05079
2013.03.11 00:09:42.613,1.05055,1.05076
2013.03.11 00:09:44.124,1.05055,1.05081
2013.03.11 00:09:45.043,1.05056,1.05081
2013.03.11 00:09:45.290,1.05057,1.05081
2013.03.11 00:09:45.568,1.05057,1.05083
2013.03.11 00:09:46.510,1.05057,1.05082
2013.03.11 00:09:46.688,1.05057,1.05082
2013.03.11 00:09:48.358,1.05057,1.05082
2013.03.11 00:09:48.420,1.05057,1.05082
2013.03.11 00:09:48.779,1.05057,1.05079
2013.03.11 00:09:48.840,1.0506,1.05084
2013.03.11 00:09:49.486,1.0506,1.05082
2013.03.11 00:09:54.471,1.0506,1.05084
2013.03.11 00:09:56.875,1.0506,1.05082
2013.03.11 00:09:58.199,1.0506,1.05085
2013.03.11 00:10:03.899,1.05058,1.0508
2013.03.11 00:10:04.451,1.05058,1.0508
2013.03.11 00:10:26.719,1.05058,1.05077
2013.03.11 00:10:26.959,1.05056,1.05077
2013.03.11 00:10:27.562,1.05056,1.05077
2013.03.11 00:10:30.773,1.05056,1.05078
2013.03.11 00:10:35.010,1.05056,1.05078
2013.03.11 00:10:35.340,1.05056,1.05077
2013.03.11 00:10:35.650,1.05055,1.05074
2013.03.11 00:10:35.709,1.05056,1.05078
2013.03.11 00:10:36.350,1.05056,1.05078
2013.03.11 00:10:37.492,1.05056,1.05078
2013.03.11 00:10:39.333,1.05057,1.05078
2013.03.11 00:10:39.460,1.05056,1.0508
2013.03.11 00:10:39.700,1.05056,1.05078
2013.03.11 00:10:39.819,1.05056,1.05078
2013.03.11 00:10:40.250,1.05051,1.05074
2013.03.11 00:10:40.839,1.0505,1.05072
2013.03.11 00:10:48.290,1.05048,1.0507
2013.03.11 00:10:48.844,1.05047,1.0507
2013.03.11 00:10:49.840,1.05047,1.05069
2013.03.11 00:11:00.261,1.05046,1.05069
2013.03.11 00:11:05.433,1.05049,1.0507
2013.03.11 00:11:05.660,1.05048,1.0507
2013.03.11 00:11:05.900,1.05046,1.05068
2013.03.11 00:11:06.380,1.05044,1.05065
2013.03.11 00:11:06.741,1.05041,1.05063
2013.03.11 00:11:07.403,1.05041,1.05063
2013.03.11 00:11:07.479,1.05042,1.05066
2013.03.11 00:11:12.590,1.05044,1.05068
2013.03.11 00:11:12.710,1.05046,1.05069
2013.03.11 00:11:12.769,1.05048,1.05069
2013.03.11 00:11:13.011,1.05051,1.05069
2013.03.11 00:11:13.130,1.05051,1.05074
2013.03.11 00:11:13.191,1.05051,1.05074
2013.03.11 00:11:13.430,1.05051,1.05074
2013.03.11 00:11:13.910,1.05057,1.05079
2013.03.11 00:11:13.970,1.05057,1.05079
2013.03.11 00:11:14.400,1.05057,1.0508
2013.03.11 00:11:20.489,1.05057,1.05079
2013.03.11 00:11:20.621,1.05057,1.0508
2013.03.11 00:11:21.459,1.05056,1.0508
2013.03.11 00:11:23.032,1.05058,1.0508
2013.03.11 00:11:24.120,1.05057,1.0508
2013.03.11 00:11:29.430,1.05061,1.0508
2013.03.11 00:11:30.115,1.05061,1.0508
2013.03.11 00:11:34.670,1.05061,1.05084
2013.03.11 00:11:35.169,1.05063,1.05085
2013.03.11 00:11:35.742,1.05063,1.05085
2013.03.11 00:11:41.009,1.0506,1.05082
2013.03.11 00:11:43.149,1.0506,1.05085
2013.03.11 00:11:48.252,1.05061,1.05084
2013.03.11 00:11:52.999,1.05061,1.05083
2013.03.11 00:11:53.120,1.0506,1.05083
2013.03.11 00:11:53.302,1.0506,1.05083
2013.03.11 00:11:56.878,1.05061,1.05084
2013.03.11 00:11:57.878,1.05061,1.05084
2013.03.11 00:11:59.887,1.05061,1.05084
2013.03.11 00:12:01.487,1.05061,1.05084
2013.03.11 00:12:02.041,1.0506,1.05082
2013.03.11 00:12:20.540,1.0506,1.05084
2013.03.11 00:12:20.810,1.05062,1.05085
2013.03.11 00:12:21.487,1.05062,1.05084
2013.03.11 00:12:24.580,1.05061,1.05085
2013.03.11 00:12:26.809,1.05061,1.05085
2013.03.11 00:12:26.990,1.05066,1.05088
2013.03.11 00:12:27.110,1.05066,1.05089
2013.03.11 00:12:27.589,1.05068,1.05091
2013.03.11 00:12:27.830,1.05072,1.05093
2013.03.11 00:12:28.189,1.05075,1.05094
2013.03.11 00:12:28.250,1.05075,1.05095
2013.03.11 00:12:28.470,1.05075,1.05098
2013.03.11 00:12:28.589,1.05079,1.05098
2013.03.11 00:12:28.890,1.05083,1.05103
2013.03.11 00:12:29.129,1.05084,1.05106
2013.03.11 00:12:29.191,1.05086,1.05107
2013.03.11 00:12:29.689,1.05086,1.05107
2013.03.11 00:12:29.930,1.0509,1.05109
2013.03.11 00:12:30.649,1.0509,1.05114
2013.03.11 00:12:30.953,1.05095,1.05115
2013.03.11 00:12:31.261,1.051,1.05123
2013.03.11 00:12:31.570,1.05102,1.05125
2013.03.11 00:12:31.629,1.05102,1.05125
2013.03.11 00:12:32.130,1.05103,1.05125
2013.03.11 00:12:32.190,1.05103,1.05125
2013.03.11 00:12:32.440,1.05103,1.05128
2013.03.11 00:12:32.980,1.05103,1.05128
2013.03.11 00:12:33.927,1.0511,1.05128
2013.03.11 00:12:34.170,1.05108,1.05126
2013.03.11 00:12:34.230,1.05106,1.05126
2013.03.11 00:12:34.290,1.05106,1.05126
2013.03.11 00:12:34.710,1.05103,1.05124
2013.03.11 00:12:35.091,1.05103,1.05124
2013.03.11 00:12:35.593,1.05103,1.05124
2013.03.11 00:12:35.922,1.05102,1.05122
2013.03.11 00:12:37.740,1.05096,1.05117
2013.03.11 00:12:38.039,1.05092,1.05114
2013.03.11 00:12:38.160,1.05091,1.05114
2013.03.11 00:12:38.916,1.05091,1.05115
2013.03.11 00:12:40.231,1.0509,1.05115
2013.03.11 00:12:42.590,1.05092,1.05115
2013.03.11 00:12:42.829,1.05094,1.05116
2013.03.11 00:12:42.949,1.05092,1.05115
2013.03.11 00:12:43.369,1.05089,1.05111
2013.03.11 00:12:43.490,1.05086,1.05107
2013.03.11 00:12:43.850,1.05077,1.05099
2013.03.11 00:12:43.910,1.05076,1.05096
2013.03.11 00:12:43.971,1.05076,1.05096
2013.03.11 00:12:44.031,1.05076,1.05096
2013.03.11 00:12:44.270,1.05072,1.05092
2013.03.11 00:12:44.390,1.0507,1.05092
2013.03.11 00:12:44.509,1.0507,1.05094
2013.03.11 00:12:45.639,1.0507,1.05092
2013.03.11 00:12:46.011,1.0507,1.05095
2013.03.11 00:12:48.136,1.05071,1.05095
2013.03.11 00:12:48.450,1.05076,1.05099
2013.03.11 00:12:48.638,1.05076,1.05099
2013.03.11 00:12:53.820,1.05076,1.051
2013.03.11 00:12:57.950,1.0508,1.05102
2013.03.11 00:12:58.369,1.05084,1.05102
2013.03.11 00:12:58.609,1.05089,1.05106
2013.03.11 00:13:00.559,1.05089,1.05108
2013.03.11 00:13:00.903,1.05089,1.05109
2013.03.11 00:13:01.032,1.05091,1.05113
2013.03.11 00:13:01.100,1.05091,1.05113
2013.03.11 00:13:01.220,1.05093,1.05113
2013.03.11 00:13:01.723,1.05093,1.05114
2013.03.11 00:13:02.125,1.05093,1.05114
2013.03.11 00:13:11.801,1.05091,1.05114
2013.03.11 00:13:12.419,1.05091,1.05115
2013.03.11 00:13:12.480,1.05091,1.05115
2013.03.11 00:13:13.649,1.05094,1.05113
2013.03.11 00:13:14.011,1.05095,1.05115
2013.03.11 00:13:14.070,1.05095,1.05112
2013.03.11 00:13:14.260,1.05095,1.05112
2013.03.11 00:13:14.450,1.05095,1.05115
2013.03.11 00:13:14.510,1.05094,1.05115
2013.03.11 00:13:17.159,1.05094,1.05115
2013.03.11 00:13:20.599,1.05094,1.05112
2013.03.11 00:13:20.920,1.05094,1.05113
2013.03.11 00:13:22.021,1.05093,1.05113
2013.03.11 00:13:25.723,1.05091,1.05113
2013.03.11 00:13:28.040,1.05091,1.05113
2013.03.11 00:13:28.101,1.05091,1.05112
2013.03.11 00:13:28.280,1.05089,1.05108
2013.03.11 00:13:28.400,1.05088,1.0511
2013.03.11 00:13:28.521,1.05088,1.0511
2013.03.11 00:13:28.731,1.05088,1.0511
2013.03.11 00:13:28.913,1.05088,1.0511
2013.03.11 00:13:31.129,1.05087,1.0511
2013.03.11 00:13:31.940,1.05082,1.05106
2013.03.11 00:13:31.999,1.05081,1.05106
2013.03.11 00:13:32.669,1.0508,1.05102
2013.03.11 00:13:36.840,1.0508,1.05102
2013.03.11 00:13:38.929,1.05078,1.051
2013.03.11 00:13:39.049,1.05078,1.05099
2013.03.11 00:13:44.041,1.05077,1.05098
2013.03.11 00:13:44.340,1.05078,1.05098
2013.03.11 00:13:44.593,1.05078,1.051
2013.03.11 00:13:54.789,1.05079,1.05101
2013.03.11 00:13:55.029,1.05082,1.05101
2013.03.11 00:13:56.433,1.05083,1.05103
2013.03.11 00:13:57.409,1.05081,1.05103
2013.03.11 00:13:57.470,1.05081,1.05104
2013.03.11 00:13:57.979,1.0508,1.05104
2013.03.11 00:14:08.550,1.0508,1.05104
2013.03.11 00:14:10.480,1.05078,1.051
2013.03.11 00:14:10.659,1.05078,1.05099
2013.03.11 00:14:11.500,1.05078,1.05098
2013.03.11 00:14:12.118,1.05079,1.05102
2013.03.11 00:14:12.648,1.05079,1.05102
2013.03.11 00:14:22.349,1.05076,1.05098
2013.03.11 00:14:22.476,1.05075,1.05094
2013.03.11 00:14:22.542,1.05075,1.05094
2013.03.11 00:14:22.849,1.05075,1.05095
2013.03.11 00:14:26.180,1.05075,1.05095
2013.03.11 00:14:26.496,1.05073,1.05094
2013.03.11 00:14:29.471,1.05073,1.05095
2013.03.11 00:14:29.769,1.05076,1.05098
2013.03.11 00:14:30.090,1.05077,1.05098
2013.03.11 00:14:30.395,1.05077,1.05095
2013.03.11 00:14:42.229,1.05077,1.05097
2013.03.11 00:14:42.470,1.05079,1.05097
2013.03.11 00:14:43.038,1.05079,1.05101
2013.03.11 00:14:45.480,1.05079,1.05099
2013.03.11 00:14:45.539,1.05079,1.05099
2013.03.11 00:14:47.770,1.05077,1.05098
2013.03.11 00:14:50.232,1.05074,1.05097
2013.03.11 00:14:50.339,1.05074,1.05097
2013.03.11 00:14:50.640,1.05074,1.05094
2013.03.11 00:14:50.820,1.05074,1.05094
2013.03.11 00:15:02.450,1.05074,1.05098
2013.03.11 00:15:04.619,1.05074,1.05098
2013.03.11 00:15:04.800,1.05074,1.05094
2013.03.11 00:15:04.920,1.05074,1.05095
2013.03.11 00:15:05.301,1.05078,1.05095
2013.03.11 00:15:05.480,1.05079,1.05099
2013.03.11 00:15:06.150,1.05079,1.05099
2013.03.11 00:15:06.249,1.05079,1.05099
2013.03.11 00:15:09.029,1.05079,1.05099
2013.03.11 00:15:09.091,1.05079,1.05099
2013.03.11 00:15:09.389,1.05078,1.05099
2013.03.11 00:15:12.893,1.05078,1.051
2013.03.11 00:15:29.222,1.05078,1.05099
2013.03.11 00:15:31.674,1.05078,1.05099
2013.03.11 00:15:34.119,1.0508,1.051
2013.03.11 00:15:36.322,1.0508,1.05101
2013.03.11 00:15:36.640,1.05077,1.05101
2013.03.11 00:15:36.761,1.05077,1.051
2013.03.11 00:15:36.941,1.05075,1.05096
2013.03.11 00:15:37.000,1.05075,1.05096
2013.03.11 00:15:38.850,1.05074,1.05097
2013.03.11 00:15:38.970,1.05076,1.051
2013.03.11 00:15:39.499,1.05076,1.051
2013.03.11 00:15:39.639,1.05076,1.05098
2013.03.11 00:15:40.711,1.05076,1.05098
2013.03.11 00:15:51.399,1.05076,1.05099
2013.03.11 00:15:52.721,1.05076,1.05099
2013.03.11 00:16:04.080,1.05075,1.05099
2013.03.11 00:16:04.476,1.05075,1.05099
2013.03.11 00:16:10.930,1.05074,1.05097
2013.03.11 00:16:10.991,1.05073,1.05097
2013.03.11 00:16:31.051,1.05077,1.05099
2013.03.11 00:16:34.286,1.05077,1.05099
2013.03.11 00:16:34.480,1.05076,1.05096
2013.03.11 00:16:38.230,1.05075,1.05095
2013.03.11 00:16:49.630,1.05075,1.05096
2013.03.11 00:16:49.750,1.05075,1.05097
2013.03.11 00:16:50.252,1.05075,1.05098
2013.03.11 00:17:06.645,1.05076,1.05098
2013.03.11 00:17:06.890,1.05076,1.05098
2013.03.11 00:17:08.061,1.05076,1.05098
2013.03.11 00:17:08.380,1.05075,1.05096
2013.03.11 00:17:08.440,1.05075,1.05097
2013.03.11 00:17:08.947,1.05076,1.05099
2013.03.11 00:17:11.990,1.05079,1.05102
2013.03.11 00:17:12.230,1.05082,1.05104
2013.03.11 00:17:12.591,1.05082,1.05104
2013.03.11 00:17:12.770,1.05081,1.05104
2013.03.11 00:17:13.310,1.05083,1.05104
2013.03.11 00:17:13.530,1.05085,1.05104
2013.03.11 00:17:13.770,1.05085,1.05108
2013.03.11 00:17:29.066,1.05087,1.05112
2013.03.11 00:17:29.444,1.05087,1.05109
2013.03.11 00:17:30.053,1.05087,1.0511
2013.03.11 00:17:33.270,1.05087,1.0511
2013.03.11 00:17:51.120,1.05089,1.05113
2013.03.11 00:17:51.240,1.05091,1.05115
2013.03.11 00:17:51.603,1.05091,1.05115
2013.03.11 00:17:57.620,1.0509,1.05111
2013.03.11 00:18:08.060,1.05091,1.05117
2013.03.11 00:18:10.259,1.0509,1.05116
2013.03.11 00:18:11.760,1.05091,1.05117
2013.03.11 00:18:15.935,1.05091,1.05117
2013.03.11 00:18:17.022,1.05091,1.05117
2013.03.11 00:18:25.197,1.05091,1.05117
2013.03.11 00:18:28.420,1.05091,1.05117
2013.03.11 00:18:30.428,1.05091,1.05116
2013.03.11 00:18:33.429,1.05091,1.05117
2013.03.11 00:18:37.430,1.05091,1.05117
2013.03.11 00:18:41.989,1.05091,1.05117
2013.03.11 00:18:45.948,1.05091,1.05117
2013.03.11 00:18:46.618,1.05091,1.05117
2013.03.11 00:18:48.355,1.05093,1.05117
2013.03.11 00:18:54.030,1.0509,1.05118
2013.03.11 00:18:57.999,1.05094,1.05117
2013.03.11 00:18:58.118,1.0509,1.05117
2013.03.11 00:18:58.238,1.05092,1.05117
2013.03.11 00:18:58.298,1.05092,1.05117
2013.03.11 00:18:58.812,1.05092,1.05117
2013.03.11 00:19:00.698,1.05091,1.05117
2013.03.11 00:19:08.206,1.05089,1.05117
2013.03.11 00:19:12.728,1.05089,1.05116
2013.03.11 00:19:14.420,1.05089,1.05116
2013.03.11 00:19:17.149,1.05093,1.05117
2013.03.11 00:19:17.328,1.05094,1.05121
2013.03.11 00:19:17.509,1.05094,1.05121
2013.03.11 00:19:18.065,1.05094,1.05121
2013.03.11 00:19:19.539,1.05095,1.05121
2013.03.11 00:19:21.389,1.05096,1.05122
2013.03.11 00:19:31.102,1.05096,1.05124
2013.03.11 00:19:31.418,1.05099,1.05123
2013.03.11 00:19:38.582,1.05099,1.05124
2013.03.11 00:19:39.030,1.05102,1.05124
2013.03.11 00:19:39.539,1.05102,1.05128
2013.03.11 00:19:47.110,1.05102,1.05129
2013.03.11 00:20:04.799,1.05104,1.05129
2013.03.11 00:20:08.253,1.05106,1.05129
2013.03.11 00:20:12.429,1.05107,1.05132
2013.03.11 00:20:12.490,1.05106,1.05133
2013.03.11 00:20:27.879,1.05109,1.05134
2013.03.11 00:20:33.016,1.0511,1.05135
2013.03.11 00:20:35.442,1.0511,1.05133
2013.03.11 00:20:37.279,1.05107,1.05133
2013.03.11 00:20:47.209,1.05107,1.05133
2013.03.11 00:20:51.460,1.05107,1.05133
2013.03.11 00:21:03.350,1.05107,1.05134
2013.03.11 00:21:11.012,1.05107,1.05133
2013.03.11 00:21:11.550,1.05107,1.05133
2013.03.11 00:21:18.360,1.05107,1.05132
2013.03.11 00:21:20.692,1.05107,1.05133
2013.03.11 00:21:21.229,1.05106,1.05128
2013.03.11 00:21:21.735,1.05104,1.05128
2013.03.11 00:21:24.699,1.05108,1.05128
2013.03.11 00:21:41.249,1.05107,1.0513
2013.03.11 00:21:41.428,1.05104,1.05132
2013.03.11 00:21:46.659,1.05105,1.0513
2013.03.11 00:21:47.200,1.05101,1.05124
2013.03.11 00:21:49.761,1.05102,1.05124
2013.03.11 00:21:50.578,1.05099,1.05124
2013.03.11 00:21:53.469,1.05102,1.05124
2013.03.11 00:21:56.939,1.05099,1.0512
2013.03.11 00:21:57.130,1.05099,1.0512
2013.03.11 00:22:01.272,1.05097,1.05119
2013.03.11 00:22:01.869,1.05096,1.05119
2013.03.11 00:22:24.399,1.05096,1.05116
2013.03.11 00:22:24.530,1.05096,1.05116
2013.03.11 00:22:26.903,1.05092,1.05116
2013.03.11 00:22:29.681,1.05092,1.05116
2013.03.11 00:22:33.424,1.05096,1.05118
2013.03.11 00:22:42.150,1.05094,1.05117
2013.03.11 00:22:42.285,1.05093,1.05113
2013.03.11 00:22:43.809,1.05091,1.05113
2013.03.11 00:22:43.990,1.05088,1.0511
2013.03.11 00:22:44.473,1.05088,1.05109
2013.03.11 00:22:44.670,1.05085,1.05107
2013.03.11 00:22:45.222,1.05085,1.05107
2013.03.11 00:22:45.670,1.05084,1.05108
2013.03.11 00:22:45.789,1.05086,1.0511
2013.03.11 00:22:46.031,1.05087,1.05113
2013.03.11 00:22:46.402,1.0509,1.05113
2013.03.11 00:22:49.786,1.05088,1.05113
2013.03.11 00:23:01.214,1.05088,1.05114
2013.03.11 00:23:02.440,1.05087,1.0511
2013.03.11 00:23:02.499,1.05086,1.0511
2013.03.11 00:23:03.065,1.05086,1.05113
2013.03.11 00:23:03.980,1.05088,1.0511
2013.03.11 00:23:04.042,1.05087,1.05109
2013.03.11 00:23:04.170,1.05086,1.05109
2013.03.11 00:23:04.349,1.05083,1.05103
2013.03.11 00:23:04.410,1.05083,1.05103
2013.03.11 00:23:04.469,1.05079,1.05103
2013.03.11 00:23:05.938,1.05079,1.05103
2013.03.11 00:23:07.309,1.05079,1.05102
2013.03.11 00:23:09.599,1.05079,1.05101
2013.03.11 00:23:10.140,1.05077,1.05098
2013.03.11 00:23:10.200,1.05077,1.05098
2013.03.11 00:23:10.711,1.05078,1.05101
2013.03.11 00:23:12.559,1.05078,1.051
2013.03.11 00:23:12.739,1.05079,1.05103
2013.03.11 00:23:15.309,1.05079,1.05103
2013.03.11 00:23:15.430,1.05079,1.05103
2013.03.11 00:23:15.489,1.05079,1.05103
2013.03.11 00:23:18.611,1.05079,1.05102
2013.03.11 00:23:18.741,1.05078,1.05102
2013.03.11 00:23:18.870,1.05078,1.05102
2013.03.11 00:23:18.990,1.05078,1.05102
2013.03.11 00:23:23.900,1.05078,1.05098
2013.03.11 00:23:24.019,1.05074,1.05094
2013.03.11 00:23:29.120,1.05074,1.05097
2013.03.11 00:23:29.415,1.05076,1.051
2013.03.11 00:23:30.710,1.05079,1.05104
2013.03.11 00:23:31.726,1.05079,1.05103
2013.03.11 00:23:34.559,1.05079,1.05103
2013.03.11 00:23:34.740,1.05078,1.05102
2013.03.11 00:23:36.539,1.05077,1.05099
2013.03.11 00:23:36.660,1.05075,1.05099
2013.03.11 00:23:38.649,1.05073,1.05099
2013.03.11 00:23:52.881,1.05076,1.05101
2013.03.11 00:23:53.000,1.05076,1.05101
2013.03.11 00:23:56.189,1.05076,1.051
2013.03.11 00:23:59.410,1.05077,1.05102
2013.03.11 00:24:03.200,1.05077,1.051
2013.03.11 00:24:04.601,1.05077,1.05099
2013.03.11 00:24:06.618,1.05077,1.051
2013.03.11 00:24:09.090,1.05077,1.05099
2013.03.11 00:24:20.131,1.05076,1.05098
2013.03.11 00:24:24.131,1.05076,1.05099
2013.03.11 00:24:29.699,1.05076,1.05101
2013.03.11 00:24:37.065,1.05075,1.05098
2013.03.11 00:24:38.679,1.05075,1.05098
2013.03.11 00:24:39.189,1.05075,1.05101
2013.03.11 00:24:42.129,1.05075,1.05099
2013.03.11 00:24:59.279,1.05077,1.05101
2013.03.11 00:25:00.450,1.05076,1.051
2013.03.11 00:25:05.369,1.05075,1.05102
2013.03.11 00:25:10.689,1.05075,1.05099
2013.03.11 00:25:11.681,1.05076,1.05099
2013.03.11 00:25:14.290,1.05076,1.05099
2013.03.11 00:25:17.289,1.05076,1.05099
2013.03.11 00:25:23.970,1.05076,1.05099
2013.03.11 00:25:24.211,1.05075,1.05098
2013.03.11 00:25:24.271,1.05077,1.051
2013.03.11 00:25:33.541,1.05075,1.051
2013.03.11 00:25:34.635,1.05076,1.051
2013.03.11 00:25:37.351,1.05077,1.05103
2013.03.11 00:25:45.679,1.05077,1.05102
2013.03.11 00:25:46.030,1.05081,1.05104
2013.03.11 00:25:46.635,1.05082,1.05107
2013.03.11 00:25:47.037,1.05082,1.05106
2013.03.11 00:25:47.310,1.05083,1.05104
2013.03.11 00:25:47.670,1.05085,1.05107
2013.03.11 00:25:47.730,1.05089,1.05108
2013.03.11 00:25:47.790,1.05089,1.05111
2013.03.11 00:25:47.851,1.05089,1.05113
2013.03.11 00:25:48.509,1.05091,1.05113
2013.03.11 00:25:50.160,1.0509,1.05114
2013.03.11 00:25:52.661,1.0509,1.05115
2013.03.11 00:25:55.339,1.05091,1.05115
2013.03.11 00:25:55.641,1.05096,1.05119
2013.03.11 00:25:57.318,1.05096,1.05118
2013.03.11 00:26:01.191,1.05095,1.05117
2013.03.11 00:26:11.453,1.05095,1.05119
2013.03.11 00:26:15.225,1.05093,1.05119
2013.03.11 00:26:28.450,1.05095,1.05118
2013.03.11 00:26:29.830,1.05095,1.05118
2013.03.11 00:26:38.816,1.05095,1.05119
2013.03.11 00:26:40.072,1.05095,1.05116
2013.03.11 00:26:40.755,1.05091,1.05113
2013.03.11 00:26:41.307,1.05091,1.05111
2013.03.11 00:26:41.404,1.05091,1.05111
2013.03.11 00:26:44.262,1.0509,1.05111
2013.03.11 00:26:45.700,1.05088,1.05111
2013.03.11 00:26:48.261,1.05088,1.05109
2013.03.11 00:26:52.703,1.05088,1.05113
2013.03.11 00:26:54.291,1.05092,1.05115
2013.03.11 00:26:54.471,1.05095,1.05115
2013.03.11 00:27:31.560,1.05092,1.05114
2013.03.11 00:27:31.619,1.05089,1.05111
2013.03.11 00:27:31.921,1.05089,1.05113
2013.03.11 00:27:35.133,1.05089,1.05113
2013.03.11 00:27:36.679,1.05086,1.05109
2013.03.11 00:27:36.740,1.05086,1.05109
2013.03.11 00:27:40.609,1.05082,1.05106
2013.03.11 00:27:40.790,1.05081,1.05103
2013.03.11 00:27:40.871,1.05081,1.05103
2013.03.11 00:27:45.270,1.05078,1.051
2013.03.11 00:27:45.700,1.05077,1.05097
2013.03.11 00:27:47.880,1.05077,1.05097
2013.03.11 00:27:48.060,1.0508,1.05102
2013.03.11 00:27:48.120,1.0508,1.05101
2013.03.11 00:27:48.480,1.05079,1.05101
2013.03.11 00:27:50.261,1.05078,1.05104
2013.03.11 00:27:50.434,1.0508,1.05104
2013.03.11 00:27:52.180,1.05078,1.05101
2013.03.11 00:27:52.300,1.05077,1.05101
2013.03.11 00:27:52.971,1.05081,1.05103
2013.03.11 00:27:53.125,1.05081,1.05103
2013.03.11 00:27:53.190,1.05084,1.05104
2013.03.11 00:27:54.011,1.05084,1.05106
2013.03.11 00:27:54.690,1.05086,1.05107
2013.03.11 00:27:55.051,1.05086,1.05112
2013.03.11 00:27:57.361,1.05087,1.05113
2013.03.11 00:28:00.271,1.05086,1.05112
2013.03.11 00:28:02.072,1.05086,1.05112
2013.03.11 00:28:03.683,1.05086,1.05113
2013.03.11 00:28:04.181,1.0509,1.05114
2013.03.11 00:28:04.302,1.05091,1.05115
2013.03.11 00:28:04.841,1.05092,1.05117
2013.03.11 00:28:18.121,1.05091,1.05113
2013.03.11 00:28:18.240,1.05089,1.05113
2013.03.11 00:28:18.539,1.05089,1.05108
2013.03.11 00:28:18.740,1.05089,1.05108
2013.03.11 00:28:18.900,1.05089,1.05109
2013.03.11 00:28:19.141,1.0509,1.05113
2013.03.11 00:28:19.201,1.05093,1.05113
2013.03.11 00:28:19.260,1.05093,1.05113
2013.03.11 00:28:24.201,1.05093,1.05113
2013.03.11 00:28:24.260,1.0509,1.05113
2013.03.11 00:28:25.411,1.05089,1.05113
2013.03.11 00:28:28.532,1.05091,1.05113
2013.03.11 00:28:29.663,1.05091,1.05113
2013.03.11 00:28:29.744,1.05091,1.05113
2013.03.11 00:28:31.170,1.05092,1.05118
2013.03.11 00:28:31.291,1.05094,1.05118
2013.03.11 00:28:31.812,1.05094,1.05118
2013.03.11 00:28:33.720,1.05094,1.05118
2013.03.11 00:28:33.971,1.05096,1.05119
2013.03.11 00:28:36.767,1.05096,1.05119
2013.03.11 00:28:37.074,1.05094,1.05119
2013.03.11 00:28:54.949,1.05094,1.05113
2013.03.11 00:29:03.351,1.05089,1.05111
2013.03.11 00:29:03.530,1.05087,1.05111
2013.03.11 00:29:04.260,1.05087,1.05111
2013.03.11 00:29:13.160,1.05091,1.05113
2013.03.11 00:29:13.220,1.05091,1.05112
2013.03.11 00:29:22.711,1.05087,1.05108
2013.03.11 00:29:22.830,1.05084,1.05105
2013.03.11 00:29:22.891,1.05084,1.05105
2013.03.11 00:29:23.071,1.05081,1.05103
2013.03.11 00:29:23.431,1.05078,1.051
2013.03.11 00:29:24.300,1.05078,1.05098
2013.03.11 00:29:24.382,1.05078,1.05103
2013.03.11 00:29:24.440,1.05078,1.05103
2013.03.11 00:29:24.800,1.05077,1.05099
2013.03.11 00:29:25.312,1.05077,1.05099
2013.03.11 00:29:27.001,1.05074,1.05095
2013.03.11 00:29:27.062,1.05072,1.05094
2013.03.11 00:29:28.203,1.05071,1.05094
2013.03.11 00:29:28.691,1.05068,1.05089
2013.03.11 00:29:28.751,1.05068,1.05089
2013.03.11 00:29:35.400,1.05068,1.05092
2013.03.11 00:29:35.460,1.05068,1.05093
2013.03.11 00:29:35.760,1.05072,1.05094
2013.03.11 00:29:36.109,1.05072,1.05094
2013.03.11 00:29:38.759,1.05071,1.05093
2013.03.11 00:29:39.853,1.0507,1.05092
2013.03.11 00:29:40.270,1.05068,1.0509
2013.03.11 00:29:40.391,1.05068,1.0509
2013.03.11 00:29:40.510,1.05068,1.0509
2013.03.11 00:29:40.979,1.05067,1.0509
2013.03.11 00:29:41.713,1.05067,1.0509
2013.03.11 00:29:43.455,1.05067,1.05089
2013.03.11 00:29:46.365,1.05065,1.05087
2013.03.11 00:29:46.549,1.05065,1.05087
2013.03.11 00:29:46.850,1.05065,1.05087
2013.03.11 00:29:55.437,1.05067,1.05088
2013.03.11 00:29:57.398,1.05067,1.05088
2013.03.11 00:29:57.899,1.05068,1.05088
2013.03.11 00:29:58.730,1.05066,1.05085
2013.03.11 00:29:58.789,1.05066,1.05085
2013.03.11 00:29:59.295,1.05064,1.05085
2013.03.11 00:29:59.865,1.05064,1.05085
2013.03.11 00:30:00.426,1.05063,1.05085
2013.03.11 00:30:01.172,1.05062,1.05085
2013.03.11 00:30:01.779,1.05062,1.05084
2013.03.11 00:30:01.960,1.05062,1.05081
2013.03.11 00:30:02.020,1.05059,1.05081
2013.03.11 00:30:02.737,1.05055,1.05078
2013.03.11 00:30:02.815,1.05053,1.05077
2013.03.11 00:30:02.939,1.05052,1.05074
2013.03.11 00:30:03.001,1.05052,1.05074
2013.03.11 00:30:03.180,1.05048,1.0507
2013.03.11 00:30:03.240,1.05048,1.0507
2013.03.11 00:30:03.600,1.05051,1.05075
2013.03.11 00:30:03.661,1.05051,1.05074
2013.03.11 00:30:03.780,1.05051,1.05071
2013.03.11 00:30:05.134,1.0505,1.05071
2013.03.11 00:30:05.440,1.0505,1.05074
2013.03.11 00:30:05.680,1.05052,1.05074
2013.03.11 00:30:07.345,1.05052,1.05074
2013.03.11 00:30:16.810,1.05054,1.05075
2013.03.11 00:30:17.141,1.05056,1.05078
2013.03.11 00:30:17.200,1.05059,1.05081
2013.03.11 00:30:17.740,1.05061,1.05084
2013.03.11 00:30:18.379,1.05063,1.05085
2013.03.11 00:30:19.623,1.05063,1.05085
2013.03.11 00:30:20.210,1.05063,1.05085
2013.03.11 00:30:20.710,1.05066,1.05088
2013.03.11 00:30:20.769,1.05066,1.05089
2013.03.11 00:30:21.320,1.05066,1.05089
2013.03.11 00:30:23.730,1.05066,1.05088
2013.03.11 00:30:28.060,1.05065,1.05089
2013.03.11 00:30:28.760,1.05065,1.05084
2013.03.11 00:30:29.060,1.05062,1.05083
2013.03.11 00:30:29.470,1.05061,1.05079
2013.03.11 00:30:30.770,1.05059,1.05079
2013.03.11 00:30:32.670,1.05058,1.05075
2013.03.11 00:30:32.790,1.05055,1.05075
2013.03.11 00:30:33.951,1.05052,1.05075
2013.03.11 00:30:38.262,1.05052,1.05075
2013.03.11 00:30:42.121,1.05053,1.05074
2013.03.11 00:30:50.563,1.05054,1.05075
2013.03.11 00:30:51.413,1.05052,1.05074
2013.03.11 00:30:52.681,1.05052,1.05074
2013.03.11 00:31:00.199,1.05048,1.05065
2013.03.11 00:31:00.262,1.05046,1.05065
2013.03.11 00:31:01.291,1.05046,1.05064
2013.03.11 00:31:02.106,1.05045,1.05064
2013.03.11 00:31:03.691,1.05047,1.05069
2013.03.11 00:31:03.812,1.05047,1.05073
2013.03.11 00:31:03.932,1.05049,1.05073
2013.03.11 00:31:03.991,1.05052,1.05074
2013.03.11 00:31:04.659,1.05056,1.05078
2013.03.11 00:31:04.781,1.05056,1.05078
2013.03.11 00:31:05.487,1.05056,1.05078
2013.03.11 00:31:07.221,1.05057,1.05078
2013.03.11 00:31:10.169,1.05057,1.05079
2013.03.11 00:31:11.782,1.05056,1.05079
2013.03.11 00:31:20.621,1.0506,1.05079
2013.03.11 00:31:20.742,1.0506,1.05084
2013.03.11 00:31:20.981,1.05065,1.05086
2013.03.11 00:31:21.533,1.05064,1.05086
2013.03.11 00:31:24.280,1.05065,1.05087
2013.03.11 00:31:25.551,1.05066,1.05087
2013.03.11 00:31:26.180,1.05067,1.05087
2013.03.11 00:31:27.733,1.05067,1.05088
2013.03.11 00:31:27.803,1.05064,1.05087
2013.03.11 00:31:28.160,1.05064,1.05088
2013.03.11 00:31:30.460,1.05064,1.05088
2013.03.11 00:31:34.678,1.05066,1.05088
2013.03.11 00:31:35.075,1.05068,1.05089
2013.03.11 00:31:38.912,1.05065,1.05088
2013.03.11 00:31:38.971,1.05065,1.05084
2013.03.11 00:31:39.450,1.05063,1.05084
2013.03.11 00:31:48.631,1.05065,1.05085
2013.03.11 00:31:48.923,1.05065,1.05089
2013.03.11 00:31:52.835,1.05068,1.05091
2013.03.11 00:31:54.543,1.05067,1.0509
2013.03.11 00:31:55.255,1.05067,1.0509
2013.03.11 00:31:55.949,1.05067,1.0509
2013.03.11 00:31:57.455,1.05068,1.0509
2013.03.11 00:32:07.411,1.05068,1.0509
2013.03.11 00:32:09.161,1.05067,1.0509
2013.03.11 00:32:12.641,1.05067,1.05089
2013.03.11 00:32:20.372,1.05067,1.05092
2013.03.11 00:32:20.610,1.05068,1.05094
2013.03.11 00:32:20.731,1.05072,1.05096
2013.03.11 00:32:21.271,1.05072,1.05097
2013.03.11 00:32:23.006,1.05074,1.05097
2013.03.11 00:32:31.025,1.05074,1.05097
2013.03.11 00:32:33.028,1.05073,1.05097
2013.03.11 00:32:39.851,1.05073,1.05097
2013.03.11 00:32:40.435,1.05073,1.05095
2013.03.11 00:32:41.260,1.05074,1.05096
2013.03.11 00:32:56.037,1.05075,1.05097
2013.03.11 00:32:56.105,1.05074,1.05095
2013.03.11 00:33:00.244,1.05075,1.05098
2013.03.11 00:33:00.385,1.05075,1.05099
2013.03.11 00:33:01.618,1.05075,1.05098
2013.03.11 00:33:02.874,1.05076,1.05095
2013.03.11 00:33:03.213,1.05076,1.05093
2013.03.11 00:33:03.272,1.05075,1.05093
2013.03.11 00:33:03.632,1.05071,1.05092
2013.03.11 00:33:03.691,1.05071,1.05088
2013.03.11 00:33:05.832,1.05068,1.05087
2013.03.11 00:33:06.281,1.05067,1.05083
2013.03.11 00:33:06.581,1.05062,1.05083
2013.03.11 00:33:06.761,1.0506,1.05079
2013.03.11 00:33:12.439,1.05059,1.05079
2013.03.11 00:33:13.125,1.05058,1.05079
2013.03.11 00:33:16.262,1.05058,1.05079
2013.03.11 00:33:18.665,1.05057,1.05079
2013.03.11 00:33:20.766,1.05056,1.05077
2013.03.11 00:33:22.270,1.05056,1.05079
2013.03.11 00:33:23.096,1.05056,1.05079
2013.03.11 00:33:33.031,1.05058,1.05079
2013.03.11 00:33:38.050,1.05058,1.05082
2013.03.11 00:33:38.290,1.05059,1.05082
2013.03.11 00:33:38.654,1.05061,1.05084
2013.03.11 00:33:39.171,1.05066,1.05088
2013.03.11 00:33:48.738,1.05065,1.05086
2013.03.11 00:33:53.170,1.05064,1.05084
2013.03.11 00:34:05.866,1.05062,1.05084
2013.03.11 00:34:10.076,1.05063,1.05084
2013.03.11 00:34:11.231,1.05065,1.05088
2013.03.11 00:34:11.411,1.05065,1.05084
2013.03.11 00:34:17.487,1.05065,1.05084
2013.03.11 00:34:20.861,1.0506,1.05082
2013.03.11 00:34:20.981,1.0506,1.05079
2013.03.11 00:34:21.790,1.0506,1.0508
2013.03.11 00:34:27.509,1.0506,1.0508
2013.03.11 00:34:54.431,1.05061,1.05082
2013.03.11 00:34:54.731,1.05061,1.05086
2013.03.11 00:34:54.851,1.05062,1.05086
2013.03.11 00:34:55.391,1.05066,1.05088
2013.03.11 00:35:09.771,1.05066,1.05088
2013.03.11 00:35:10.318,1.05066,1.05088
2013.03.11 00:35:16.722,1.05066,1.05083
2013.03.11 00:35:17.034,1.05064,1.05083
2013.03.11 00:35:17.460,1.05061,1.05082
2013.03.11 00:35:18.038,1.05058,1.0508
2013.03.11 00:35:18.160,1.05058,1.05079
2013.03.11 00:35:29.730,1.05053,1.05074
2013.03.11 00:35:36.995,1.05054,1.05074
2013.03.11 00:35:38.060,1.05055,1.05074
2013.03.11 00:35:38.596,1.05055,1.05074
2013.03.11 00:35:40.240,1.05054,1.05074
2013.03.11 00:35:44.440,1.05055,1.05074
2013.03.11 00:35:45.020,1.05055,1.05077
2013.03.11 00:35:45.330,1.05055,1.05078
2013.03.11 00:35:45.906,1.05054,1.05077
2013.03.11 00:36:01.252,1.05056,1.05079
2013.03.11 00:36:04.662,1.05056,1.05079
2013.03.11 00:36:10.880,1.05055,1.05078
2013.03.11 00:36:32.851,1.05055,1.05075
2013.03.11 00:36:32.971,1.05056,1.05079
2013.03.11 00:36:33.144,1.05063,1.05081
2013.03.11 00:36:33.452,1.05066,1.05088
2013.03.11 00:36:33.761,1.05065,1.05087
2013.03.11 00:36:34.004,1.05067,1.05089
2013.03.11 00:36:34.311,1.05067,1.05089
2013.03.11 00:36:37.558,1.05066,1.05087
2013.03.11 00:36:45.069,1.05064,1.05087
2013.03.11 00:36:51.231,1.05067,1.05086
2013.03.11 00:36:51.594,1.05067,1.05085
2013.03.11 00:36:55.310,1.05064,1.05085
2013.03.11 00:36:55.741,1.05061,1.0508
2013.03.11 00:37:01.312,1.0506,1.0508
2013.03.11 00:37:03.431,1.05058,1.05078
2013.03.11 00:37:03.552,1.05058,1.05075
2013.03.11 00:37:04.080,1.05058,1.05078
2013.03.11 00:37:04.575,1.05058,1.05078
2013.03.11 00:37:11.371,1.05057,1.05078
2013.03.11 00:37:13.844,1.05057,1.05078
2013.03.11 00:37:23.565,1.05057,1.05078
2013.03.11 00:37:27.573,1.05056,1.05078
2013.03.11 00:37:43.480,1.05056,1.05075
2013.03.11 00:37:45.516,1.05055,1.05075
2013.03.11 00:37:47.521,1.05055,1.05075
2013.03.11 00:37:49.654,1.05055,1.05075
2013.03.11 00:37:56.701,1.05053,1.05075
2013.03.11 00:37:57.547,1.05053,1.05075
2013.03.11 00:38:01.310,1.05053,1.05075
2013.03.11 00:38:11.681,1.05054,1.05075
2013.03.11 00:38:15.190,1.05053,1.05075
2013.03.11 00:38:17.211,1.05054,1.05075
2013.03.11 00:38:18.596,1.05056,1.05075
2013.03.11 00:38:20.751,1.05053,1.05075
2013.03.11 00:38:21.262,1.05053,1.05074
2013.03.11 00:38:24.310,1.05051,1.05074
2013.03.11 00:38:32.592,1.05051,1.05073
2013.03.11 00:38:36.361,1.05048,1.05069
2013.03.11 00:38:36.541,1.05048,1.05069
2013.03.11 00:38:45.691,1.05048,1.05069
2013.03.11 00:38:51.330,1.05048,1.0507
2013.03.11 00:38:52.491,1.05048,1.05069
2013.03.11 00:38:52.791,1.05048,1.0507
2013.03.11 00:38:57.221,1.05045,1.05067
2013.03.11 00:38:58.522,1.05045,1.05068
2013.03.11 00:38:59.132,1.05043,1.05064
2013.03.11 00:38:59.192,1.05042,1.05064
2013.03.11 00:38:59.252,1.0504,1.05063
2013.03.11 00:38:59.312,1.0504,1.05063
2013.03.11 00:39:00.074,1.0504,1.05063
2013.03.11 00:39:00.391,1.05042,1.05064
2013.03.11 00:39:01.063,1.05044,1.05065
2013.03.11 00:39:02.129,1.05044,1.05064
2013.03.11 00:39:03.381,1.05044,1.05066
2013.03.11 00:39:03.501,1.05046,1.05068
2013.03.11 00:39:08.964,1.05049,1.05073
2013.03.11 00:39:09.281,1.05047,1.05067
2013.03.11 00:39:09.461,1.05047,1.05064
2013.03.11 00:39:09.961,1.05048,1.05064
2013.03.11 00:39:10.622,1.05048,1.05065
2013.03.11 00:39:10.981,1.05049,1.0507
2013.03.11 00:39:12.059,1.05049,1.05069
2013.03.11 00:39:18.691,1.05049,1.05069
2013.03.11 00:39:21.039,1.05047,1.05069
2013.03.11 00:39:21.481,1.05051,1.05069
2013.03.11 00:39:21.842,1.05054,1.05074
2013.03.11 00:39:21.901,1.05054,1.05074
2013.03.11 00:39:21.962,1.05052,1.05074
2013.03.11 00:39:22.021,1.05052,1.05068
2013.03.11 00:39:26.681,1.0505,1.05068
2013.03.11 00:39:31.192,1.05052,1.05068
2013.03.11 00:39:37.582,1.05051,1.05068
2013.03.11 00:39:38.549,1.05051,1.0507
2013.03.11 00:39:39.101,1.05051,1.05071
2013.03.11 00:39:51.621,1.0505,1.05071
2013.03.11 00:39:59.550,1.0505,1.05072
2013.03.11 00:39:59.610,1.0505,1.05072
2013.03.11 00:39:59.671,1.05046,1.05069
2013.03.11 00:39:59.850,1.05046,1.05069
2013.03.11 00:40:01.011,1.05046,1.0507
2013.03.11 00:40:01.477,1.05049,1.05072
2013.03.11 00:40:04.364,1.05049,1.05072
2013.03.11 00:40:04.671,1.05054,1.05072
2013.03.11 00:40:04.851,1.05055,1.05077
2013.03.11 00:40:04.912,1.05055,1.05077
2013.03.11 00:40:05.450,1.05058,1.05083
2013.03.11 00:40:09.691,1.05057,1.0508
2013.03.11 00:40:09.811,1.05057,1.05079
2013.03.11 00:40:09.931,1.05052,1.05074
2013.03.11 00:40:09.992,1.05051,1.05074
2013.03.11 00:40:10.052,1.05051,1.05074
2013.03.11 00:40:10.665,1.0505,1.05071
2013.03.11 00:40:14.282,1.05049,1.05071
2013.03.11 00:40:16.735,1.05049,1.05071
2013.03.11 00:40:17.143,1.0505,1.05073
2013.03.11 00:40:17.959,1.0505,1.05072
2013.03.11 00:40:18.611,1.0505,1.05072
2013.03.11 00:40:21.684,1.0505,1.05072
2013.03.11 00:40:21.750,1.0505,1.0507
2013.03.11 00:40:22.051,1.05047,1.05068
2013.03.11 00:40:22.531,1.05048,1.05068
2013.03.11 00:40:24.902,1.05046,1.05068
2013.03.11 00:40:25.021,1.05046,1.05067
2013.03.11 00:40:25.421,1.05042,1.05065
2013.03.11 00:40:25.541,1.05042,1.0506
2013.03.11 00:40:26.132,1.05042,1.05061
2013.03.11 00:40:26.828,1.05041,1.05061
2013.03.11 00:40:30.736,1.0504,1.05061
2013.03.11 00:40:32.926,1.05039,1.05061
2013.03.11 00:40:33.631,1.05039,1.0506
2013.03.11 00:40:36.381,1.05039,1.0506
2013.03.11 00:40:44.529,1.05039,1.0506
2013.03.11 00:40:44.891,1.05036,1.05059
2013.03.11 00:40:44.951,1.05036,1.05059
2013.03.11 00:40:45.528,1.05036,1.05059
2013.03.11 00:40:46.216,1.05036,1.05058
2013.03.11 00:40:46.741,1.05035,1.05058
2013.03.11 00:40:48.656,1.05035,1.05058
2013.03.11 00:40:49.261,1.05039,1.05058
2013.03.11 00:40:49.962,1.05036,1.05058
2013.03.11 00:40:51.001,1.05036,1.05056
2013.03.11 00:40:51.820,1.05036,1.05057
2013.03.11 00:40:52.486,1.05036,1.05056
2013.03.11 00:40:52.551,1.05036,1.05058
2013.03.11 00:40:53.141,1.05036,1.05057
2013.03.11 00:40:53.818,1.05036,1.05056
2013.03.11 00:40:54.700,1.05035,1.05056
2013.03.11 00:40:55.983,1.05038,1.05056
2013.03.11 00:40:59.286,1.05034,1.05056
2013.03.11 00:41:00.991,1.05037,1.05056
2013.03.11 00:41:02.061,1.05036,1.05056
2013.03.11 00:41:05.423,1.05032,1.05058
2013.03.11 00:41:05.492,1.05033,1.05059
2013.03.11 00:41:06.341,1.05035,1.05059
2013.03.11 00:41:07.454,1.05034,1.05057
2013.03.11 00:41:07.642,1.0503,1.05052
2013.03.11 00:41:07.763,1.05029,1.05049
2013.03.11 00:41:07.883,1.05029,1.05052
2013.03.11 00:41:08.184,1.05031,1.05053
2013.03.11 00:41:08.373,1.05033,1.05056
2013.03.11 00:41:08.433,1.05031,1.05057
2013.03.11 00:41:08.502,1.05034,1.05057
2013.03.11 00:41:08.801,1.05038,1.05059
2013.03.11 00:41:09.101,1.05038,1.05059
2013.03.11 00:41:09.161,1.05038,1.05058
2013.03.11 00:41:09.526,1.05038,1.05058
2013.03.11 00:41:13.545,1.05038,1.05059
2013.03.11 00:41:14.641,1.05037,1.05061
2013.03.11 00:41:15.002,1.05037,1.05059
2013.03.11 00:41:15.241,1.05037,1.05056
2013.03.11 00:41:15.808,1.05037,1.05056
2013.03.11 00:41:16.402,1.05035,1.05051
2013.03.11 00:41:16.461,1.05032,1.05051
2013.03.11 00:41:17.341,1.05031,1.05051
2013.03.11 00:41:23.657,1.0503,1.05049
2013.03.11 00:41:23.740,1.05026,1.05048
2013.03.11 00:41:23.921,1.05026,1.05048
2013.03.11 00:41:24.160,1.05026,1.05051
2013.03.11 00:41:24.671,1.05026,1.05051
2013.03.11 00:41:25.791,1.05031,1.05053
2013.03.11 00:41:26.032,1.05034,1.05056
2013.03.11 00:41:26.691,1.05034,1.05057
2013.03.11 00:41:28.191,1.05034,1.05057
2013.03.11 00:41:28.696,1.05032,1.05056
2013.03.11 00:41:29.288,1.05032,1.05055
2013.03.11 00:41:32.287,1.05032,1.05056
2013.03.11 00:41:32.780,1.05031,1.05054
2013.03.11 00:41:41.471,1.05033,1.05054
2013.03.11 00:41:50.001,1.05033,1.05054
2013.03.11 00:41:50.351,1.05032,1.05054
2013.03.11 00:41:51.070,1.05032,1.05054
2013.03.11 00:42:11.781,1.05032,1.05054
2013.03.11 00:42:12.121,1.0503,1.05051
2013.03.11 00:42:15.865,1.05034,1.05056
2013.03.11 00:42:15.932,1.05036,1.05056
2013.03.11 00:42:15.991,1.05036,1.05059
2013.03.11 00:42:16.741,1.05036,1.05059
2013.03.11 00:42:24.403,1.05038,1.0506
2013.03.11 00:42:27.063,1.05038,1.05061
2013.03.11 00:42:28.412,1.05038,1.05062
2013.03.11 00:42:28.472,1.05042,1.05063
2013.03.11 00:42:28.993,1.05043,1.05063
2013.03.11 00:42:29.731,1.05043,1.05066
2013.03.11 00:42:31.786,1.05046,1.05066
2013.03.11 00:42:37.332,1.05048,1.05065
2013.03.11 00:42:39.961,1.05048,1.05068
2013.03.11 00:42:40.321,1.05048,1.0507
2013.03.11 00:42:46.861,1.0505,1.05072
2013.03.11 00:42:49.252,1.05051,1.05072
2013.03.11 00:42:51.691,1.05049,1.05072
2013.03.11 00:42:52.379,1.05049,1.05072
2013.03.11 00:42:53.862,1.05051,1.05072
2013.03.11 00:42:54.772,1.0505,1.05071
2013.03.11 00:42:54.951,1.05049,1.05072
2013.03.11 00:42:55.012,1.05052,1.05074
2013.03.11 00:42:55.431,1.05056,1.05078
2013.03.11 00:42:55.491,1.05056,1.05078
2013.03.11 00:42:55.876,1.05056,1.05076
2013.03.11 00:42:56.003,1.05053,1.05076
2013.03.11 00:42:56.395,1.0505,1.05073
2013.03.11 00:42:57.021,1.0505,1.05073
2013.03.11 00:42:59.791,1.0505,1.05073
2013.03.11 00:43:01.701,1.05052,1.05073
2013.03.11 00:43:02.602,1.05052,1.05075
2013.03.11 00:43:02.962,1.0506,1.05082
2013.03.11 00:43:03.081,1.05059,1.0508
2013.03.11 00:43:03.601,1.05059,1.05078
2013.03.11 00:43:03.901,1.05059,1.0508
2013.03.11 00:43:06.408,1.05057,1.05078
2013.03.11 00:43:06.674,1.05057,1.05077
2013.03.11 00:43:06.741,1.0505,1.05074
2013.03.11 00:43:09.077,1.0505,1.05073
2013.03.11 00:43:10.101,1.0505,1.05072
2013.03.11 00:43:10.422,1.0505,1.05073
2013.03.11 00:43:10.481,1.0505,1.05073
2013.03.11 00:43:14.093,1.0505,1.05073
2013.03.11 00:43:14.422,1.0505,1.05072
2013.03.11 00:43:14.781,1.0505,1.05073
2013.03.11 00:43:14.842,1.0505,1.05072
2013.03.11 00:43:15.202,1.0505,1.05073
2013.03.11 00:43:15.261,1.0505,1.05073
2013.03.11 00:43:15.381,1.0505,1.05073
2013.03.11 00:43:15.921,1.0505,1.0507
2013.03.11 00:43:18.561,1.05046,1.05069
2013.03.11 00:43:18.741,1.05045,1.05065
2013.03.11 00:43:19.101,1.05047,1.05069
2013.03.11 00:43:19.352,1.05047,1.05069
2013.03.11 00:43:19.968,1.05048,1.0507
2013.03.11 00:43:24.922,1.05048,1.05069
2013.03.11 00:43:40.301,1.05048,1.05068
2013.03.11 00:43:40.872,1.05047,1.05068
2013.03.11 00:43:42.001,1.05047,1.05069
2013.03.11 00:43:47.161,1.05047,1.05069
2013.03.11 00:43:50.341,1.05046,1.05069
2013.03.11 00:43:50.932,1.05048,1.0507
2013.03.11 00:43:52.769,1.05047,1.0507
2013.03.11 00:43:56.761,1.05048,1.05069
2013.03.11 00:43:58.932,1.05048,1.05069
2013.03.11 00:44:00.381,1.05048,1.05068
2013.03.11 00:44:00.502,1.05048,1.05069
2013.03.11 00:44:02.926,1.05048,1.0507
2013.03.11 00:44:17.253,1.05048,1.05069
2013.03.11 00:44:17.380,1.05048,1.05069
2013.03.11 00:44:18.111,1.05047,1.05069
2013.03.11 00:44:24.563,1.05046,1.05069
2013.03.11 00:44:32.706,1.05046,1.0507
2013.03.11 00:44:43.811,1.05045,1.05069
2013.03.11 00:44:44.341,1.05045,1.05069
2013.03.11 00:44:44.401,1.05045,1.05069
2013.03.11 00:44:44.522,1.05045,1.05065
2013.03.11 00:44:45.051,1.05043,1.05065
2013.03.11 00:44:49.987,1.05045,1.05064
2013.03.11 00:44:50.068,1.05042,1.05064
2013.03.11 00:44:52.371,1.05042,1.05064
2013.03.11 00:44:54.233,1.05042,1.05064
2013.03.11 00:45:00.502,1.05042,1.05064
2013.03.11 00:45:01.262,1.05042,1.05064
2013.03.11 00:45:02.068,1.05042,1.05064
2013.03.11 00:45:22.661,1.05042,1.05064
2013.03.11 00:45:23.901,1.05041,1.05064
2013.03.11 00:45:30.310,1.05041,1.05064
2013.03.11 00:45:30.890,1.05041,1.05063
2013.03.11 00:45:42.221,1.05041,1.05062
2013.03.11 00:45:42.731,1.05041,1.05062
2013.03.11 00:45:46.631,1.05041,1.05061
2013.03.11 00:45:46.991,1.05041,1.05065
2013.03.11 00:45:47.112,1.05041,1.05065
2013.03.11 00:45:47.251,1.05041,1.05065
2013.03.11 00:45:50.041,1.05041,1.05065
2013.03.11 00:45:50.341,1.05045,1.05068
2013.03.11 00:46:01.172,1.05045,1.05069
2013.03.11 00:46:01.292,1.05045,1.05069
2013.03.11 00:46:01.353,1.05046,1.05071
2013.03.11 00:46:01.893,1.05048,1.05069
2013.03.11 00:46:02.223,1.05053,1.05072
2013.03.11 00:46:02.282,1.05053,1.05074
2013.03.11 00:46:02.551,1.05053,1.05075
2013.03.11 00:46:02.672,1.05054,1.05076
2013.03.11 00:46:02.733,1.05057,1.05078
2013.03.11 00:46:03.092,1.05063,1.05083
2013.03.11 00:46:03.212,1.05059,1.0508
2013.03.11 00:46:03.451,1.05059,1.05081
2013.03.11 00:46:09.222,1.05059,1.05083
2013.03.11 00:46:09.412,1.05059,1.05082
2013.03.11 00:46:09.722,1.05058,1.05079
2013.03.11 00:46:10.047,1.05056,1.05077
2013.03.11 00:46:10.181,1.05055,1.05077
2013.03.11 00:46:10.427,1.05057,1.05077
2013.03.11 00:46:10.976,1.05057,1.05079
2013.03.11 00:46:11.163,1.05056,1.05077
2013.03.11 00:46:12.444,1.05056,1.05077
2013.03.11 00:46:14.445,1.05055,1.05077
2013.03.11 00:46:14.572,1.05055,1.05077
2013.03.11 00:46:15.862,1.05056,1.05077
2013.03.11 00:46:16.193,1.05058,1.05079
2013.03.11 00:46:16.311,1.05058,1.05079
2013.03.11 00:46:16.826,1.05058,1.05079
2013.03.11 00:46:20.783,1.05059,1.05081
2013.03.11 00:46:22.503,1.05061,1.05083
2013.03.11 00:46:22.562,1.05061,1.05083
2013.03.11 00:46:22.683,1.05063,1.05084
2013.03.11 00:46:23.042,1.05066,1.05089
2013.03.11 00:46:23.163,1.05066,1.05088
2013.03.11 00:46:26.675,1.05065,1.05086
2013.03.11 00:46:27.852,1.05065,1.05083
2013.03.11 00:46:27.982,1.05065,1.05083
2013.03.11 00:46:28.793,1.05065,1.05089
2013.03.11 00:46:29.294,1.05064,1.05085
2013.03.11 00:46:29.601,1.05064,1.05082
2013.03.11 00:46:29.722,1.0506,1.05077
2013.03.11 00:46:29.901,1.05057,1.05077
2013.03.11 00:46:30.022,1.05055,1.05075
2013.03.11 00:46:30.143,1.05054,1.05076
2013.03.11 00:46:30.503,1.05056,1.05078
2013.03.11 00:46:30.743,1.05056,1.05078
2013.03.11 00:46:37.462,1.0506,1.05083
2013.03.11 00:46:37.704,1.0506,1.05083
2013.03.11 00:46:37.772,1.05061,1.05084
2013.03.11 00:46:38.432,1.05061,1.05084
2013.03.11 00:46:38.933,1.05061,1.05084
2013.03.11 00:46:41.827,1.05061,1.05084
2013.03.11 00:46:49.665,1.05062,1.05084
2013.03.11 00:46:49.736,1.05062,1.05084
2013.03.11 00:46:52.299,1.05062,1.05084
2013.03.11 00:46:52.442,1.05062,1.05084
2013.03.11 00:46:52.502,1.05058,1.0508
2013.03.11 00:46:52.881,1.05056,1.05077
2013.03.11 00:46:53.242,1.05056,1.05077
2013.03.11 00:46:56.612,1.05055,1.05078
2013.03.11 00:46:56.672,1.05055,1.05078
2013.03.11 00:46:57.525,1.05055,1.05078
2013.03.11 00:47:00.832,1.05055,1.05078
2013.03.11 00:47:07.788,1.05055,1.05076
2013.03.11 00:47:08.212,1.05054,1.05076
2013.03.11 00:47:08.272,1.05054,1.05076
2013.03.11 00:47:08.582,1.05053,1.05076
2013.03.11 00:47:08.642,1.05053,1.05076
2013.03.11 00:47:10.709,1.05054,1.05076
2013.03.11 00:47:13.431,1.05054,1.05076
2013.03.11 00:47:13.872,1.05054,1.05076
2013.03.11 00:47:13.991,1.05054,1.05076
2013.03.11 00:47:16.274,1.05051,1.05073
2013.03.11 00:47:16.392,1.05051,1.05073
2013.03.11 00:47:16.937,1.05051,1.05073
2013.03.11 00:47:18.637,1.05051,1.05071
2013.03.11 00:47:19.151,1.05049,1.05068
2013.03.11 00:47:19.392,1.05049,1.05068
2013.03.11 00:47:19.512,1.05047,1.05068
2013.03.11 00:47:19.573,1.05046,1.05066
2013.03.11 00:47:22.991,1.05042,1.05062
2013.03.11 00:47:23.543,1.05042,1.05062
2013.03.11 00:47:23.692,1.05042,1.05059
2013.03.11 00:47:23.753,1.05039,1.05059
2013.03.11 00:47:25.801,1.05037,1.05057
2013.03.11 00:47:29.761,1.05037,1.05057
2013.03.11 00:47:30.382,1.05036,1.05055
2013.03.11 00:47:30.442,1.05031,1.05053
2013.03.11 00:47:30.562,1.05032,1.0505
2013.03.11 00:47:30.802,1.05032,1.05053
2013.03.11 00:47:30.983,1.05032,1.05053
2013.03.11 00:47:31.302,1.05032,1.05053
2013.03.11 00:47:32.035,1.05032,1.05053
2013.03.11 00:47:32.693,1.05032,1.05053
2013.03.11 00:47:37.801,1.05033,1.05053
2013.03.11 00:47:37.982,1.05033,1.05053
2013.03.11 00:47:38.042,1.0503,1.05047
2013.03.11 00:47:38.162,1.0503,1.05047
2013.03.11 00:47:38.222,1.05031,1.05047
2013.03.11 00:47:38.403,1.05028,1.05047
2013.03.11 00:47:38.523,1.05026,1.05047
2013.03.11 00:47:44.134,1.05024,1.05045
2013.03.11 00:47:44.202,1.05024,1.05045
2013.03.11 00:47:44.786,1.05026,1.05048
2013.03.11 00:47:45.365,1.05026,1.05044
2013.03.11 00:47:45.673,1.05026,1.05048
2013.03.11 00:47:46.212,1.05026,1.05049
2013.03.11 00:47:46.722,1.05026,1.05048
2013.03.11 00:47:46.912,1.05025,1.05048
2013.03.11 00:47:46.973,1.05025,1.05045
2013.03.11 00:47:47.452,1.05025,1.05048
2013.03.11 00:47:47.653,1.05025,1.05048
2013.03.11 00:47:48.521,1.05025,1.05048
2013.03.11 00:47:50.832,1.05025,1.05047
2013.03.11 00:47:51.072,1.05022,1.05044
2013.03.11 00:47:51.132,1.05021,1.05043
2013.03.11 00:47:51.732,1.05021,1.05043
2013.03.11 00:47:56.841,1.05021,1.05043
2013.03.11 00:47:57.845,1.05021,1.05043
2013.03.11 00:47:58.748,1.05021,1.05043
2013.03.11 00:47:59.667,1.05021,1.05044
2013.03.11 00:48:00.311,1.05021,1.05043
2013.03.11 00:48:07.783,1.0502,1.05043
2013.03.11 00:48:09.316,1.0502,1.05043
2013.03.11 00:48:09.443,1.0502,1.05043
2013.03.11 00:48:09.642,1.0502,1.05043
2013.03.11 00:48:15.092,1.0502,1.05043
2013.03.11 00:48:19.022,1.0502,1.05042
2013.03.11 00:48:20.782,1.0502,1.05042
2013.03.11 00:48:20.862,1.0502,1.05042
2013.03.11 00:48:21.424,1.05021,1.05044
2013.03.11 00:48:21.974,1.05021,1.05044
2013.03.11 00:48:22.523,1.05021,1.0504
2013.03.11 00:48:22.593,1.0502,1.0504
2013.03.11 00:48:28.704,1.05025,1.05048
2013.03.11 00:48:29.212,1.05024,1.05047
2013.03.11 00:48:29.272,1.05026,1.05049
2013.03.11 00:48:29.452,1.05026,1.05049
2013.03.11 00:48:32.331,1.05027,1.05049
2013.03.11 00:48:32.632,1.05029,1.05053
2013.03.11 00:48:42.872,1.05029,1.05054
2013.03.11 00:48:42.993,1.05035,1.05057
2013.03.11 00:48:43.302,1.05037,1.05059
2013.03.11 00:48:44.191,1.05036,1.05057
2013.03.11 00:48:48.566,1.05036,1.05058
2013.03.11 00:48:49.122,1.05036,1.05059
2013.03.11 00:48:49.181,1.05036,1.05059
2013.03.11 00:48:49.816,1.05036,1.05059
2013.03.11 00:48:52.119,1.05036,1.05059
2013.03.11 00:48:52.286,1.05037,1.05059
2013.03.11 00:48:52.807,1.05037,1.05059
2013.03.11 00:48:53.821,1.05037,1.05061
2013.03.11 00:48:54.383,1.05037,1.05061
2013.03.11 00:48:54.722,1.05041,1.05063
2013.03.11 00:49:01.860,1.05041,1.05061
2013.03.11 00:49:01.922,1.0504,1.05061
2013.03.11 00:49:01.982,1.0504,1.05061
2013.03.11 00:49:05.242,1.0504,1.05061
2013.03.11 00:49:09.673,1.05039,1.05062
2013.03.11 00:49:10.365,1.05039,1.05062
2013.03.11 00:49:10.702,1.05039,1.05062
2013.03.11 00:49:11.033,1.05039,1.05062
2013.03.11 00:49:12.732,1.05039,1.0506
2013.03.11 00:49:13.312,1.05039,1.05062
2013.03.11 00:49:15.805,1.0504,1.05062
2013.03.11 00:49:16.792,1.0504,1.05062
2013.03.11 00:49:17.894,1.05039,1.05061
2013.03.11 00:49:19.805,1.05038,1.05061
2013.03.11 00:49:20.112,1.05044,1.05063
2013.03.11 00:49:22.073,1.05043,1.05066
2013.03.11 00:49:22.192,1.05043,1.05066
2013.03.11 00:49:45.602,1.05048,1.05068
2013.03.11 00:49:45.733,1.05051,1.05071
2013.03.11 00:49:45.852,1.05051,1.05072
2013.03.11 00:49:45.973,1.05054,1.05076
2013.03.11 00:49:46.096,1.05054,1.05076
2013.03.11 00:49:51.892,1.05054,1.05076
2013.03.11 00:49:52.365,1.05053,1.05074
2013.03.11 00:49:53.435,1.05054,1.05074
2013.03.11 00:49:56.612,1.05054,1.05074
2013.03.11 00:49:56.944,1.05057,1.05076
2013.03.11 00:49:57.853,1.05057,1.05076
2013.03.11 00:50:02.793,1.05056,1.05076
2013.03.11 00:50:42.585,1.05056,1.05073
2013.03.11 00:50:46.163,1.05051,1.05071
2013.03.11 00:50:46.342,1.05051,1.05067
2013.03.11 00:50:52.716,1.05051,1.05067
2013.03.11 00:50:53.993,1.05048,1.05071
2013.03.11 00:50:55.873,1.05048,1.05069
2013.03.11 00:50:56.112,1.05047,1.05066
2013.03.11 00:50:56.673,1.05047,1.05066
2013.03.11 00:50:59.143,1.05043,1.05063
2013.03.11 00:50:59.204,1.05042,1.05061
2013.03.11 00:51:02.722,1.05041,1.05061
2013.03.11 00:51:06.925,1.05041,1.05061
2013.03.11 00:51:06.993,1.05041,1.05062
2013.03.11 00:51:07.795,1.05045,1.05065
2013.03.11 00:51:07.985,1.05047,1.05068
2013.03.11 00:51:08.054,1.05047,1.05068
2013.03.11 00:51:10.535,1.05051,1.05069
2013.03.11 00:51:10.663,1.05051,1.05069
2013.03.11 00:51:11.962,1.05053,1.05073
2013.03.11 00:51:12.528,1.05053,1.05073
2013.03.11 00:51:16.047,1.05053,1.05073
2013.03.11 00:51:16.233,1.05055,1.05076
2013.03.11 00:51:20.286,1.05054,1.05077
2013.03.11 00:51:22.763,1.05054,1.05077
2013.03.11 00:51:24.045,1.05054,1.05077
2013.03.11 00:51:25.174,1.05061,1.05081
2013.03.11 00:51:25.293,1.05062,1.05082
2013.03.11 00:51:25.745,1.05057,1.05077
2013.03.11 00:51:32.702,1.05057,1.05077
2013.03.11 00:51:33.420,1.05057,1.05077
2013.03.11 00:51:34.865,1.05057,1.05077
2013.03.11 00:51:34.924,1.05057,1.05077
2013.03.11 00:51:35.046,1.05061,1.05079
2013.03.11 00:51:35.173,1.05059,1.05077
2013.03.11 00:51:35.233,1.05059,1.05077
2013.03.11 00:51:36.112,1.05059,1.05077
2013.03.11 00:51:36.172,1.05056,1.05073
2013.03.11 00:51:36.232,1.05055,1.05073
2013.03.11 00:51:41.634,1.05057,1.05074
2013.03.11 00:51:41.692,1.0506,1.05074
2013.03.11 00:51:42.232,1.0506,1.05082
2013.03.11 00:51:45.874,1.05059,1.05081
2013.03.11 00:51:45.933,1.05058,1.05078
2013.03.11 00:51:46.054,1.05057,1.05078
2013.03.11 00:51:46.322,1.05057,1.05078
2013.03.11 00:51:46.502,1.05061,1.05082
2013.03.11 00:51:47.223,1.05066,1.05086
2013.03.11 00:51:47.282,1.05066,1.05087
2013.03.11 00:51:48.694,1.05062,1.05082
2013.03.11 00:51:51.713,1.05059,1.05079
2013.03.11 00:51:51.772,1.05059,1.05079
2013.03.11 00:51:52.194,1.05057,1.05075
2013.03.11 00:51:52.253,1.05055,1.05073
2013.03.11 00:51:52.314,1.05055,1.05073
2013.03.11 00:51:54.608,1.05055,1.05073
2013.03.11 00:51:55.214,1.05051,1.05068
2013.03.11 00:51:56.282,1.05051,1.05068
2013.03.11 00:51:56.862,1.05049,1.05067
2013.03.11 00:51:57.043,1.05046,1.05064
2013.03.11 00:51:57.103,1.05044,1.05064
2013.03.11 00:51:57.284,1.05044,1.05065
2013.03.11 00:51:57.470,1.05044,1.05064
2013.03.11 00:51:57.913,1.05044,1.05066
2013.03.11 00:51:58.466,1.05044,1.05064
2013.03.11 00:52:02.222,1.05042,1.05064
2013.03.11 00:52:02.343,1.05041,1.05059
2013.03.11 00:52:05.432,1.05041,1.05061
2013.03.11 00:52:05.994,1.05041,1.0506
2013.03.11 00:52:07.092,1.0504,1.0506
2013.03.11 00:52:07.212,1.05046,1.05066
2013.03.11 00:52:07.753,1.05048,1.05067
2013.03.11 00:52:08.369,1.05048,1.05069
2013.03.11 00:52:09.393,1.0505,1.05069
2013.03.11 00:52:09.452,1.05051,1.05071
2013.03.11 00:52:11.101,1.05051,1.0507
2013.03.11 00:52:13.684,1.05051,1.05071
2013.03.11 00:52:22.882,1.05051,1.05071
2013.03.11 00:52:35.584,1.0505,1.05072
2013.03.11 00:52:35.703,1.05055,1.05074
2013.03.11 00:53:02.214,1.05057,1.05079
2013.03.11 00:53:18.602,1.05059,1.05081
2013.03.11 00:53:18.723,1.05059,1.05078
2013.03.11 00:53:19.298,1.05057,1.05078
2013.03.11 00:53:23.165,1.05057,1.05077
2013.03.11 00:53:23.602,1.05057,1.05077
2013.03.11 00:53:30.542,1.05057,1.05078
2013.03.11 00:53:30.723,1.05058,1.05078
2013.03.11 00:53:30.784,1.05058,1.05078
2013.03.11 00:53:34.603,1.05059,1.05079
2013.03.11 00:53:34.843,1.05058,1.05078
2013.03.11 00:53:34.963,1.05059,1.05079
2013.03.11 00:53:42.635,1.05061,1.05082
2013.03.11 00:53:52.756,1.05061,1.05081
2013.03.11 00:54:02.192,1.05059,1.05078
2013.03.11 00:54:02.252,1.05058,1.05078
2013.03.11 00:54:10.703,1.05054,1.05073
2013.03.11 00:54:13.253,1.05053,1.05068
2013.03.11 00:54:14.083,1.05048,1.05068
2013.03.11 00:54:18.382,1.05048,1.05066
2013.03.11 00:54:18.623,1.05046,1.05064
2013.03.11 00:54:18.742,1.05044,1.05065
2013.03.11 00:54:19.386,1.05044,1.05064
2013.03.11 00:54:22.678,1.05044,1.05064
2013.03.11 00:54:26.086,1.05044,1.05064
2013.03.11 00:54:26.221,1.05042,1.05058
2013.03.11 00:54:31.361,1.05041,1.05058
2013.03.11 00:54:31.483,1.05041,1.05058
2013.03.11 00:54:32.702,1.05041,1.05062
2013.03.11 00:54:32.824,1.05041,1.05063
2013.03.11 00:54:38.552,1.05038,1.0506
2013.03.11 00:54:39.843,1.05038,1.05061
2013.03.11 00:54:41.652,1.05038,1.05059
2013.03.11 00:54:41.962,1.05037,1.05058
2013.03.11 00:54:42.695,1.05036,1.05057
2013.03.11 00:54:42.813,1.05034,1.05055
2013.03.11 00:54:45.689,1.05033,1.05051
2013.03.11 00:54:45.992,1.05033,1.05054
2013.03.11 00:54:46.173,1.05037,1.05058
2013.03.11 00:54:46.233,1.05042,1.05063
2013.03.11 00:54:46.742,1.05043,1.05063
2013.03.11 00:54:47.352,1.05043,1.05063
2013.03.11 00:54:52.774,1.05044,1.05063
2013.03.11 00:54:56.743,1.05046,1.05069
2013.03.11 00:54:56.862,1.05048,1.05072
2013.03.11 00:54:57.385,1.05052,1.05073
2013.03.11 00:54:59.374,1.05052,1.05072
2013.03.11 00:54:59.433,1.05052,1.0507
2013.03.11 00:54:59.493,1.05051,1.0507
2013.03.11 00:54:59.612,1.05051,1.05068
2013.03.11 00:54:59.924,1.05048,1.05063
2013.03.11 00:55:00.104,1.05048,1.05063
2013.03.11 00:55:00.173,1.05041,1.0506
2013.03.11 00:55:00.235,1.05041,1.05054
2013.03.11 00:55:00.484,1.05039,1.05058
2013.03.11 00:55:00.855,1.05039,1.05058
2013.03.11 00:55:01.945,1.05041,1.05061
2013.03.11 00:55:04.914,1.05038,1.05058
2013.03.11 00:55:05.214,1.05037,1.05059
2013.03.11 00:55:05.393,1.05037,1.05059
2013.03.11 00:55:05.454,1.05037,1.05059
2013.03.11 00:55:06.763,1.05037,1.05058
2013.03.11 00:55:07.312,1.05037,1.05058
2013.03.11 00:55:07.453,1.05037,1.05058
2013.03.11 00:55:08.013,1.05037,1.05059
2013.03.11 00:55:09.002,1.05036,1.05059
2013.03.11 00:55:09.811,1.05036,1.05058
2013.03.11 00:55:09.992,1.05041,1.0506
2013.03.11 00:55:10.053,1.05042,1.05065
2013.03.11 00:55:12.752,1.05044,1.05066
2013.03.11 00:55:28.443,1.05044,1.05065
2013.03.11 00:55:29.279,1.05044,1.05065
2013.03.11 00:55:30.042,1.05044,1.05066
2013.03.11 00:55:31.793,1.05044,1.05066
2013.03.11 00:55:34.414,1.05045,1.05066
2013.03.11 00:55:36.196,1.05044,1.05066
2013.03.11 00:55:36.792,1.05044,1.05066
2013.03.11 00:55:37.033,1.0505,1.05068
2013.03.11 00:55:37.153,1.0505,1.05068
2013.03.11 00:55:37.922,1.0505,1.05068
2013.03.11 00:55:52.746,1.05048,1.05071
2013.03.11 00:56:04.612,1.05051,1.05071
2013.03.11 00:56:04.674,1.05055,1.05079
2013.03.11 00:56:04.736,1.05056,1.05079
2013.03.11 00:56:04.863,1.05054,1.05074
2013.03.11 00:56:04.983,1.05054,1.05073
2013.03.11 00:56:05.163,1.05051,1.05073
2013.03.11 00:56:05.224,1.05051,1.05073
2013.03.11 00:56:06.193,1.0505,1.05073
2013.03.11 00:56:22.740,1.05049,1.05071
2013.03.11 00:56:40.472,1.05049,1.05073
2013.03.11 00:56:42.481,1.05053,1.05074
2013.03.11 00:56:43.285,1.05052,1.05074
2013.03.11 00:56:44.017,1.05052,1.05074
2013.03.11 00:56:45.434,1.0505,1.05074
2013.03.11 00:56:48.145,1.05052,1.05072
2013.03.11 00:56:48.214,1.05053,1.05074
2013.03.11 00:56:48.578,1.05057,1.05078
2013.03.11 00:56:48.773,1.05058,1.0508
2013.03.11 00:56:49.243,1.05058,1.0508
2013.03.11 00:56:49.951,1.05057,1.0508
2013.03.11 00:56:50.383,1.05058,1.05082
2013.03.11 00:56:50.564,1.05062,1.05085
2013.03.11 00:56:55.165,1.05064,1.05089
2013.03.11 00:56:55.413,1.05068,1.05089
2013.03.11 00:56:58.332,1.05068,1.05089
2013.03.11 00:56:58.852,1.0507,1.05089
2013.03.11 00:56:58.972,1.0507,1.05093
2013.03.11 00:56:59.154,1.05071,1.05093
2013.03.11 00:56:59.770,1.05075,1.05095
2013.03.11 00:57:00.687,1.05075,1.05095
2013.03.11 00:57:01.068,1.05075,1.05095
2013.03.11 00:57:01.313,1.0508,1.051
2013.03.11 00:57:02.549,1.0508,1.05101
2013.03.11 00:57:06.594,1.0508,1.05099
2013.03.11 00:57:06.653,1.0508,1.05099
2013.03.11 00:57:06.713,1.05078,1.05098
2013.03.11 00:57:07.182,1.05077,1.05098
2013.03.11 00:57:09.655,1.05078,1.05099
2013.03.11 00:57:15.854,1.05077,1.05098
2013.03.11 00:57:22.687,1.05075,1.05098
2013.03.11 00:57:24.370,1.0508,1.05098
2013.03.11 00:57:24.795,1.05077,1.05098
2013.03.11 00:57:25.422,1.05077,1.05098
2013.03.11 00:57:26.535,1.05078,1.05098
2013.03.11 00:57:27.063,1.05078,1.05098
2013.03.11 00:57:30.269,1.05077,1.05098
2013.03.11 00:57:39.423,1.05077,1.05098
2013.03.11 00:57:41.744,1.05079,1.05098
2013.03.11 00:57:42.093,1.05076,1.05097
2013.03.11 00:57:42.154,1.05073,1.05097
2013.03.11 00:57:42.632,1.05072,1.05093
2013.03.11 00:57:43.073,1.05071,1.05092
2013.03.11 00:57:43.482,1.05068,1.0509
2013.03.11 00:57:44.746,1.05067,1.0509
2013.03.11 00:57:46.664,1.05068,1.05092
2013.03.11 00:57:51.682,1.05067,1.05091
2013.03.11 00:58:06.078,1.05066,1.05091
2013.03.11 00:58:06.322,1.05073,1.05095
2013.03.11 00:58:06.382,1.05073,1.05089
2013.03.11 00:58:06.622,1.05071,1.05089
2013.03.11 00:58:06.682,1.0507,1.05093
2013.03.11 00:58:08.008,1.05069,1.05092
2013.03.11 00:58:08.813,1.0507,1.05093
2013.03.11 00:58:11.473,1.05072,1.05094
2013.03.11 00:58:12.112,1.0507,1.05092
2013.03.11 00:58:12.173,1.0507,1.05088
2013.03.11 00:58:12.532,1.0507,1.05088
2013.03.11 00:58:12.653,1.05067,1.05088
2013.03.11 00:58:14.102,1.05067,1.05088
2013.03.11 00:58:16.273,1.05069,1.0509
2013.03.11 00:58:16.823,1.05069,1.05088
2013.03.11 00:58:18.073,1.05067,1.05088
2013.03.11 00:58:20.964,1.05069,1.05088
2013.03.11 00:58:26.556,1.05069,1.05087
2013.03.11 00:58:26.753,1.05066,1.05083
2013.03.11 00:58:26.813,1.05065,1.05083
2013.03.11 00:58:26.943,1.05065,1.05088
2013.03.11 00:58:27.123,1.05065,1.05086
2013.03.11 00:58:27.363,1.05065,1.05088
2013.03.11 00:58:27.484,1.05065,1.05088
2013.03.11 00:58:27.603,1.05065,1.05087
2013.03.11 00:58:27.903,1.05064,1.05087
2013.03.11 00:58:27.963,1.05064,1.05087
2013.03.11 00:58:28.023,1.05067,1.05088
2013.03.11 00:58:30.694,1.05068,1.05088
2013.03.11 00:58:31.199,1.05066,1.05088
2013.03.11 00:58:31.705,1.05065,1.05089
2013.03.11 00:58:32.013,1.05065,1.05089
2013.03.11 00:58:33.173,1.05067,1.0509
2013.03.11 00:58:36.216,1.0507,1.05092
2013.03.11 00:58:36.772,1.0507,1.05092
2013.03.11 00:58:38.546,1.05069,1.0509
2013.03.11 00:58:38.673,1.05067,1.05083
2013.03.11 00:58:38.853,1.05067,1.05083
2013.03.11 00:58:39.072,1.05067,1.05083
2013.03.11 00:58:39.883,1.05067,1.05083
2013.03.11 00:58:40.483,1.05067,1.05087
2013.03.11 00:58:40.543,1.05067,1.05088
2013.03.11 00:58:43.254,1.05068,1.05089
2013.03.11 00:58:43.960,1.05068,1.05089
2013.03.11 00:58:44.834,1.05068,1.05089
2013.03.11 00:58:46.163,1.05068,1.05089
2013.03.11 00:58:46.503,1.05067,1.05088
2013.03.11 00:58:50.239,1.05069,1.05089
2013.03.11 00:58:51.503,1.05069,1.05089
2013.03.11 00:58:52.100,1.05069,1.05089
2013.03.11 00:58:52.871,1.05069,1.05089
2013.03.11 00:58:53.641,1.05069,1.05089
2013.03.11 00:58:54.189,1.05069,1.05089
2013.03.11 00:59:01.473,1.0507,1.05092
2013.03.11 00:59:01.593,1.0507,1.05092
2013.03.11 00:59:04.524,1.05073,1.05094
2013.03.11 00:59:12.599,1.05073,1.05094
2013.03.11 00:59:14.539,1.05073,1.05094
2013.03.11 00:59:19.822,1.05073,1.05094
2013.03.11 00:59:20.433,1.05073,1.05096
2013.03.11 00:59:25.916,1.05073,1.05096
2013.03.11 00:59:26.403,1.05075,1.05098
2013.03.11 00:59:26.463,1.05075,1.05097
2013.03.11 00:59:35.306,1.05073,1.05093
2013.03.11 00:59:38.943,1.05072,1.05093
2013.03.11 00:59:44.869,1.05072,1.05093
2013.03.11 00:59:45.872,1.05072,1.05093
2013.03.11 00:59:46.653,1.05072,1.0509
2013.03.11 00:59:46.713,1.05072,1.0509
2013.03.11 00:59:47.172,1.05069,1.05091
2013.03.11 00:59:47.936,1.05069,1.05091
2013.03.11 00:59:48.601,1.05069,1.05092
2013.03.11 00:59:48.984,1.05069,1.05092
2013.03.11 00:59:50.713,1.05069,1.05091
2013.03.11 00:59:56.230,1.05068,1.05091
2013.03.11 00:59:56.473,1.05068,1.05088
2013.03.11 00:59:58.011,1.05068,1.05088
2013.03.11 00:59:59.389,1.05068,1.05088
2013.03.11 00:59:59.513,1.0507,1.05092
2013.03.11 00:59:59.632,1.0507,1.05092
2013.03.11 00:59:59.933,1.0507,1.05092
2013.03.11 01:00:00.093,1.0507,1.0509
2013.03.11 01:00:00.153,1.05068,1.05089
2013.03.11 01:00:00.825,1.05067,1.05089
2013.03.11 01:00:01.466,1.05067,1.05091
2013.03.11 01:00:05.873,1.05067,1.05087
2013.03.11 01:00:05.993,1.05064,1.05087
2013.03.11 01:00:06.113,1.05064,1.05087
2013.03.11 01:00:06.293,1.05066,1.05087
2013.03.11 01:00:06.868,1.05066,1.05087
2013.03.11 01:00:15.177,1.05065,1.05086
2013.03.11 01:00:17.123,1.05065,1.05088
2013.03.11 01:00:24.364,1.05065,1.05088
2013.03.11 01:00:24.603,1.05066,1.05087
2013.03.11 01:00:25.284,1.05065,1.05087
2013.03.11 01:00:25.343,1.05065,1.05087
2013.03.11 01:00:25.583,1.05062,1.05083
2013.03.11 01:00:26.104,1.05062,1.05083
2013.03.11 01:00:28.083,1.05062,1.05083
2013.03.11 01:00:33.163,1.05062,1.05086
2013.03.11 01:00:33.355,1.05062,1.05086
2013.03.11 01:00:36.160,1.05062,1.05087
2013.03.11 01:00:36.785,1.05062,1.05086
2013.03.11 01:00:37.325,1.05057,1.05078
2013.03.11 01:00:37.684,1.05057,1.05077
2013.03.11 01:00:37.924,1.05055,1.05075
2013.03.11 01:00:38.044,1.05052,1.05073
2013.03.11 01:00:38.165,1.05052,1.05073
2013.03.11 01:00:47.474,1.05051,1.05073
2013.03.11 01:00:48.118,1.05051,1.05073
2013.03.11 01:00:53.703,1.05051,1.05071
2013.03.11 01:00:54.754,1.05051,1.05069
2013.03.11 01:00:56.285,1.05051,1.05069
2013.03.11 01:00:56.404,1.05051,1.05069
2013.03.11 01:00:56.464,1.05051,1.05072
2013.03.11 01:00:56.705,1.05052,1.05076
2013.03.11 01:00:57.294,1.05052,1.05075
2013.03.11 01:01:01.047,1.05052,1.05072
2013.03.11 01:01:03.643,1.05052,1.05075
2013.03.11 01:01:03.843,1.05052,1.05075
2013.03.11 01:01:04.398,1.05052,1.05069
2013.03.11 01:01:10.554,1.05052,1.05074
2013.03.11 01:01:10.794,1.05053,1.05076
2013.03.11 01:01:35.765,1.05057,1.05078
2013.03.11 01:01:36.434,1.05057,1.05078
2013.03.11 01:01:42.144,1.05054,1.05076
2013.03.11 01:01:58.358,1.05053,1.05072
2013.03.11 01:02:05.763,1.05053,1.05072
2013.03.11 01:02:06.807,1.05053,1.05073
2013.03.11 01:02:12.645,1.05053,1.05073
2013.03.11 01:02:13.873,1.05053,1.05073
2013.03.11 01:02:14.163,1.05053,1.05076
2013.03.11 01:02:14.283,1.05055,1.05078
2013.03.11 01:02:14.803,1.05056,1.05078
2013.03.11 01:02:16.525,1.05057,1.05078
2013.03.11 01:02:21.003,1.05059,1.0508
2013.03.11 01:02:28.793,1.05059,1.05078
2013.03.11 01:02:31.948,1.05059,1.05078
2013.03.11 01:02:32.074,1.05059,1.05081
2013.03.11 01:02:50.097,1.05062,1.05083
2013.03.11 01:02:50.535,1.05062,1.05083
2013.03.11 01:03:10.875,1.05061,1.05082
2013.03.11 01:03:14.315,1.05061,1.0508
2013.03.11 01:03:16.214,1.05061,1.05081
2013.03.11 01:03:21.283,1.05058,1.0508
2013.03.11 01:03:22.653,1.05059,1.05081
2013.03.11 01:03:29.937,1.05058,1.0508
2013.03.11 01:03:32.387,1.05058,1.0508
2013.03.11 01:03:32.533,1.05058,1.0508
2013.03.11 01:03:36.253,1.05058,1.05078
2013.03.11 01:03:50.788,1.05057,1.0508
2013.03.11 01:03:52.903,1.05058,1.05081
2013.03.11 01:03:55.912,1.05058,1.05081
2013.03.11 01:04:03.315,1.05058,1.05079
2013.03.11 01:04:06.123,1.05058,1.05081
2013.03.11 01:04:19.703,1.05059,1.05081
2013.03.11 01:04:28.948,1.05059,1.05083
2013.03.11 01:04:29.169,1.05059,1.05083
2013.03.11 01:04:32.763,1.05057,1.0508
2013.03.11 01:04:43.574,1.0506,1.05083
2013.03.11 01:04:43.814,1.05064,1.05087
2013.03.11 01:04:44.395,1.05066,1.05088
2013.03.11 01:04:48.604,1.05066,1.05088
2013.03.11 01:04:48.694,1.05067,1.05088
2013.03.11 01:04:49.363,1.05067,1.05089
2013.03.11 01:04:49.423,1.05067,1.05089
2013.03.11 01:04:49.484,1.05071,1.05093
2013.03.11 01:04:49.604,1.05073,1.05095
2013.03.11 01:04:49.783,1.05074,1.05096
2013.03.11 01:04:49.964,1.05075,1.05099
2013.03.11 01:04:50.206,1.05076,1.05099
2013.03.11 01:04:50.984,1.05074,1.05098
2013.03.11 01:04:51.163,1.05072,1.05093
2013.03.11 01:04:51.862,1.05072,1.05093
2013.03.11 01:05:01.573,1.0507,1.0509
2013.03.11 01:05:01.634,1.05069,1.0509
2013.03.11 01:05:01.755,1.05069,1.05089
2013.03.11 01:05:02.085,1.05068,1.05089
2013.03.11 01:05:08.127,1.05069,1.05092
2013.03.11 01:05:12.465,1.05069,1.0509
2013.03.11 01:05:13.186,1.05069,1.0509
2013.03.11 01:05:33.390,1.0507,1.05091
2013.03.11 01:05:37.603,1.0507,1.05094
2013.03.11 01:05:37.663,1.0507,1.05094
2013.03.11 01:05:37.784,1.05073,1.05094
2013.03.11 01:05:37.966,1.05077,1.051
2013.03.11 01:05:42.733,1.05078,1.051
2013.03.11 01:05:44.117,1.05078,1.05099
2013.03.11 01:05:44.540,1.05076,1.05098
2013.03.11 01:05:44.673,1.05077,1.05099
2013.03.11 01:05:45.293,1.05077,1.05099
2013.03.11 01:05:47.755,1.05076,1.05097
2013.03.11 01:05:49.431,1.05076,1.05097
2013.03.11 01:06:02.804,1.05076,1.051
2013.03.11 01:06:05.185,1.05076,1.05098
2013.03.11 01:06:18.144,1.05076,1.05096
2013.03.11 01:06:30.876,1.05072,1.05094
2013.03.11 01:06:30.934,1.05072,1.05094
2013.03.11 01:06:31.055,1.05072,1.05093
2013.03.11 01:06:32.882,1.05072,1.05093
2013.03.11 01:06:33.669,1.05072,1.05093
2013.03.11 01:06:36.589,1.05072,1.05093
2013.03.11 01:06:36.654,1.05071,1.05093
2013.03.11 01:06:36.893,1.05071,1.05093
2013.03.11 01:06:36.954,1.05071,1.05093
2013.03.11 01:06:37.424,1.05071,1.05088
2013.03.11 01:06:37.483,1.05069,1.05088
2013.03.11 01:06:38.046,1.05069,1.05088
2013.03.11 01:06:38.474,1.05068,1.05088
2013.03.11 01:06:40.111,1.05068,1.05089
2013.03.11 01:06:40.295,1.05069,1.05091
2013.03.11 01:06:40.414,1.05069,1.0509
2013.03.11 01:06:40.534,1.05069,1.05089
2013.03.11 01:06:41.220,1.05067,1.05087
2013.03.11 01:06:49.573,1.05067,1.0509
2013.03.11 01:06:50.054,1.05074,1.05093
2013.03.11 01:06:51.802,1.05072,1.05092
2013.03.11 01:06:53.809,1.05072,1.05092
2013.03.11 01:06:55.622,1.05071,1.05089
2013.03.11 01:06:55.685,1.05071,1.05092
2013.03.11 01:06:56.699,1.05073,1.05095
2013.03.11 01:07:09.983,1.05074,1.05096
2013.03.11 01:08:05.113,1.05074,1.05096
2013.03.11 01:08:07.583,1.05074,1.05096
2013.03.11 01:08:09.997,1.05078,1.05097
2013.03.11 01:08:10.196,1.05082,1.05097
2013.03.11 01:08:10.445,1.05082,1.05097
2013.03.11 01:08:10.504,1.05086,1.05097
2013.03.11 01:08:10.685,1.05085,1.05105
2013.03.11 01:08:11.224,1.05084,1.05105
2013.03.11 01:08:14.094,1.05082,1.05104
2013.03.11 01:08:14.214,1.0508,1.05101
2013.03.11 01:08:14.275,1.0508,1.05101
2013.03.11 01:08:14.871,1.0508,1.05101
2013.03.11 01:08:15.540,1.0508,1.05101
2013.03.11 01:08:20.355,1.05082,1.05103
2013.03.11 01:08:20.534,1.05084,1.05106
2013.03.11 01:08:20.594,1.05084,1.05106
2013.03.11 01:08:22.404,1.05085,1.05106
2013.03.11 01:08:22.886,1.05089,1.05106
2013.03.11 01:08:23.064,1.05089,1.05106
2013.03.11 01:08:40.761,1.05089,1.05111
2013.03.11 01:08:41.376,1.0509,1.05112
2013.03.11 01:08:42.076,1.05089,1.05109
2013.03.11 01:08:42.414,1.05086,1.05109
2013.03.11 01:08:43.648,1.05087,1.05109
2013.03.11 01:08:43.718,1.05087,1.05109
2013.03.11 01:08:44.518,1.0509,1.05109
2013.03.11 01:08:45.029,1.0509,1.05109
2013.03.11 01:08:45.664,1.0509,1.05109
2013.03.11 01:08:50.146,1.05088,1.05109
2013.03.11 01:08:52.695,1.05088,1.05109
2013.03.11 01:08:52.754,1.05085,1.05108
2013.03.11 01:08:52.934,1.05084,1.05104
2013.03.11 01:08:52.995,1.05082,1.05102
2013.03.11 01:08:53.395,1.0508,1.05101
2013.03.11 01:08:53.454,1.0508,1.05099
2013.03.11 01:08:53.815,1.05077,1.05099
2013.03.11 01:08:54.444,1.05077,1.05096
2013.03.11 01:08:55.302,1.05075,1.05096
2013.03.11 01:08:56.064,1.05075,1.05096
2013.03.11 01:08:56.245,1.05076,1.05098
2013.03.11 01:08:56.545,1.05079,1.05098
2013.03.11 01:08:56.665,1.0508,1.05101
2013.03.11 01:08:57.161,1.0508,1.05102
2013.03.11 01:08:57.654,1.05082,1.05106
2013.03.11 01:08:57.714,1.05087,1.05109
2013.03.11 01:09:00.044,1.05087,1.05109
2013.03.11 01:09:01.044,1.05085,1.05106
2013.03.11 01:09:01.884,1.05081,1.05102
2013.03.11 01:09:02.196,1.0508,1.05099
2013.03.11 01:09:03.012,1.0508,1.05099
2013.03.11 01:09:04.905,1.0508,1.05103
2013.03.11 01:09:05.386,1.0508,1.05103
2013.03.11 01:09:05.574,1.05082,1.05104
2013.03.11 01:09:05.694,1.05082,1.05104
2013.03.11 01:09:05.935,1.05082,1.05104
2013.03.11 01:09:06.114,1.05082,1.05103
2013.03.11 01:09:06.234,1.05082,1.05103
2013.03.11 01:09:06.594,1.05081,1.05103
2013.03.11 01:09:08.681,1.05081,1.05103
2013.03.11 01:09:08.754,1.05081,1.05103
2013.03.11 01:09:09.065,1.05081,1.05103
2013.03.11 01:09:09.125,1.0508,1.05103
2013.03.11 01:09:09.184,1.0508,1.05103
2013.03.11 01:09:11.487,1.0508,1.05102
2013.03.11 01:09:12.597,1.0508,1.05102
2013.03.11 01:09:13.173,1.0508,1.05102
2013.03.11 01:09:15.303,1.05078,1.05098
2013.03.11 01:09:15.363,1.05078,1.05097
2013.03.11 01:09:16.962,1.05075,1.05096
2013.03.11 01:09:17.535,1.05075,1.05096
2013.03.11 01:09:17.839,1.05073,1.05094
2013.03.11 01:09:18.010,1.05073,1.05094
2013.03.11 01:09:20.664,1.05073,1.05095
2013.03.11 01:09:21.680,1.05073,1.05095
2013.03.11 01:09:22.294,1.05073,1.05093
2013.03.11 01:09:22.604,1.05074,1.05096
2013.03.11 01:09:23.234,1.05074,1.05096
2013.03.11 01:09:24.083,1.05078,1.05101
2013.03.11 01:09:30.943,1.05079,1.05101
2013.03.11 01:09:32.016,1.05079,1.05101
2013.03.11 01:09:34.934,1.05078,1.05097
2013.03.11 01:09:35.317,1.05078,1.05097
2013.03.11 01:09:35.763,1.05078,1.05099
2013.03.11 01:09:35.945,1.05077,1.05095
2013.03.11 01:09:36.004,1.05076,1.05095
2013.03.11 01:09:36.184,1.05074,1.05093
2013.03.11 01:09:36.925,1.05072,1.05093
2013.03.11 01:09:38.933,1.05071,1.05093
2013.03.11 01:09:40.505,1.05071,1.05087
2013.03.11 01:09:41.275,1.05071,1.0509
2013.03.11 01:09:41.826,1.0507,1.0509
2013.03.11 01:09:42.485,1.05072,1.05094
2013.03.11 01:09:44.024,1.05071,1.05092
2013.03.11 01:09:44.193,1.05071,1.05092
2013.03.11 01:09:44.924,1.0507,1.05088
2013.03.11 01:09:45.254,1.05069,1.05086
2013.03.11 01:09:46.672,1.0507,1.05092
2013.03.11 01:09:46.733,1.0507,1.05092
2013.03.11 01:09:51.264,1.05071,1.05092
2013.03.11 01:09:51.564,1.05072,1.05093
2013.03.11 01:09:51.684,1.05071,1.05092
2013.03.11 01:09:54.633,1.05071,1.05092
2013.03.11 01:09:57.135,1.05072,1.05093
2013.03.11 01:09:57.440,1.05072,1.05093
2013.03.11 01:09:57.784,1.05071,1.05086
2013.03.11 01:09:57.975,1.05071,1.05091
2013.03.11 01:09:58.034,1.05071,1.05091
2013.03.11 01:10:01.723,1.05071,1.05094
2013.03.11 01:10:03.205,1.05071,1.05094
2013.03.11 01:10:03.651,1.05071,1.05094
2013.03.11 01:10:06.234,1.05074,1.05088
2013.03.11 01:10:06.535,1.05072,1.05094
2013.03.11 01:10:06.833,1.05071,1.05092
2013.03.11 01:10:07.544,1.05071,1.05093
2013.03.11 01:10:08.514,1.05071,1.05093
2013.03.11 01:10:18.005,1.05073,1.05094
2013.03.11 01:10:18.434,1.05073,1.05094
2013.03.11 01:10:24.311,1.0507,1.05091
2013.03.11 01:10:24.913,1.0507,1.05091
2013.03.11 01:10:26.264,1.05069,1.05087
2013.03.11 01:10:26.324,1.05067,1.05087
2013.03.11 01:10:32.295,1.05067,1.05088
2013.03.11 01:10:32.504,1.05067,1.05088
2013.03.11 01:10:34.944,1.05067,1.05091
2013.03.11 01:10:35.165,1.05067,1.05086
2013.03.11 01:10:36.819,1.05068,1.05086
2013.03.11 01:10:37.184,1.05071,1.05091
2013.03.11 01:10:37.245,1.05071,1.05092
2013.03.11 01:10:37.452,1.05072,1.05091
2013.03.11 01:10:37.724,1.05072,1.05092
2013.03.11 01:10:45.744,1.05072,1.05091
2013.03.11 01:10:45.923,1.05072,1.05091
2013.03.11 01:10:52.961,1.05072,1.05091
2013.03.11 01:10:57.980,1.05072,1.05091
2013.03.11 01:10:58.050,1.05072,1.05091
2013.03.11 01:11:02.665,1.05072,1.05094
2013.03.11 01:11:03.338,1.05072,1.05095
2013.03.11 01:11:10.434,1.05071,1.05093
2013.03.11 01:11:10.509,1.05071,1.05091
2013.03.11 01:11:11.958,1.05071,1.05091
2013.03.11 01:11:18.075,1.05071,1.05091
2013.03.11 01:11:18.624,1.05069,1.05091
2013.03.11 01:11:18.744,1.05066,1.05088
2013.03.11 01:11:18.986,1.05064,1.05086
2013.03.11 01:11:19.415,1.05064,1.05088
2013.03.11 01:11:19.477,1.05064,1.05088
2013.03.11 01:11:20.198,1.05064,1.05087
2013.03.11 01:11:20.367,1.05064,1.05086
2013.03.11 01:11:20.496,1.05062,1.05082
2013.03.11 01:11:20.805,1.05063,1.05085
2013.03.11 01:11:31.204,1.05063,1.05084
2013.03.11 01:11:31.264,1.05063,1.05084
2013.03.11 01:11:31.624,1.05062,1.05082
2013.03.11 01:11:32.348,1.05062,1.0508
2013.03.11 01:11:36.604,1.05062,1.05078
2013.03.11 01:11:36.908,1.05062,1.0508
2013.03.11 01:11:37.036,1.05062,1.05083
2013.03.11 01:11:37.097,1.05062,1.0508
2013.03.11 01:11:37.730,1.05062,1.0508
2013.03.11 01:11:38.408,1.05062,1.0508
2013.03.11 01:11:41.751,1.05062,1.05077
2013.03.11 01:11:44.684,1.05062,1.05077
2013.03.11 01:11:44.806,1.05062,1.05077
2013.03.11 01:11:44.938,1.05062,1.05077
2013.03.11 01:11:45.464,1.05062,1.05083
2013.03.11 01:11:51.604,1.05062,1.05081
2013.03.11 01:11:51.786,1.05062,1.05081
2013.03.11 01:12:05.145,1.05062,1.05082
2013.03.11 01:12:10.816,1.05062,1.05081
2013.03.11 01:12:11.174,1.05063,1.05085
2013.03.11 01:12:30.074,1.05063,1.05083
2013.03.11 01:12:30.195,1.05063,1.05082
2013.03.11 01:12:30.376,1.05059,1.05079
2013.03.11 01:12:30.735,1.0506,1.05082
2013.03.11 01:12:30.931,1.0506,1.05082
2013.03.11 01:12:31.301,1.05061,1.05082
2013.03.11 01:12:32.295,1.05061,1.05083
2013.03.11 01:12:34.890,1.05061,1.05083
2013.03.11 01:12:35.236,1.05063,1.05084
2013.03.11 01:12:35.881,1.05063,1.05085
2013.03.11 01:12:36.432,1.05063,1.05085
2013.03.11 01:12:36.744,1.05064,1.05086
2013.03.11 01:12:37.046,1.05065,1.05086
2013.03.11 01:12:37.356,1.05071,1.05086
2013.03.11 01:12:37.916,1.05071,1.05087
2013.03.11 01:12:38.335,1.05071,1.05087
2013.03.11 01:12:38.893,1.05071,1.05086
2013.03.11 01:12:39.654,1.0507,1.05087
2013.03.11 01:12:39.774,1.0507,1.05086
2013.03.11 01:12:41.416,1.0507,1.05086
2013.03.11 01:12:41.928,1.0507,1.05086
2013.03.11 01:12:42.610,1.0507,1.05086
2013.03.11 01:12:44.654,1.0507,1.05086
2013.03.11 01:12:47.005,1.05069,1.05087
2013.03.11 01:12:48.478,1.05069,1.05087
2013.03.11 01:12:48.724,1.05068,1.05086
2013.03.11 01:12:48.845,1.05068,1.05086
2013.03.11 01:12:48.905,1.05064,1.05085
2013.03.11 01:12:48.965,1.05064,1.05086
2013.03.11 01:12:49.085,1.05064,1.05085
2013.03.11 01:12:49.504,1.05064,1.05086
2013.03.11 01:12:49.625,1.05063,1.05086
2013.03.11 01:12:49.685,1.05063,1.05083
2013.03.11 01:12:49.745,1.05063,1.05083
2013.03.11 01:12:50.345,1.05063,1.05084
2013.03.11 01:12:50.924,1.05063,1.05084
2013.03.11 01:12:51.856,1.05063,1.05084
2013.03.11 01:12:55.605,1.05063,1.05084
2013.03.11 01:12:55.793,1.05063,1.05086
2013.03.11 01:12:55.914,1.05063,1.05086
2013.03.11 01:12:56.035,1.05063,1.05084
2013.03.11 01:12:56.615,1.05062,1.05084
2013.03.11 01:12:56.863,1.05062,1.05086
2013.03.11 01:13:05.025,1.05063,1.05085
2013.03.11 01:13:06.134,1.05063,1.05085
2013.03.11 01:13:06.255,1.05063,1.05083
2013.03.11 01:13:06.856,1.05063,1.05084
2013.03.11 01:13:08.858,1.05061,1.05084
2013.03.11 01:13:09.172,1.05061,1.05081
2013.03.11 01:13:09.708,1.05061,1.05081
2013.03.11 01:13:10.055,1.05059,1.05083
2013.03.11 01:13:11.055,1.05059,1.05083
2013.03.11 01:13:12.321,1.05059,1.05083
2013.03.11 01:13:12.815,1.05059,1.05079
2013.03.11 01:13:13.365,1.05059,1.05079
2013.03.11 01:13:13.854,1.05059,1.05079
2013.03.11 01:13:14.096,1.05062,1.05082
2013.03.11 01:13:14.155,1.05062,1.05083
2013.03.11 01:13:14.275,1.05062,1.05083
2013.03.11 01:13:14.781,1.05062,1.05083
2013.03.11 01:13:15.505,1.05061,1.0508
2013.03.11 01:13:15.745,1.05061,1.05081
2013.03.11 01:13:15.865,1.05062,1.05081
2013.03.11 01:13:15.925,1.05062,1.05084
2013.03.11 01:13:16.474,1.05064,1.05087
2013.03.11 01:13:16.594,1.05064,1.05085
2013.03.11 01:13:16.715,1.05062,1.05082
2013.03.11 01:13:17.075,1.05061,1.05082
2013.03.11 01:13:17.195,1.05061,1.05081
2013.03.11 01:13:17.374,1.05061,1.05079
2013.03.11 01:13:17.434,1.05061,1.05079
2013.03.11 01:13:17.495,1.05061,1.05079
2013.03.11 01:13:19.245,1.05057,1.05078
2013.03.11 01:13:19.604,1.05057,1.05072
2013.03.11 01:13:20.161,1.05057,1.05072
2013.03.11 01:13:25.735,1.05056,1.05078
2013.03.11 01:13:25.980,1.05057,1.0508
2013.03.11 01:13:26.535,1.0506,1.05081
2013.03.11 01:13:27.139,1.0506,1.05081
2013.03.11 01:13:27.674,1.0506,1.05083
2013.03.11 01:13:28.765,1.05061,1.05084
2013.03.11 01:13:29.628,1.05061,1.05084
2013.03.11 01:13:31.924,1.05065,1.05085
2013.03.11 01:13:34.675,1.05065,1.05083
2013.03.11 01:13:34.735,1.05062,1.05083
2013.03.11 01:13:36.245,1.05062,1.05081
2013.03.11 01:13:36.845,1.05062,1.05084
2013.03.11 01:13:44.485,1.05061,1.05083
2013.03.11 01:13:45.230,1.05061,1.05082
2013.03.11 01:13:46.145,1.05059,1.05082
2013.03.11 01:13:55.345,1.05059,1.05081
2013.03.11 01:13:55.704,1.05059,1.05078
2013.03.11 01:13:57.959,1.05057,1.05078
2013.03.11 01:14:06.815,1.05057,1.05073
2013.03.11 01:14:07.015,1.05057,1.05077
2013.03.11 01:14:07.495,1.0506,1.05081
2013.03.11 01:14:07.915,1.05062,1.05083
2013.03.11 01:14:08.046,1.05062,1.05083
2013.03.11 01:14:08.224,1.05062,1.05083
2013.03.11 01:14:08.996,1.05062,1.05084
2013.03.11 01:14:09.590,1.05062,1.05084
2013.03.11 01:14:11.645,1.05062,1.05084
2013.03.11 01:14:12.756,1.05062,1.05085
2013.03.11 01:14:13.209,1.05062,1.05082
2013.03.11 01:14:14.164,1.05062,1.05083
2013.03.11 01:14:14.224,1.05062,1.05086
2013.03.11 01:14:14.535,1.05062,1.05084
2013.03.11 01:14:15.658,1.05062,1.05083
2013.03.11 01:14:22.347,1.05063,1.05084
2013.03.11 01:14:22.539,1.05062,1.05084
2013.03.11 01:14:23.097,1.05061,1.05079
2013.03.11 01:14:23.881,1.05058,1.05079
2013.03.11 01:14:28.396,1.05055,1.05077
2013.03.11 01:14:28.855,1.05057,1.05079
2013.03.11 01:14:29.035,1.05057,1.05079
2013.03.11 01:14:29.560,1.05057,1.05079
2013.03.11 01:14:32.754,1.05056,1.05078
2013.03.11 01:14:32.815,1.05056,1.05078
2013.03.11 01:14:37.705,1.05056,1.05078
2013.03.11 01:14:37.824,1.05057,1.05079
2013.03.11 01:14:38.551,1.05057,1.05078
2013.03.11 01:14:38.934,1.05055,1.05077
2013.03.11 01:14:39.605,1.05055,1.05077
2013.03.11 01:14:39.784,1.05056,1.05079
2013.03.11 01:14:40.025,1.05055,1.05076
2013.03.11 01:14:41.542,1.05055,1.05076
2013.03.11 01:14:41.785,1.05055,1.05078
2013.03.11 01:14:42.034,1.05054,1.05077
2013.03.11 01:14:42.845,1.05053,1.05076
2013.03.11 01:14:43.636,1.05054,1.05077
2013.03.11 01:14:43.755,1.05054,1.05079
2013.03.11 01:14:43.996,1.05054,1.05078
2013.03.11 01:14:44.056,1.05054,1.05078
2013.03.11 01:14:45.644,1.05056,1.05077
2013.03.11 01:14:45.765,1.05056,1.05078
2013.03.11 01:14:45.945,1.05056,1.05078
2013.03.11 01:14:49.045,1.05056,1.05078
2013.03.11 01:14:49.165,1.05056,1.05078
2013.03.11 01:14:50.686,1.05056,1.0508
2013.03.11 01:14:51.204,1.05057,1.0508
2013.03.11 01:14:52.365,1.05057,1.05077
2013.03.11 01:14:52.675,1.05056,1.05077
2013.03.11 01:14:53.035,1.05054,1.05073
2013.03.11 01:14:53.546,1.05054,1.05077
2013.03.11 01:15:02.785,1.05054,1.05078
2013.03.11 01:15:06.824,1.05056,1.05078
2013.03.11 01:15:07.005,1.0506,1.0508
2013.03.11 01:15:07.185,1.0506,1.05084
2013.03.11 01:15:07.245,1.05064,1.05086
2013.03.11 01:15:07.745,1.05068,1.05086
2013.03.11 01:15:09.147,1.05071,1.05086
2013.03.11 01:15:14.154,1.05073,1.05086
2013.03.11 01:15:16.695,1.05069,1.05086
2013.03.11 01:15:17.325,1.05068,1.05086
2013.03.11 01:15:33.465,1.05066,1.05086
2013.03.11 01:15:33.585,1.05066,1.05086
2013.03.11 01:15:33.724,1.05066,1.05088
2013.03.11 01:15:33.791,1.05066,1.05088
2013.03.11 01:15:33.915,1.05066,1.05086
2013.03.11 01:15:34.185,1.05066,1.05087
2013.03.11 01:15:42.154,1.05069,1.05087
2013.03.11 01:15:42.995,1.05069,1.05087
2013.03.11 01:15:46.875,1.05069,1.05093
2013.03.11 01:15:47.076,1.05073,1.05094
2013.03.11 01:15:49.544,1.05073,1.05093
2013.03.11 01:15:51.445,1.05073,1.05093
2013.03.11 01:15:52.244,1.05073,1.05093
2013.03.11 01:15:52.916,1.05073,1.05097
2013.03.11 01:15:53.116,1.05073,1.05097
2013.03.11 01:15:53.236,1.05073,1.05097
2013.03.11 01:15:53.549,1.05073,1.05097
2013.03.11 01:15:53.674,1.05073,1.05096
2013.03.11 01:15:53.975,1.05073,1.05097
2013.03.11 01:15:54.035,1.05075,1.05097
2013.03.11 01:15:54.395,1.05075,1.05097
2013.03.11 01:15:54.456,1.05078,1.05097
2013.03.11 01:15:54.995,1.05079,1.05097
2013.03.11 01:15:55.405,1.05082,1.05097
2013.03.11 01:15:55.906,1.05082,1.05105
2013.03.11 01:15:56.027,1.05086,1.05107
2013.03.11 01:15:56.395,1.05087,1.05109
2013.03.11 01:15:56.456,1.05088,1.0511
2013.03.11 01:15:56.636,1.05092,1.05111
2013.03.11 01:15:59.882,1.05092,1.05102
2013.03.11 01:15:59.945,1.05086,1.05099
2013.03.11 01:16:00.067,1.05076,1.05096
2013.03.11 01:16:00.135,1.05076,1.05096
2013.03.11 01:16:00.358,1.05076,1.05096
2013.03.11 01:16:00.425,1.05076,1.05096
2013.03.11 01:16:00.967,1.05074,1.05094
2013.03.11 01:16:01.025,1.05073,1.05094
2013.03.11 01:16:01.515,1.05069,1.0509
2013.03.11 01:16:01.576,1.05069,1.0509
2013.03.11 01:16:01.695,1.05065,1.05086
2013.03.11 01:16:01.875,1.05063,1.05086
2013.03.11 01:16:02.237,1.05062,1.05082
2013.03.11 01:16:02.803,1.05062,1.05082
2013.03.11 01:16:05.974,1.05062,1.05083
2013.03.11 01:16:07.215,1.05062,1.05083
2013.03.11 01:16:07.805,1.05065,1.05087
2013.03.11 01:16:08.045,1.05065,1.05087
2013.03.11 01:16:11.108,1.05065,1.05083
2013.03.11 01:16:12.715,1.05065,1.05087
2013.03.11 01:16:13.267,1.05063,1.05085
2013.03.11 01:16:13.873,1.05063,1.05085
2013.03.11 01:16:16.285,1.05063,1.05084
2013.03.11 01:16:16.825,1.05061,1.05083
2013.03.11 01:16:17.246,1.05057,1.05078
2013.03.11 01:16:17.636,1.05057,1.05077
2013.03.11 01:16:18.076,1.05055,1.05076
2013.03.11 01:16:18.605,1.05053,1.05073
2013.03.11 01:16:18.725,1.05056,1.05079
2013.03.11 01:16:18.965,1.05056,1.05079
2013.03.11 01:16:19.530,1.05056,1.05079
2013.03.11 01:16:19.606,1.05059,1.05079
2013.03.11 01:16:19.825,1.0506,1.05081
2013.03.11 01:16:19.944,1.05062,1.05082
2013.03.11 01:16:20.124,1.05062,1.05083
2013.03.11 01:16:20.836,1.05062,1.05084
2013.03.11 01:16:21.191,1.05062,1.05084
2013.03.11 01:16:28.156,1.05062,1.05084
2013.03.11 01:16:28.820,1.05062,1.05086
2013.03.11 01:16:29.563,1.05065,1.05086
2013.03.11 01:16:30.875,1.05067,1.05088
2013.03.11 01:16:30.935,1.05067,1.05089
2013.03.11 01:16:31.364,1.05068,1.05092
2013.03.11 01:16:31.486,1.0507,1.05092
2013.03.11 01:16:31.725,1.05071,1.05097
2013.03.11 01:16:32.673,1.05077,1.05099
2013.03.11 01:16:41.704,1.05077,1.05099
2013.03.11 01:16:41.824,1.05076,1.05098
2013.03.11 01:16:43.615,1.05076,1.05098
2013.03.11 01:16:44.722,1.05077,1.05099
2013.03.11 01:16:45.968,1.05077,1.05099
2013.03.11 01:16:47.394,1.05079,1.05099
2013.03.11 01:16:47.470,1.05079,1.05102
2013.03.11 01:16:48.435,1.05078,1.05102
2013.03.11 01:16:50.643,1.05079,1.05101
2013.03.11 01:16:51.242,1.05078,1.05099
2013.03.11 01:16:55.126,1.05078,1.05099
2013.03.11 01:16:56.966,1.05075,1.05097
2013.03.11 01:16:58.895,1.05077,1.05099
2013.03.11 01:16:59.446,1.05077,1.05101
2013.03.11 01:17:00.810,1.05077,1.05101
2013.03.11 01:17:01.094,1.05079,1.05103
2013.03.11 01:17:01.596,1.05078,1.05102
2013.03.11 01:17:03.207,1.05079,1.05103
2013.03.11 01:17:08.136,1.05081,1.05105
2013.03.11 01:17:09.254,1.05082,1.05105
2013.03.11 01:17:10.744,1.05082,1.05103
2013.03.11 01:17:20.954,1.05082,1.05103
2013.03.11 01:17:25.985,1.05082,1.05103
2013.03.11 01:17:26.111,1.05082,1.05102
2013.03.11 01:17:26.307,1.05078,1.05099
2013.03.11 01:17:26.516,1.05076,1.05097
2013.03.11 01:17:26.576,1.05076,1.05096
2013.03.11 01:17:26.816,1.05073,1.05095
2013.03.11 01:17:26.935,1.05073,1.05095
2013.03.11 01:17:27.449,1.05071,1.05093
2013.03.11 01:17:37.576,1.05068,1.05089
2013.03.11 01:17:37.986,1.05065,1.05086
2013.03.11 01:17:38.046,1.05065,1.05086
2013.03.11 01:17:38.165,1.05065,1.05087
2013.03.11 01:17:38.465,1.05067,1.05091
2013.03.11 01:17:39.115,1.05067,1.05091
2013.03.11 01:17:42.444,1.05067,1.05089
2013.03.11 01:17:50.015,1.05066,1.05086
2013.03.11 01:17:50.608,1.05066,1.05086
2013.03.11 01:17:58.178,1.05066,1.05087
2013.03.11 01:17:59.595,1.05067,1.05089
2013.03.11 01:18:02.679,1.05067,1.05088
2013.03.11 01:18:07.400,1.05067,1.05088
2013.03.11 01:18:12.017,1.05066,1.05085
2013.03.11 01:18:38.587,1.05066,1.05083
2013.03.11 01:18:40.578,1.05062,1.0508
2013.03.11 01:18:41.410,1.05061,1.05079
2013.03.11 01:18:44.115,1.05059,1.05078
2013.03.11 01:18:44.416,1.05057,1.05075
2013.03.11 01:18:44.714,1.05057,1.05078
2013.03.11 01:18:46.889,1.05059,1.05078
2013.03.11 01:18:47.865,1.05058,1.05075
2013.03.11 01:18:48.046,1.05053,1.05073
2013.03.11 01:18:48.645,1.05053,1.05073
2013.03.11 01:18:54.166,1.05052,1.05069
2013.03.11 01:18:55.593,1.05052,1.05069
2013.03.11 01:18:56.585,1.05052,1.05069
2013.03.11 01:18:57.946,1.05052,1.0507
2013.03.11 01:18:58.185,1.05051,1.05072
2013.03.11 01:18:58.485,1.05052,1.05072
2013.03.11 01:19:12.635,1.05058,1.05073
2013.03.11 01:19:14.392,1.05058,1.05073
2013.03.11 01:19:22.815,1.05058,1.05073
2013.03.11 01:19:25.457,1.05058,1.05073
2013.03.11 01:19:32.815,1.05059,1.05073
2013.03.11 01:19:34.425,1.05059,1.05073
2013.03.11 01:19:34.855,1.05057,1.05078
2013.03.11 01:19:35.293,1.05059,1.05078
2013.03.11 01:19:36.787,1.05059,1.05078
2013.03.11 01:19:36.985,1.05057,1.05078
2013.03.11 01:19:37.661,1.05057,1.05076
2013.03.11 01:19:38.163,1.05057,1.05076
2013.03.11 01:19:42.776,1.05058,1.05078
2013.03.11 01:19:43.659,1.05058,1.05076
2013.03.11 01:19:45.465,1.05057,1.05075
2013.03.11 01:19:47.855,1.05054,1.05073
2013.03.11 01:19:47.975,1.05054,1.05073
2013.03.11 01:19:48.286,1.05056,1.05071
2013.03.11 01:19:50.705,1.05057,1.05071
2013.03.11 01:19:50.855,1.05057,1.05074
2013.03.11 01:19:51.675,1.05057,1.05074
2013.03.11 01:19:52.185,1.05056,1.05078
2013.03.11 01:19:52.515,1.05058,1.05079
2013.03.11 01:19:52.837,1.0506,1.05078
2013.03.11 01:19:55.039,1.05058,1.05078
2013.03.11 01:19:57.508,1.05058,1.05078
2013.03.11 01:19:58.053,1.05057,1.05078
2013.03.11 01:19:59.983,1.05057,1.05078
2013.03.11 01:20:01.248,1.05057,1.05078
2013.03.11 01:20:01.395,1.05057,1.05078
2013.03.11 01:20:02.687,1.05057,1.05078
2013.03.11 01:20:05.047,1.05058,1.0508
2013.03.11 01:20:05.565,1.05058,1.0508
2013.03.11 01:20:06.561,1.05056,1.05079
2013.03.11 01:20:10.095,1.05058,1.05079
2013.03.11 01:20:10.335,1.05061,1.05083
2013.03.11 01:20:10.886,1.05063,1.05084
2013.03.11 01:20:10.946,1.05063,1.05084
2013.03.11 01:20:12.582,1.05064,1.05085
2013.03.11 01:20:13.155,1.05064,1.05084
2013.03.11 01:20:13.485,1.05062,1.05082
2013.03.11 01:20:13.727,1.05062,1.05082
2013.03.11 01:20:14.255,1.05059,1.05082
2013.03.11 01:20:14.561,1.05058,1.05077
2013.03.11 01:20:18.137,1.05058,1.05077
2013.03.11 01:20:34.295,1.05058,1.05078
2013.03.11 01:20:41.020,1.05053,1.05076
2013.03.11 01:20:44.227,1.05053,1.05076
2013.03.11 01:20:44.944,1.05053,1.05078
2013.03.11 01:20:51.360,1.05056,1.05078
2013.03.11 01:20:51.885,1.05056,1.05078
2013.03.11 01:20:53.056,1.05056,1.05078
2013.03.11 01:20:53.630,1.05056,1.05078
2013.03.11 01:20:54.164,1.05055,1.05077
2013.03.11 01:20:55.036,1.05054,1.05077
2013.03.11 01:21:03.238,1.05054,1.05077
2013.03.11 01:21:03.437,1.05052,1.05075
2013.03.11 01:21:03.787,1.05054,1.05077
2013.03.11 01:21:24.467,1.05055,1.05077
2013.03.11 01:21:25.128,1.05055,1.05079
2013.03.11 01:21:26.206,1.05056,1.05078
2013.03.11 01:21:28.236,1.05056,1.05078
2013.03.11 01:21:28.299,1.05054,1.05075
2013.03.11 01:21:29.286,1.05054,1.05077
2013.03.11 01:21:33.136,1.05054,1.05074
2013.03.11 01:21:33.881,1.05053,1.05074
2013.03.11 01:21:34.546,1.05054,1.05074
2013.03.11 01:21:35.691,1.05054,1.05072
2013.03.11 01:21:36.026,1.0505,1.05071
2013.03.11 01:21:36.446,1.05051,1.05067
2013.03.11 01:21:36.857,1.0505,1.05067
2013.03.11 01:21:37.337,1.05046,1.05066
2013.03.11 01:21:39.216,1.05046,1.05067
2013.03.11 01:21:45.015,1.05046,1.05067
2013.03.11 01:21:46.986,1.05045,1.05068
2013.03.11 01:21:47.166,1.05048,1.05068
2013.03.11 01:21:56.294,1.0505,1.05068
2013.03.11 01:21:57.005,1.05049,1.05069
2013.03.11 01:22:27.486,1.05049,1.05071
2013.03.11 01:22:27.609,1.05049,1.05071
2013.03.11 01:22:31.105,1.05051,1.05073
2013.03.11 01:22:31.226,1.05052,1.05073
2013.03.11 01:22:31.287,1.05052,1.05073
2013.03.11 01:22:31.356,1.05052,1.05076
2013.03.11 01:22:32.113,1.05052,1.05076
2013.03.11 01:22:46.055,1.05052,1.05075
2013.03.11 01:22:46.815,1.05051,1.05071
2013.03.11 01:22:47.009,1.05053,1.05076
2013.03.11 01:22:51.956,1.05053,1.05075
2013.03.11 01:22:58.856,1.05053,1.05075
2013.03.11 01:22:59.096,1.05055,1.05077
2013.03.11 01:22:59.156,1.05055,1.05075
2013.03.11 01:22:59.417,1.05056,1.05077
2013.03.11 01:22:59.477,1.05057,1.05077
2013.03.11 01:22:59.536,1.05058,1.0508
2013.03.11 01:22:59.895,1.05058,1.05079
2013.03.11 01:23:11.506,1.05057,1.05078
2013.03.11 01:23:17.836,1.05054,1.05076
2013.03.11 01:23:19.335,1.05054,1.05076
2013.03.11 01:23:31.545,1.05056,1.05079
2013.03.11 01:23:32.165,1.05056,1.05079
2013.03.11 01:23:35.256,1.05057,1.05079
2013.03.11 01:23:48.247,1.05056,1.05077
2013.03.11 01:23:52.316,1.05056,1.05077
2013.03.11 01:23:52.453,1.05056,1.05079
2013.03.11 01:23:58.766,1.05056,1.05079
2013.03.11 01:24:13.417,1.05057,1.05079
2013.03.11 01:24:13.777,1.0506,1.05079
