Time,Bid,Ask
2013.03.08 00:00:03.463,1.05735,1.05762
2013.03.08 00:00:07.185,1.05739,1.05765
2013.03.08 00:00:07.483,1.05739,1.05765
2013.03.08 00:00:09.576,1.05739,1.05766
2013.03.08 00:00:09.885,1.05739,1.05765
2013.03.08 00:00:10.427,1.05739,1.05765
2013.03.08 00:00:12.153,1.05737,1.05764
2013.03.08 00:00:16.905,1.05735,1.05761
2013.03.08 00:00:17.229,1.05735,1.05759
2013.03.08 00:00:20.265,1.05733,1.05758
2013.03.08 00:00:22.454,1.0573,1.05754
2013.03.08 00:00:22.874,1.05728,1.05754
2013.03.08 00:00:22.935,1.05728,1.05754
2013.03.08 00:00:23.515,1.05723,1.05749
2013.03.08 00:00:32.843,1.05723,1.0575
2013.03.08 00:00:33.089,1.05725,1.0575
2013.03.08 00:00:33.215,1.05723,1.0575
2013.03.08 00:00:33.731,1.05723,1.0575
2013.03.08 00:00:43.153,1.05723,1.0575
2013.03.08 00:00:48.746,1.0573,1.05754
2013.03.08 00:00:48.804,1.05727,1.05754
2013.03.08 00:00:53.074,1.05731,1.05754
2013.03.08 00:00:54.555,1.05728,1.05754
2013.03.08 00:00:55.150,1.0573,1.05755
2013.03.08 00:00:56.064,1.05727,1.05754
2013.03.08 00:01:00.913,1.05727,1.05754
2013.03.08 00:01:01.033,1.05732,1.05758
2013.03.08 00:01:01.415,1.05732,1.05758
2013.03.08 00:01:02.094,1.05732,1.0576
2013.03.08 00:01:02.633,1.05734,1.0576
2013.03.08 00:01:11.777,1.05734,1.05759
2013.03.08 00:01:14.114,1.05732,1.05758
2013.03.08 00:01:14.295,1.05732,1.05757
2013.03.08 00:01:16.415,1.0573,1.05757
2013.03.08 00:01:16.595,1.0573,1.05754
2013.03.08 00:01:16.655,1.0573,1.05755
2013.03.08 00:01:17.025,1.0573,1.05752
2013.03.08 00:01:17.985,1.05724,1.05748
2013.03.08 00:01:18.104,1.05721,1.05747
2013.03.08 00:01:18.284,1.05721,1.05747
2013.03.08 00:01:19.844,1.05721,1.05747
2013.03.08 00:01:20.458,1.05721,1.05743
2013.03.08 00:01:26.665,1.05717,1.05742
2013.03.08 00:01:29.464,1.0572,1.05743
2013.03.08 00:01:33.364,1.05722,1.05746
2013.03.08 00:01:33.969,1.05722,1.05748
2013.03.08 00:01:34.812,1.05722,1.05748
2013.03.08 00:01:37.175,1.05721,1.05748
2013.03.08 00:01:38.260,1.05722,1.05746
2013.03.08 00:01:38.575,1.05725,1.05749
2013.03.08 00:01:40.305,1.05721,1.05747
2013.03.08 00:01:40.812,1.05723,1.05747
2013.03.08 00:01:41.405,1.05723,1.05748
2013.03.08 00:01:47.074,1.05727,1.0575
2013.03.08 00:01:47.384,1.05732,1.0575
2013.03.08 00:01:49.384,1.05727,1.05751
2013.03.08 00:01:57.114,1.05726,1.05748
2013.03.08 00:02:00.332,1.05724,1.05751
2013.03.08 00:02:00.671,1.05724,1.05751
2013.03.08 00:02:02.346,1.05728,1.05754
2013.03.08 00:02:13.124,1.05728,1.05755
2013.03.08 00:02:13.532,1.05729,1.05754
2013.03.08 00:02:13.715,1.05728,1.05754
2013.03.08 00:02:19.945,1.05732,1.05757
2013.03.08 00:02:20.484,1.05731,1.05754
2013.03.08 00:02:20.725,1.05731,1.05753
2013.03.08 00:02:21.125,1.05731,1.05753
2013.03.08 00:02:21.184,1.05727,1.05749
2013.03.08 00:02:21.246,1.05725,1.05749
2013.03.08 00:02:27.555,1.05727,1.05749
2013.03.08 00:02:27.646,1.05728,1.05749
2013.03.08 00:02:29.815,1.05724,1.05749
2013.03.08 00:02:36.454,1.05721,1.05747
2013.03.08 00:02:36.884,1.05721,1.05748
2013.03.08 00:02:37.395,1.05726,1.05752
2013.03.08 00:02:52.566,1.05725,1.05751
2013.03.08 00:02:53.024,1.05721,1.05747
2013.03.08 00:02:53.551,1.05721,1.05748
2013.03.08 00:02:54.094,1.05721,1.05748
2013.03.08 00:03:04.045,1.05721,1.05747
2013.03.08 00:03:04.399,1.05721,1.05747
2013.03.08 00:03:14.574,1.05722,1.05746
2013.03.08 00:03:14.874,1.05716,1.05735
2013.03.08 00:03:15.114,1.0571,1.05735
2013.03.08 00:03:15.965,1.05711,1.05736
2013.03.08 00:03:16.025,1.05712,1.05737
2013.03.08 00:03:34.844,1.05715,1.05733
2013.03.08 00:03:35.324,1.05711,1.05733
2013.03.08 00:03:35.384,1.05711,1.05733
2013.03.08 00:03:42.434,1.05704,1.0573
2013.03.08 00:03:43.044,1.05704,1.05729
2013.03.08 00:03:51.145,1.05707,1.05732
2013.03.08 00:03:51.524,1.05713,1.05732
2013.03.08 00:03:55.026,1.05709,1.05733
2013.03.08 00:04:08.644,1.0571,1.05734
2013.03.08 00:04:08.766,1.05706,1.05734
2013.03.08 00:04:09.065,1.05706,1.05732
2013.03.08 00:04:12.050,1.05704,1.05732
2013.03.08 00:04:12.365,1.05701,1.05727
2013.03.08 00:04:23.065,1.05703,1.05729
2013.03.08 00:04:23.244,1.0571,1.05733
2013.03.08 00:04:23.363,1.0571,1.05733
2013.03.08 00:04:23.484,1.0571,1.05733
2013.03.08 00:04:23.843,1.05708,1.05732
2013.03.08 00:04:23.904,1.05708,1.05732
2013.03.08 00:04:24.144,1.05705,1.05729
2013.03.08 00:04:26.834,1.05702,1.05729
2013.03.08 00:04:27.432,1.05702,1.05729
2013.03.08 00:04:39.330,1.05705,1.05729
2013.03.08 00:04:39.575,1.05707,1.05729
2013.03.08 00:04:52.692,1.05705,1.0573
2013.03.08 00:05:04.663,1.05703,1.05729
2013.03.08 00:05:05.193,1.05705,1.05729
2013.03.08 00:05:05.728,1.05705,1.05729
2013.03.08 00:05:11.995,1.05703,1.05729
2013.03.08 00:05:12.704,1.05702,1.05729
2013.03.08 00:05:14.674,1.05703,1.05729
2013.03.08 00:05:15.274,1.05702,1.0573
2013.03.08 00:05:22.305,1.05703,1.0573
2013.03.08 00:05:22.935,1.05703,1.05729
2013.03.08 00:05:23.553,1.05703,1.0573
2013.03.08 00:05:28.274,1.05703,1.05729
2013.03.08 00:05:59.714,1.05702,1.05728
2013.03.08 00:06:00.415,1.05702,1.05728
2013.03.08 00:06:01.515,1.05702,1.05728
2013.03.08 00:06:06.265,1.05702,1.05728
2013.03.08 00:06:15.293,1.057,1.05727
2013.03.08 00:06:20.443,1.057,1.05727
2013.03.08 00:06:27.781,1.05698,1.05727
2013.03.08 00:06:30.683,1.05699,1.05727
2013.03.08 00:06:32.854,1.05699,1.05725
2013.03.08 00:06:32.914,1.05699,1.05725
2013.03.08 00:06:33.035,1.057,1.05722
2013.03.08 00:06:33.154,1.05697,1.05722
2013.03.08 00:06:33.334,1.05697,1.05722
2013.03.08 00:06:34.808,1.057,1.05722
2013.03.08 00:06:34.935,1.05701,1.05724
2013.03.08 00:06:35.006,1.05701,1.05724
2013.03.08 00:06:35.065,1.05701,1.05724
2013.03.08 00:06:35.458,1.05699,1.05722
2013.03.08 00:06:36.495,1.05697,1.05722
2013.03.08 00:06:45.373,1.05699,1.05723
2013.03.08 00:06:45.495,1.05699,1.05723
2013.03.08 00:06:55.996,1.05701,1.05725
2013.03.08 00:06:59.337,1.05701,1.05725
2013.03.08 00:06:59.455,1.05701,1.05718
2013.03.08 00:06:59.575,1.05701,1.05718
2013.03.08 00:07:00.125,1.05697,1.05721
2013.03.08 00:07:02.609,1.05697,1.05721
2013.03.08 00:07:03.424,1.05696,1.05721
2013.03.08 00:07:10.339,1.05696,1.05721
2013.03.08 00:07:16.465,1.05692,1.05717
2013.03.08 00:07:18.547,1.05692,1.05717
2013.03.08 00:07:23.514,1.05691,1.05717
2013.03.08 00:07:24.445,1.05691,1.05717
2013.03.08 00:07:42.144,1.05691,1.05714
2013.03.08 00:07:42.916,1.05688,1.05712
2013.03.08 00:07:42.993,1.05688,1.05712
2013.03.08 00:07:43.594,1.05688,1.05712
2013.03.08 00:07:43.856,1.05688,1.05712
2013.03.08 00:07:44.566,1.05688,1.05712
2013.03.08 00:07:47.475,1.05688,1.05712
2013.03.08 00:07:58.057,1.05686,1.05709
2013.03.08 00:07:58.474,1.05684,1.05707
2013.03.08 00:07:58.746,1.05684,1.05707
2013.03.08 00:07:58.865,1.05687,1.05708
2013.03.08 00:07:59.374,1.05689,1.05712
2013.03.08 00:08:00.008,1.05689,1.05712
2013.03.08 00:08:00.574,1.05689,1.05713
2013.03.08 00:08:00.634,1.05692,1.05713
2013.03.08 00:08:00.945,1.05692,1.05713
2013.03.08 00:08:01.321,1.05695,1.05719
2013.03.08 00:08:01.625,1.057,1.05719
2013.03.08 00:08:01.686,1.05702,1.05719
2013.03.08 00:08:01.807,1.05702,1.05723
2013.03.08 00:08:01.865,1.05702,1.05724
2013.03.08 00:08:01.987,1.05703,1.05724
2013.03.08 00:08:02.295,1.05707,1.05726
2013.03.08 00:08:02.355,1.05707,1.05729
2013.03.08 00:08:02.416,1.05707,1.05729
2013.03.08 00:08:02.921,1.05712,1.05731
2013.03.08 00:08:03.045,1.05714,1.05735
2013.03.08 00:08:03.355,1.05716,1.05737
2013.03.08 00:08:17.145,1.05713,1.05735
2013.03.08 00:08:17.444,1.05713,1.05735
2013.03.08 00:08:18.735,1.05713,1.05735
2013.03.08 00:08:18.846,1.05716,1.05737
2013.03.08 00:08:19.375,1.05716,1.05737
2013.03.08 00:08:21.086,1.05713,1.05735
2013.03.08 00:08:21.760,1.05713,1.05735
2013.03.08 00:08:22.066,1.05706,1.05731
2013.03.08 00:08:22.135,1.05706,1.05731
2013.03.08 00:08:22.444,1.05706,1.05731
2013.03.08 00:08:26.975,1.05706,1.05729
2013.03.08 00:08:27.157,1.05706,1.05727
2013.03.08 00:08:27.821,1.05705,1.05727
2013.03.08 00:08:40.404,1.05706,1.0573
2013.03.08 00:08:58.346,1.05705,1.0573
2013.03.08 00:08:58.815,1.05703,1.05726
2013.03.08 00:08:59.305,1.057,1.05722
2013.03.08 00:09:00.181,1.05697,1.0572
2013.03.08 00:09:00.405,1.05697,1.0572
2013.03.08 00:09:00.937,1.05694,1.0572
2013.03.08 00:09:01.066,1.05694,1.0572
2013.03.08 00:09:01.693,1.0569,1.05713
2013.03.08 00:09:03.336,1.05692,1.05714
2013.03.08 00:09:03.634,1.05694,1.05718
2013.03.08 00:09:03.755,1.05696,1.05719
2013.03.08 00:09:03.945,1.05697,1.05723
2013.03.08 00:09:04.185,1.057,1.05726
2013.03.08 00:09:04.365,1.05707,1.05731
2013.03.08 00:09:04.485,1.05707,1.05732
2013.03.08 00:09:04.665,1.05712,1.05734
2013.03.08 00:09:05.161,1.05714,1.05738
2013.03.08 00:09:05.465,1.05713,1.05736
2013.03.08 00:09:05.524,1.05713,1.05736
2013.03.08 00:09:05.895,1.05714,1.05734
2013.03.08 00:09:06.075,1.05712,1.05734
2013.03.08 00:09:06.461,1.05711,1.05734
2013.03.08 00:09:07.124,1.0571,1.05734
2013.03.08 00:09:16.215,1.05711,1.05734
2013.03.08 00:09:16.575,1.05711,1.05735
2013.03.08 00:09:20.080,1.05711,1.05735
2013.03.08 00:09:22.675,1.05713,1.05738
2013.03.08 00:09:22.739,1.05716,1.05738
2013.03.08 00:09:23.045,1.05716,1.0574
2013.03.08 00:09:23.165,1.05719,1.05742
2013.03.08 00:09:23.465,1.05721,1.05745
2013.03.08 00:09:23.646,1.05723,1.05747
2013.03.08 00:09:26.658,1.05726,1.05749
2013.03.08 00:09:29.709,1.05726,1.05749
2013.03.08 00:09:42.642,1.05726,1.05749
2013.03.08 00:09:43.460,1.05726,1.05749
2013.03.08 00:09:47.415,1.05726,1.05749
2013.03.08 00:09:53.127,1.05725,1.05749
2013.03.08 00:10:03.645,1.05726,1.05749
2013.03.08 00:10:09.257,1.05726,1.05747
2013.03.08 00:10:09.626,1.0572,1.05742
2013.03.08 00:10:09.688,1.05717,1.05742
2013.03.08 00:10:09.823,1.05717,1.05742
2013.03.08 00:10:28.218,1.05714,1.05738
2013.03.08 00:10:48.698,1.05712,1.05735
2013.03.08 00:11:03.614,1.05708,1.05734
2013.03.08 00:11:04.096,1.05715,1.05739
2013.03.08 00:11:04.396,1.05716,1.05739
2013.03.08 00:11:04.636,1.05716,1.05739
2013.03.08 00:11:05.406,1.05714,1.05739
2013.03.08 00:11:05.669,1.05714,1.05739
2013.03.08 00:11:07.579,1.05714,1.05738
2013.03.08 00:11:07.646,1.05711,1.05734
2013.03.08 00:11:07.707,1.0571,1.05733
2013.03.08 00:11:08.187,1.0571,1.05733
2013.03.08 00:11:08.385,1.05708,1.05733
2013.03.08 00:11:08.505,1.05708,1.05732
2013.03.08 00:11:08.565,1.05708,1.05732
2013.03.08 00:11:08.805,1.05708,1.05732
2013.03.08 00:11:09.166,1.05708,1.05732
2013.03.08 00:11:09.225,1.05708,1.05732
2013.03.08 00:11:09.585,1.05708,1.05732
2013.03.08 00:11:09.896,1.05708,1.05732
2013.03.08 00:11:10.325,1.05708,1.05732
2013.03.08 00:11:10.448,1.05712,1.05735
2013.03.08 00:11:10.575,1.05712,1.05739
2013.03.08 00:11:10.756,1.05719,1.05743
2013.03.08 00:11:10.995,1.05719,1.05744
2013.03.08 00:11:13.645,1.05717,1.05743
2013.03.08 00:11:13.765,1.05717,1.05743
2013.03.08 00:11:13.826,1.05713,1.0574
2013.03.08 00:11:14.342,1.05713,1.05739
2013.03.08 00:11:14.676,1.05713,1.05739
2013.03.08 00:11:17.086,1.05718,1.05741
2013.03.08 00:11:17.884,1.05718,1.05742
2013.03.08 00:11:19.055,1.05718,1.0574
2013.03.08 00:11:20.457,1.05718,1.05742
2013.03.08 00:11:20.647,1.0571,1.05737
2013.03.08 00:11:22.586,1.05715,1.05741
2013.03.08 00:11:22.645,1.05715,1.05741
2013.03.08 00:11:23.182,1.05715,1.05741
2013.03.08 00:11:24.731,1.05715,1.05741
2013.03.08 00:11:26.421,1.05715,1.05741
2013.03.08 00:11:27.137,1.05715,1.05741
2013.03.08 00:11:28.687,1.05715,1.05741
2013.03.08 00:11:29.126,1.05718,1.05743
2013.03.08 00:11:29.187,1.05717,1.05741
2013.03.08 00:11:29.255,1.05716,1.0574
2013.03.08 00:11:29.794,1.05714,1.05739
2013.03.08 00:11:30.325,1.05714,1.05739
2013.03.08 00:11:30.691,1.05714,1.05739
2013.03.08 00:11:32.715,1.0571,1.05735
2013.03.08 00:11:39.785,1.0571,1.05734
2013.03.08 00:11:40.162,1.05706,1.05732
2013.03.08 00:11:40.228,1.05706,1.05732
2013.03.08 00:11:42.921,1.05705,1.05729
2013.03.08 00:11:42.990,1.05705,1.05728
2013.03.08 00:11:47.446,1.05705,1.05728
2013.03.08 00:11:50.553,1.05702,1.05723
2013.03.08 00:11:50.916,1.05705,1.05729
2013.03.08 00:11:50.976,1.05705,1.05729
2013.03.08 00:11:51.103,1.05702,1.05729
2013.03.08 00:11:51.405,1.05704,1.05727
2013.03.08 00:11:51.645,1.057,1.05727
2013.03.08 00:12:03.645,1.057,1.05724
2013.03.08 00:12:04.326,1.057,1.05726
2013.03.08 00:12:04.416,1.05704,1.05727
2013.03.08 00:12:04.838,1.05704,1.05728
2013.03.08 00:12:06.146,1.05704,1.05728
2013.03.08 00:12:10.116,1.05713,1.05728
2013.03.08 00:12:10.476,1.05715,1.05741
2013.03.08 00:12:10.777,1.05715,1.05736
2013.03.08 00:12:19.219,1.0572,1.05741
2013.03.08 00:12:27.416,1.05719,1.05743
2013.03.08 00:12:28.315,1.05719,1.0574
2013.03.08 00:12:28.885,1.05717,1.0574
2013.03.08 00:12:28.945,1.05717,1.0574
2013.03.08 00:12:29.006,1.05715,1.0574
2013.03.08 00:12:29.246,1.0571,1.05737
2013.03.08 00:12:29.435,1.0571,1.05736
2013.03.08 00:12:29.935,1.0571,1.05733
2013.03.08 00:12:30.457,1.0571,1.05733
2013.03.08 00:12:31.128,1.0571,1.05733
2013.03.08 00:12:33.568,1.0571,1.05736
2013.03.08 00:12:33.887,1.05712,1.05734
2013.03.08 00:12:33.947,1.05712,1.05734
2013.03.08 00:12:34.075,1.0571,1.05736
2013.03.08 00:12:34.789,1.0571,1.05733
2013.03.08 00:12:40.855,1.05708,1.05732
2013.03.08 00:12:40.975,1.05708,1.05735
2013.03.08 00:12:41.652,1.05706,1.0573
2013.03.08 00:12:45.767,1.05706,1.0573
2013.03.08 00:12:52.405,1.05707,1.05729
2013.03.08 00:12:52.915,1.05707,1.05729
2013.03.08 00:12:56.092,1.05707,1.05729
2013.03.08 00:12:56.155,1.05707,1.05729
2013.03.08 00:13:00.876,1.05707,1.05729
2013.03.08 00:13:00.995,1.05707,1.05729
2013.03.08 00:13:01.385,1.05708,1.05734
2013.03.08 00:13:01.505,1.05711,1.05734
2013.03.08 00:13:01.565,1.05711,1.05734
2013.03.08 00:13:01.626,1.05711,1.05734
2013.03.08 00:13:08.336,1.05713,1.05739
2013.03.08 00:13:08.395,1.05713,1.05739
2013.03.08 00:13:08.576,1.05713,1.05739
2013.03.08 00:13:13.802,1.05717,1.05739
2013.03.08 00:13:14.051,1.05717,1.05739
2013.03.08 00:13:14.187,1.05715,1.05739
2013.03.08 00:13:15.365,1.05708,1.05735
2013.03.08 00:13:15.498,1.05705,1.0573
2013.03.08 00:13:30.294,1.05701,1.05729
2013.03.08 00:13:31.325,1.05701,1.05726
2013.03.08 00:13:31.686,1.05698,1.05721
2013.03.08 00:13:31.805,1.05696,1.05721
2013.03.08 00:13:34.695,1.05696,1.05719
2013.03.08 00:13:38.985,1.057,1.05721
2013.03.08 00:13:39.045,1.05701,1.05721
2013.03.08 00:13:42.175,1.057,1.05721
2013.03.08 00:13:42.356,1.05697,1.05721
2013.03.08 00:13:49.596,1.05702,1.05723
2013.03.08 00:13:49.956,1.05713,1.05739
2013.03.08 00:13:50.110,1.05713,1.05739
2013.03.08 00:13:50.235,1.05713,1.05739
2013.03.08 00:13:50.356,1.05721,1.0574
2013.03.08 00:13:51.007,1.05716,1.05739
2013.03.08 00:13:51.540,1.05716,1.05739
2013.03.08 00:13:55.507,1.05716,1.05738
2013.03.08 00:14:01.237,1.05711,1.05734
2013.03.08 00:14:01.295,1.05711,1.05732
2013.03.08 00:14:02.686,1.05711,1.05731
2013.03.08 00:14:03.209,1.05703,1.05726
2013.03.08 00:14:03.398,1.05706,1.05726
2013.03.08 00:14:03.467,1.05707,1.05726
2013.03.08 00:14:03.817,1.05707,1.05726
2013.03.08 00:14:04.157,1.05707,1.05726
2013.03.08 00:14:04.657,1.05707,1.05727
2013.03.08 00:14:04.716,1.05705,1.05727
2013.03.08 00:14:05.697,1.05705,1.05727
2013.03.08 00:14:07.250,1.05712,1.05731
2013.03.08 00:14:07.435,1.05706,1.05731
2013.03.08 00:14:08.133,1.05706,1.05729
2013.03.08 00:14:10.525,1.05712,1.05731
2013.03.08 00:14:10.585,1.05712,1.05731
2013.03.08 00:14:10.706,1.05706,1.0573
2013.03.08 00:14:12.256,1.05706,1.05729
2013.03.08 00:14:14.835,1.05706,1.05726
2013.03.08 00:14:15.016,1.05704,1.05726
2013.03.08 00:14:15.615,1.05701,1.05725
2013.03.08 00:14:15.795,1.05699,1.05722
2013.03.08 00:14:18.166,1.05696,1.05722
2013.03.08 00:14:18.286,1.05701,1.05722
2013.03.08 00:14:19.094,1.05701,1.05722
2013.03.08 00:14:20.615,1.05701,1.05724
2013.03.08 00:14:25.855,1.05705,1.05727
2013.03.08 00:14:25.915,1.05705,1.05727
2013.03.08 00:14:25.978,1.05706,1.05727
2013.03.08 00:14:26.415,1.05711,1.05734
2013.03.08 00:14:26.937,1.05711,1.05734
2013.03.08 00:14:27.486,1.0571,1.05729
2013.03.08 00:14:28.725,1.05712,1.05733
2013.03.08 00:14:28.966,1.05712,1.05734
2013.03.08 00:14:29.876,1.05712,1.05734
2013.03.08 00:14:29.936,1.05715,1.05734
2013.03.08 00:14:30.470,1.05715,1.05739
2013.03.08 00:14:32.050,1.05715,1.05735
2013.03.08 00:14:32.215,1.05713,1.05735
2013.03.08 00:14:32.455,1.05716,1.05739
2013.03.08 00:14:32.765,1.05716,1.05739
2013.03.08 00:14:34.800,1.05715,1.05737
2013.03.08 00:14:35.207,1.05713,1.05737
2013.03.08 00:14:35.409,1.05715,1.05739
2013.03.08 00:14:35.476,1.05715,1.05739
2013.03.08 00:14:36.270,1.05715,1.05739
2013.03.08 00:14:50.546,1.05716,1.05739
2013.03.08 00:15:03.676,1.05722,1.05743
2013.03.08 00:15:03.797,1.05722,1.05743
2013.03.08 00:15:04.325,1.05725,1.05745
2013.03.08 00:15:19.584,1.0572,1.05746
2013.03.08 00:15:19.735,1.05718,1.05746
2013.03.08 00:15:23.059,1.0572,1.05743
2013.03.08 00:15:23.246,1.05722,1.05741
2013.03.08 00:15:23.761,1.05722,1.05741
2013.03.08 00:15:27.545,1.05722,1.05742
2013.03.08 00:15:37.365,1.05722,1.05745
2013.03.08 00:15:44.365,1.05722,1.05743
2013.03.08 00:15:49.905,1.05722,1.05743
2013.03.08 00:15:50.476,1.05722,1.05743
2013.03.08 00:15:52.316,1.05722,1.05743
2013.03.08 00:16:00.216,1.05722,1.05743
2013.03.08 00:16:00.769,1.05722,1.05743
2013.03.08 00:16:01.516,1.05717,1.05738
2013.03.08 00:16:02.143,1.05717,1.05738
2013.03.08 00:16:04.655,1.05715,1.05739
2013.03.08 00:16:13.606,1.05717,1.05739
2013.03.08 00:16:13.966,1.05715,1.05739
2013.03.08 00:16:16.066,1.05715,1.05735
2013.03.08 00:16:16.186,1.05715,1.05736
2013.03.08 00:16:16.306,1.05715,1.05734
2013.03.08 00:16:16.496,1.05713,1.05734
2013.03.08 00:16:16.887,1.05709,1.05732
2013.03.08 00:16:17.065,1.05707,1.05729
2013.03.08 00:16:19.691,1.05711,1.05733
2013.03.08 00:16:20.007,1.05711,1.05733
2013.03.08 00:16:20.796,1.05706,1.05729
2013.03.08 00:16:20.856,1.05705,1.05729
2013.03.08 00:16:22.236,1.05711,1.05729
2013.03.08 00:16:22.356,1.05711,1.0573
2013.03.08 00:16:23.426,1.05709,1.05729
2013.03.08 00:16:23.607,1.05708,1.05729
2013.03.08 00:16:27.656,1.05705,1.05729
2013.03.08 00:16:29.916,1.05712,1.0573
2013.03.08 00:16:30.095,1.05712,1.05733
2013.03.08 00:16:32.667,1.05709,1.05729
2013.03.08 00:16:33.196,1.05707,1.05729
2013.03.08 00:16:34.859,1.05707,1.05728
2013.03.08 00:16:34.988,1.05707,1.05727
2013.03.08 00:16:35.168,1.05707,1.05728
2013.03.08 00:16:35.227,1.05707,1.05728
2013.03.08 00:16:50.934,1.05706,1.05728
2013.03.08 00:16:55.986,1.0571,1.05732
2013.03.08 00:16:58.727,1.05706,1.05729
2013.03.08 00:16:59.286,1.05706,1.05727
2013.03.08 00:16:59.436,1.05704,1.05724
2013.03.08 00:16:59.497,1.05701,1.05724
2013.03.08 00:16:59.737,1.05706,1.05729
2013.03.08 00:16:59.857,1.05706,1.05729
2013.03.08 00:17:00.937,1.05711,1.05733
2013.03.08 00:17:00.997,1.05711,1.05733
2013.03.08 00:17:01.587,1.05711,1.05733
2013.03.08 00:17:04.339,1.05707,1.05731
2013.03.08 00:17:04.586,1.05706,1.05731
2013.03.08 00:17:05.325,1.05706,1.05729
2013.03.08 00:17:06.226,1.05711,1.05733
2013.03.08 00:17:06.406,1.05711,1.05733
2013.03.08 00:17:08.628,1.05707,1.05731
2013.03.08 00:17:08.756,1.05707,1.05731
2013.03.08 00:17:09.416,1.05706,1.05729
2013.03.08 00:17:09.966,1.05704,1.05728
2013.03.08 00:17:10.116,1.05704,1.05727
2013.03.08 00:17:11.506,1.05704,1.05727
2013.03.08 00:17:13.826,1.05711,1.05732
2013.03.08 00:17:14.423,1.05711,1.05733
2013.03.08 00:17:15.339,1.05707,1.05731
2013.03.08 00:17:15.467,1.05707,1.05731
2013.03.08 00:17:15.995,1.05706,1.05729
2013.03.08 00:17:17.766,1.05712,1.05733
2013.03.08 00:17:26.886,1.05712,1.05728
2013.03.08 00:17:27.315,1.05706,1.05728
2013.03.08 00:17:30.075,1.05711,1.05728
2013.03.08 00:17:32.216,1.05711,1.05732
2013.03.08 00:17:50.287,1.05707,1.05732
2013.03.08 00:17:50.575,1.05706,1.05729
2013.03.08 00:17:55.686,1.05708,1.05732
2013.03.08 00:17:55.806,1.05712,1.05732
2013.03.08 00:17:56.815,1.05708,1.05729
2013.03.08 00:18:08.143,1.05706,1.05729
2013.03.08 00:18:14.047,1.05707,1.05725
2013.03.08 00:18:14.296,1.05707,1.05725
2013.03.08 00:18:18.605,1.05707,1.05724
2013.03.08 00:18:18.926,1.05701,1.05722
2013.03.08 00:18:19.226,1.05701,1.05723
2013.03.08 00:18:19.486,1.05697,1.05719
2013.03.08 00:18:21.701,1.05699,1.05723
2013.03.08 00:18:21.766,1.05701,1.05723
2013.03.08 00:18:22.006,1.05697,1.05719
2013.03.08 00:18:26.536,1.05697,1.0572
2013.03.08 00:18:29.337,1.05699,1.05723
2013.03.08 00:18:29.457,1.05699,1.05723
2013.03.08 00:18:30.548,1.05699,1.05723
2013.03.08 00:18:30.952,1.05702,1.05723
2013.03.08 00:18:31.266,1.05705,1.05729
2013.03.08 00:18:31.387,1.05709,1.05733
2013.03.08 00:18:31.506,1.05709,1.05733
2013.03.08 00:18:31.996,1.05709,1.05733
2013.03.08 00:18:33.297,1.05707,1.0573
2013.03.08 00:18:33.416,1.05707,1.0573
2013.03.08 00:18:33.776,1.05703,1.05725
2013.03.08 00:18:36.817,1.05703,1.05727
2013.03.08 00:18:37.056,1.05704,1.05727
2013.03.08 00:18:37.116,1.05705,1.05728
2013.03.08 00:18:37.687,1.05704,1.05728
2013.03.08 00:18:38.577,1.05704,1.05728
2013.03.08 00:18:38.816,1.05704,1.05728
2013.03.08 00:18:43.857,1.05704,1.05728
2013.03.08 00:18:43.977,1.05704,1.05728
2013.03.08 00:18:44.986,1.05707,1.0573
2013.03.08 00:18:46.946,1.05705,1.05728
2013.03.08 00:19:03.186,1.0571,1.05734
2013.03.08 00:19:03.247,1.0571,1.05734
2013.03.08 00:19:04.015,1.0571,1.05736
2013.03.08 00:19:18.677,1.05713,1.05737
2013.03.08 00:19:34.377,1.05711,1.05734
2013.03.08 00:19:34.497,1.05711,1.05734
2013.03.08 00:20:05.086,1.05705,1.05732
2013.03.08 00:20:05.147,1.05705,1.05732
2013.03.08 00:20:20.055,1.05703,1.05729
2013.03.08 00:20:20.236,1.05706,1.05729
2013.03.08 00:20:20.596,1.05711,1.05734
2013.03.08 00:20:21.686,1.05711,1.05734
2013.03.08 00:20:21.746,1.05711,1.05734
2013.03.08 00:20:22.422,1.05716,1.05736
2013.03.08 00:20:22.546,1.05716,1.05738
2013.03.08 00:20:23.186,1.05721,1.05741
2013.03.08 00:20:23.246,1.05721,1.05743
2013.03.08 00:20:23.306,1.05721,1.05743
2013.03.08 00:20:23.884,1.05721,1.05744
2013.03.08 00:20:24.607,1.05718,1.05743
2013.03.08 00:20:24.677,1.05716,1.05743
2013.03.08 00:20:31.031,1.05716,1.05739
2013.03.08 00:20:31.367,1.05714,1.05738
2013.03.08 00:20:31.607,1.05712,1.05738
2013.03.08 00:20:31.831,1.05714,1.05738
2013.03.08 00:20:31.899,1.05716,1.05738
2013.03.08 00:21:32.103,1.05716,1.05742
2013.03.08 00:21:50.075,1.05716,1.0574
2013.03.08 00:21:50.196,1.05714,1.0574
2013.03.08 00:22:42.292,1.05714,1.05739
2013.03.08 00:22:42.417,1.05716,1.05739
2013.03.08 00:22:42.776,1.05721,1.05741
2013.03.08 00:22:43.386,1.05721,1.05742
2013.03.08 00:22:43.566,1.05726,1.05747
2013.03.08 00:22:50.436,1.05731,1.05751
2013.03.08 00:22:50.496,1.05731,1.05752
2013.03.08 00:22:55.603,1.05726,1.0575
2013.03.08 00:22:55.726,1.05726,1.0575
2013.03.08 00:22:57.803,1.05728,1.05752
2013.03.08 00:22:57.926,1.05732,1.05752
2013.03.08 00:23:03.826,1.05732,1.05753
2013.03.08 00:23:03.887,1.05735,1.05755
2013.03.08 00:23:04.295,1.05735,1.05757
2013.03.08 00:23:04.356,1.05735,1.05758
2013.03.08 00:23:22.376,1.05732,1.05757
2013.03.08 00:23:22.497,1.05731,1.05757
2013.03.08 00:23:26.567,1.0573,1.05753
2013.03.08 00:23:34.886,1.05727,1.05751
2013.03.08 00:23:35.027,1.05727,1.05751
2013.03.08 00:23:36.096,1.05725,1.0575
2013.03.08 00:23:36.217,1.05723,1.0575
2013.03.08 00:23:36.337,1.05725,1.05749
2013.03.08 00:23:36.469,1.05726,1.05749
2013.03.08 00:23:36.796,1.05721,1.05745
2013.03.08 00:23:36.858,1.05722,1.05745
2013.03.08 00:23:37.097,1.0572,1.05744
2013.03.08 00:23:37.216,1.05719,1.05744
2013.03.08 00:23:39.362,1.05719,1.05744
2013.03.08 00:23:39.486,1.05719,1.0574
2013.03.08 00:23:51.806,1.05719,1.05741
2013.03.08 00:23:51.927,1.05719,1.05742
2013.03.08 00:23:52.046,1.0572,1.05745
2013.03.08 00:23:55.356,1.05723,1.05747
2013.03.08 00:23:55.428,1.05723,1.05747
2013.03.08 00:24:04.331,1.05721,1.05746
2013.03.08 00:24:04.457,1.0572,1.05746
2013.03.08 00:24:06.767,1.05722,1.05746
2013.03.08 00:24:07.017,1.0572,1.05744
2013.03.08 00:24:20.429,1.05718,1.05743
2013.03.08 00:24:20.499,1.05721,1.05743
2013.03.08 00:24:33.196,1.05721,1.05743
2013.03.08 00:24:54.270,1.05721,1.05743
2013.03.08 00:24:54.579,1.05722,1.0574
2013.03.08 00:24:54.827,1.05717,1.0574
2013.03.08 00:25:20.657,1.05715,1.05738
2013.03.08 00:25:24.894,1.0571,1.05728
2013.03.08 00:25:25.018,1.05707,1.05728
2013.03.08 00:25:25.196,1.05707,1.05728
2013.03.08 00:25:25.378,1.05702,1.05728
2013.03.08 00:25:35.366,1.05697,1.05723
2013.03.08 00:25:35.427,1.05697,1.05723
2013.03.08 00:25:36.877,1.05697,1.05723
2013.03.08 00:25:37.247,1.05695,1.05718
2013.03.08 00:26:11.290,1.05693,1.05719
2013.03.08 00:26:11.540,1.05692,1.05713
2013.03.08 00:26:12.098,1.05689,1.05708
2013.03.08 00:26:12.280,1.05689,1.05708
2013.03.08 00:26:12.349,1.05689,1.05708
2013.03.08 00:26:12.418,1.05687,1.05708
2013.03.08 00:26:13.077,1.05692,1.05714
2013.03.08 00:26:13.199,1.05692,1.05718
2013.03.08 00:26:13.750,1.05697,1.0572
2013.03.08 00:26:14.167,1.05697,1.0572
2013.03.08 00:26:14.467,1.05701,1.05723
2013.03.08 00:26:15.228,1.05701,1.05724
2013.03.08 00:26:17.340,1.057,1.05724
2013.03.08 00:26:17.528,1.057,1.0572
2013.03.08 00:26:22.070,1.05701,1.05722
2013.03.08 00:26:22.197,1.05701,1.05724
2013.03.08 00:26:22.258,1.05701,1.05724
2013.03.08 00:26:22.507,1.05701,1.05725
2013.03.08 00:26:22.698,1.05704,1.05727
2013.03.08 00:26:22.758,1.05707,1.05727
2013.03.08 00:26:23.847,1.05707,1.0573
2013.03.08 00:26:24.087,1.0571,1.05733
2013.03.08 00:26:24.328,1.05711,1.05733
2013.03.08 00:26:27.198,1.0571,1.05733
2013.03.08 00:26:27.800,1.05711,1.05734
2013.03.08 00:26:27.987,1.05711,1.05734
2013.03.08 00:26:30.570,1.05708,1.05733
2013.03.08 00:26:30.697,1.05708,1.05733
2013.03.08 00:26:30.937,1.05712,1.05733
2013.03.08 00:26:32.928,1.05711,1.05734
2013.03.08 00:26:33.047,1.05711,1.05734
2013.03.08 00:26:33.168,1.05711,1.05736
2013.03.08 00:26:33.227,1.05711,1.05736
2013.03.08 00:26:55.325,1.05712,1.05735
2013.03.08 00:26:55.609,1.05708,1.05733
2013.03.08 00:27:09.628,1.05708,1.05734
2013.03.08 00:27:09.872,1.05715,1.05737
2013.03.08 00:27:09.939,1.05715,1.05737
2013.03.08 00:27:10.297,1.05722,1.05743
2013.03.08 00:27:11.011,1.05722,1.05746
2013.03.08 00:27:11.782,1.05722,1.05746
2013.03.08 00:27:33.407,1.0572,1.05743
2013.03.08 00:27:33.526,1.0572,1.05743
2013.03.08 00:28:12.337,1.05715,1.05741
2013.03.08 00:28:12.456,1.05715,1.05735
2013.03.08 00:28:12.697,1.05715,1.05738
2013.03.08 00:28:12.927,1.05715,1.05738
2013.03.08 00:28:13.337,1.05712,1.05735
2013.03.08 00:28:16.808,1.05712,1.05735
2013.03.08 00:28:17.167,1.05712,1.05735
2013.03.08 00:28:17.407,1.05712,1.05735
2013.03.08 00:28:18.367,1.0571,1.05735
2013.03.08 00:28:18.427,1.0571,1.05735
2013.03.08 00:28:19.597,1.05705,1.05731
2013.03.08 00:28:19.719,1.05704,1.05725
2013.03.08 00:28:20.272,1.05704,1.05725
2013.03.08 00:28:21.107,1.05703,1.05725
2013.03.08 00:28:21.615,1.05703,1.05725
2013.03.08 00:28:22.447,1.05701,1.05725
2013.03.08 00:28:28.397,1.05702,1.05728
2013.03.08 00:28:28.723,1.05703,1.05728
2013.03.08 00:28:39.607,1.05707,1.05729
2013.03.08 00:28:48.743,1.05707,1.05729
2013.03.08 00:28:57.197,1.05707,1.05729
2013.03.08 00:29:02.417,1.05707,1.0573
2013.03.08 00:29:14.859,1.05707,1.0573
2013.03.08 00:29:14.918,1.05712,1.05734
2013.03.08 00:29:15.097,1.05712,1.05738
2013.03.08 00:29:15.646,1.05716,1.05738
2013.03.08 00:29:17.306,1.05717,1.05739
2013.03.08 00:29:17.606,1.05719,1.05743
2013.03.08 00:29:17.666,1.05717,1.05741
2013.03.08 00:29:17.906,1.05719,1.05743
2013.03.08 00:29:17.966,1.05719,1.05743
2013.03.08 00:29:18.167,1.05717,1.05743
2013.03.08 00:29:27.027,1.05717,1.05743
2013.03.08 00:29:28.138,1.05717,1.05743
2013.03.08 00:29:29.042,1.05719,1.05743
2013.03.08 00:29:29.111,1.05722,1.05743
2013.03.08 00:29:29.178,1.05722,1.05744
2013.03.08 00:29:29.536,1.05724,1.05747
2013.03.08 00:29:42.083,1.05727,1.05749
2013.03.08 00:29:42.155,1.05729,1.05753
2013.03.08 00:29:43.845,1.05731,1.05752
2013.03.08 00:29:43.966,1.05731,1.05753
2013.03.08 00:29:44.647,1.05729,1.05754
2013.03.08 00:29:51.107,1.0573,1.05755
2013.03.08 00:29:51.602,1.05736,1.05759
2013.03.08 00:29:52.887,1.0574,1.05762
2013.03.08 00:29:53.067,1.05745,1.05766
2013.03.08 00:29:53.127,1.05742,1.05764
2013.03.08 00:29:53.187,1.05742,1.05764
2013.03.08 00:29:53.797,1.05742,1.05764
2013.03.08 00:29:56.507,1.05742,1.05764
2013.03.08 00:29:56.628,1.05742,1.05765
2013.03.08 00:30:00.937,1.05738,1.05765
2013.03.08 00:30:01.178,1.05734,1.05758
2013.03.08 00:30:01.448,1.05732,1.05754
2013.03.08 00:30:01.907,1.05728,1.05754
2013.03.08 00:30:02.330,1.05727,1.05752
2013.03.08 00:30:02.457,1.05727,1.05749
2013.03.08 00:30:02.577,1.05724,1.05748
2013.03.08 00:30:03.463,1.05724,1.05749
2013.03.08 00:30:03.656,1.05731,1.05755
2013.03.08 00:30:03.717,1.05731,1.05754
2013.03.08 00:30:10.117,1.05731,1.05757
2013.03.08 00:30:10.447,1.05731,1.05757
2013.03.08 00:30:10.567,1.05735,1.05761
2013.03.08 00:30:18.697,1.05733,1.05758
2013.03.08 00:30:20.017,1.05737,1.05762
2013.03.08 00:30:24.637,1.05739,1.05763
2013.03.08 00:30:24.876,1.05738,1.05762
2013.03.08 00:30:31.798,1.0574,1.05763
2013.03.08 00:30:32.037,1.05742,1.05768
2013.03.08 00:30:32.547,1.05742,1.05768
2013.03.08 00:30:33.776,1.05744,1.05768
2013.03.08 00:30:38.107,1.05742,1.05762
2013.03.08 00:30:38.467,1.05738,1.05759
2013.03.08 00:30:38.592,1.05737,1.05759
2013.03.08 00:30:39.225,1.05733,1.05759
2013.03.08 00:30:53.117,1.05735,1.05759
2013.03.08 00:30:56.207,1.05737,1.05759
2013.03.08 00:31:07.648,1.05733,1.05759
2013.03.08 00:31:07.707,1.05733,1.05756
2013.03.08 00:31:17.747,1.05736,1.05755
2013.03.08 00:31:17.928,1.05737,1.05758
2013.03.08 00:31:18.543,1.05737,1.0576
2013.03.08 00:32:06.544,1.05738,1.05763
2013.03.08 00:32:06.869,1.05738,1.05764
2013.03.08 00:32:06.928,1.05738,1.05764
2013.03.08 00:32:18.883,1.05738,1.05764
2013.03.08 00:32:22.164,1.05737,1.05763
2013.03.08 00:32:22.347,1.05737,1.05763
2013.03.08 00:32:23.407,1.05737,1.05763
2013.03.08 00:32:29.540,1.05737,1.05764
2013.03.08 00:32:29.758,1.0574,1.05764
2013.03.08 00:32:39.207,1.0574,1.05764
2013.03.08 00:32:51.893,1.05739,1.05764
2013.03.08 00:32:53.395,1.0574,1.05764
2013.03.08 00:32:59.346,1.05739,1.05763
2013.03.08 00:33:00.545,1.05738,1.05762
2013.03.08 00:33:00.848,1.05738,1.05762
2013.03.08 00:33:00.910,1.05738,1.05764
2013.03.08 00:33:01.444,1.05738,1.05764
2013.03.08 00:33:02.104,1.05738,1.05762
2013.03.08 00:33:02.290,1.05738,1.05762
2013.03.08 00:33:02.360,1.05738,1.05764
2013.03.08 00:33:02.540,1.05738,1.05764
2013.03.08 00:33:08.991,1.05742,1.05769
2013.03.08 00:33:38.618,1.05742,1.05768
2013.03.08 00:33:38.979,1.05741,1.05764
2013.03.08 00:33:39.159,1.05745,1.05766
2013.03.08 00:33:39.218,1.05745,1.05766
2013.03.08 00:33:39.467,1.05742,1.05766
2013.03.08 00:33:40.053,1.05742,1.05766
2013.03.08 00:33:40.735,1.05742,1.05766
2013.03.08 00:33:49.190,1.05742,1.05768
2013.03.08 00:33:49.554,1.05747,1.05768
2013.03.08 00:33:56.389,1.05743,1.05766
2013.03.08 00:33:56.569,1.05742,1.05766
2013.03.08 00:33:56.690,1.05742,1.05763
2013.03.08 00:33:57.061,1.05739,1.05761
2013.03.08 00:33:59.068,1.05741,1.05763
2013.03.08 00:33:59.691,1.05739,1.05763
2013.03.08 00:34:00.848,1.05738,1.05763
2013.03.08 00:34:00.969,1.05744,1.05769
2013.03.08 00:34:01.028,1.05744,1.05769
2013.03.08 00:34:01.208,1.05743,1.05768
2013.03.08 00:34:07.848,1.05744,1.05768
2013.03.08 00:34:07.908,1.05744,1.05768
2013.03.08 00:34:12.860,1.05744,1.05769
2013.03.08 00:34:12.920,1.05743,1.05768
2013.03.08 00:34:13.160,1.05741,1.05764
2013.03.08 00:34:17.607,1.05738,1.05764
2013.03.08 00:34:17.889,1.05738,1.05764
2013.03.08 00:34:27.063,1.05739,1.05764
2013.03.08 00:34:27.248,1.05745,1.05768
2013.03.08 00:34:27.429,1.05745,1.05768
2013.03.08 00:34:27.489,1.05742,1.05764
2013.03.08 00:34:34.888,1.0574,1.05764
2013.03.08 00:34:34.949,1.0574,1.05764
2013.03.08 00:34:35.128,1.05741,1.05764
2013.03.08 00:34:35.757,1.0574,1.05764
2013.03.08 00:34:36.648,1.0574,1.05764
2013.03.08 00:34:36.708,1.05739,1.05764
2013.03.08 00:34:36.888,1.0574,1.05764
2013.03.08 00:35:18.612,1.05738,1.05765
2013.03.08 00:35:18.859,1.05739,1.05765
2013.03.08 00:35:24.938,1.0574,1.05765
2013.03.08 00:35:26.918,1.05739,1.05764
2013.03.08 00:35:26.978,1.05739,1.05764
2013.03.08 00:35:28.318,1.05738,1.05764
2013.03.08 00:35:33.928,1.05739,1.05764
2013.03.08 00:35:34.107,1.05744,1.05764
2013.03.08 00:35:34.638,1.05744,1.05768
2013.03.08 00:35:35.128,1.05744,1.05768
2013.03.08 00:35:35.429,1.05738,1.05764
2013.03.08 00:35:35.488,1.05737,1.05764
2013.03.08 00:35:36.658,1.05738,1.05764
2013.03.08 00:35:49.578,1.05738,1.05763
2013.03.08 00:35:55.929,1.05737,1.05762
2013.03.08 00:35:58.291,1.05736,1.05761
2013.03.08 00:35:58.411,1.05736,1.05761
2013.03.08 00:35:58.479,1.05731,1.05758
2013.03.08 00:36:05.250,1.05731,1.05757
2013.03.08 00:36:22.578,1.0573,1.05756
2013.03.08 00:36:22.759,1.0573,1.05754
2013.03.08 00:36:22.879,1.05727,1.05753
2013.03.08 00:36:23.929,1.05723,1.05751
2013.03.08 00:36:23.989,1.05723,1.05751
2013.03.08 00:36:24.920,1.05719,1.05746
2013.03.08 00:36:24.979,1.05719,1.05746
2013.03.08 00:36:29.638,1.05721,1.05746
2013.03.08 00:36:29.699,1.05721,1.05746
2013.03.08 00:36:30.829,1.05722,1.05747
2013.03.08 00:36:31.451,1.05726,1.05747
2013.03.08 00:36:32.159,1.0572,1.05746
2013.03.08 00:36:32.222,1.05718,1.0574
2013.03.08 00:36:36.599,1.05717,1.05739
2013.03.08 00:36:36.732,1.05714,1.05734
2013.03.08 00:36:37.470,1.05713,1.05734
2013.03.08 00:36:48.866,1.05713,1.05735
2013.03.08 00:36:48.989,1.05713,1.05735
2013.03.08 00:36:52.679,1.05711,1.05735
2013.03.08 00:36:55.888,1.05711,1.0573
2013.03.08 00:36:56.009,1.05705,1.0573
2013.03.08 00:36:56.129,1.05705,1.05724
2013.03.08 00:36:56.428,1.05701,1.05725
2013.03.08 00:36:57.738,1.05707,1.05728
2013.03.08 00:36:57.799,1.05707,1.05728
2013.03.08 00:37:00.299,1.05707,1.05728
2013.03.08 00:37:03.561,1.05707,1.05728
2013.03.08 00:37:12.957,1.05708,1.05731
2013.03.08 00:37:13.149,1.05712,1.05733
2013.03.08 00:37:13.478,1.05712,1.05735
2013.03.08 00:37:31.170,1.05719,1.05739
2013.03.08 00:37:31.289,1.05719,1.05739
2013.03.08 00:37:31.946,1.05719,1.05741
2013.03.08 00:37:34.554,1.05721,1.05745
2013.03.08 00:37:34.683,1.05721,1.05745
2013.03.08 00:37:35.429,1.05725,1.05745
2013.03.08 00:37:35.750,1.05726,1.05751
2013.03.08 00:37:35.870,1.05727,1.05752
2013.03.08 00:37:36.110,1.05727,1.05751
2013.03.08 00:37:36.169,1.05727,1.05751
2013.03.08 00:37:36.349,1.05727,1.05751
2013.03.08 00:37:36.649,1.05725,1.05749
2013.03.08 00:37:36.709,1.05727,1.05751
2013.03.08 00:37:36.889,1.05728,1.05752
2013.03.08 00:37:36.950,1.05727,1.05751
2013.03.08 00:37:37.252,1.05727,1.05751
2013.03.08 00:37:37.318,1.05728,1.05751
2013.03.08 00:37:37.499,1.05727,1.05751
2013.03.08 00:37:37.917,1.05727,1.0575
2013.03.08 00:37:40.600,1.05726,1.05751
2013.03.08 00:37:40.781,1.05722,1.05745
2013.03.08 00:37:40.850,1.05721,1.05745
2013.03.08 00:37:41.420,1.0572,1.05741
2013.03.08 00:37:41.967,1.0572,1.05741
2013.03.08 00:37:43.688,1.05715,1.05739
2013.03.08 00:37:59.039,1.05714,1.05734
2013.03.08 00:37:59.339,1.0571,1.05734
2013.03.08 00:38:02.340,1.05708,1.05735
2013.03.08 00:38:02.521,1.05708,1.05735
2013.03.08 00:38:06.571,1.05704,1.0573
2013.03.08 00:38:10.819,1.05704,1.0573
2013.03.08 00:38:10.999,1.057,1.05726
2013.03.08 00:38:33.912,1.05697,1.05724
2013.03.08 00:38:34.440,1.05697,1.0572
2013.03.08 00:38:34.619,1.057,1.05724
2013.03.08 00:38:34.679,1.057,1.05724
2013.03.08 00:39:01.125,1.05704,1.05729
2013.03.08 00:39:01.368,1.05704,1.05724
2013.03.08 00:39:18.672,1.05706,1.05726
2013.03.08 00:39:28.631,1.05706,1.0573
2013.03.08 00:39:29.109,1.05712,1.05732
2013.03.08 00:39:31.850,1.05712,1.05732
2013.03.08 00:39:32.150,1.05712,1.0573
2013.03.08 00:39:38.119,1.05712,1.05732
2013.03.08 00:39:38.300,1.05712,1.05731
2013.03.08 00:39:44.099,1.05712,1.05735
2013.03.08 00:39:44.159,1.05712,1.05738
2013.03.08 00:39:48.442,1.05712,1.05734
2013.03.08 00:39:48.570,1.05709,1.05734
2013.03.08 00:39:48.630,1.05707,1.05734
2013.03.08 00:39:49.184,1.05704,1.05729
2013.03.08 00:39:56.948,1.05705,1.05729
2013.03.08 00:39:57.624,1.05709,1.05731
2013.03.08 00:39:58.110,1.05709,1.05731
2013.03.08 00:39:58.636,1.05709,1.05734
2013.03.08 00:39:59.399,1.0571,1.05734
2013.03.08 00:39:59.699,1.0571,1.05736
2013.03.08 00:40:01.820,1.05709,1.05736
2013.03.08 00:40:02.059,1.05709,1.05735
2013.03.08 00:40:07.459,1.05714,1.05735
2013.03.08 00:40:07.640,1.05714,1.05735
2013.03.08 00:40:07.819,1.05714,1.05739
2013.03.08 00:40:08.628,1.05714,1.05739
2013.03.08 00:40:08.689,1.05714,1.05734
2013.03.08 00:40:09.000,1.05709,1.05732
2013.03.08 00:40:09.119,1.05709,1.05732
2013.03.08 00:40:09.239,1.05708,1.05731
2013.03.08 00:40:09.299,1.05709,1.05733
2013.03.08 00:40:09.359,1.05709,1.05735
2013.03.08 00:40:09.481,1.05709,1.05735
2013.03.08 00:40:09.890,1.05709,1.05735
2013.03.08 00:40:10.862,1.05714,1.0574
2013.03.08 00:40:10.929,1.05713,1.05732
2013.03.08 00:40:10.989,1.0571,1.05732
2013.03.08 00:40:11.109,1.0571,1.05734
2013.03.08 00:40:11.416,1.0571,1.05734
2013.03.08 00:40:11.720,1.05712,1.05732
2013.03.08 00:40:11.779,1.05712,1.05732
2013.03.08 00:40:11.900,1.05712,1.05736
2013.03.08 00:40:12.259,1.05712,1.05738
2013.03.08 00:40:14.859,1.05712,1.05732
2013.03.08 00:40:14.979,1.0571,1.05732
2013.03.08 00:40:16.129,1.05708,1.05732
2013.03.08 00:40:31.540,1.05703,1.05729
2013.03.08 00:40:53.219,1.05705,1.05731
2013.03.08 00:41:15.059,1.05706,1.05731
2013.03.08 00:41:50.999,1.05705,1.05731
2013.03.08 00:42:02.650,1.05705,1.0573
2013.03.08 00:42:03.192,1.05701,1.05727
2013.03.08 00:42:10.264,1.05701,1.05725
2013.03.08 00:42:10.330,1.05701,1.05724
2013.03.08 00:43:10.292,1.05707,1.05727
2013.03.08 00:43:21.095,1.05701,1.05728
2013.03.08 00:43:40.330,1.05702,1.05728
2013.03.08 00:43:42.832,1.05702,1.05727
2013.03.08 00:43:47.569,1.05702,1.05728
2013.03.08 00:43:50.994,1.05701,1.05726
2013.03.08 00:44:00.978,1.05701,1.05727
2013.03.08 00:44:04.814,1.05706,1.05729
2013.03.08 00:44:04.879,1.05706,1.05728
2013.03.08 00:44:05.224,1.05706,1.05729
2013.03.08 00:44:05.821,1.05706,1.05729
2013.03.08 00:44:05.901,1.05706,1.05725
2013.03.08 00:45:05.475,1.05701,1.05727
2013.03.08 00:45:08.551,1.05701,1.05727
2013.03.08 00:45:08.622,1.05701,1.05727
2013.03.08 00:45:09.729,1.05701,1.05727
2013.03.08 00:45:10.285,1.05701,1.05727
2013.03.08 00:45:10.610,1.05702,1.05725
2013.03.08 00:45:10.971,1.05702,1.05725
2013.03.08 00:45:14.329,1.05702,1.05727
2013.03.08 00:45:14.569,1.05697,1.05721
2013.03.08 00:45:16.294,1.05697,1.05721
2013.03.08 00:45:16.539,1.05697,1.05722
2013.03.08 00:45:17.070,1.05697,1.05722
2013.03.08 00:45:17.199,1.05697,1.05721
2013.03.08 00:45:17.391,1.05697,1.05722
2013.03.08 00:45:17.450,1.05697,1.05721
2013.03.08 00:45:18.399,1.05706,1.05725
2013.03.08 00:45:18.849,1.05707,1.05728
2013.03.08 00:45:18.971,1.05707,1.05728
2013.03.08 00:45:19.512,1.05706,1.05728
2013.03.08 00:45:19.639,1.05706,1.0573
2013.03.08 00:45:19.700,1.05707,1.0573
2013.03.08 00:45:20.009,1.05706,1.05728
2013.03.08 00:45:20.070,1.05707,1.05728
2013.03.08 00:45:20.190,1.05707,1.0573
2013.03.08 00:45:23.570,1.0571,1.05734
2013.03.08 00:45:23.810,1.05706,1.0573
2013.03.08 00:45:23.930,1.05706,1.0573
2013.03.08 00:45:24.231,1.05708,1.05731
2013.03.08 00:45:24.351,1.05708,1.05731
2013.03.08 00:45:24.590,1.0571,1.05732
2013.03.08 00:45:35.283,1.0571,1.05732
2013.03.08 00:45:35.469,1.05708,1.05729
2013.03.08 00:45:36.409,1.05708,1.05731
2013.03.08 00:45:36.470,1.0571,1.05731
2013.03.08 00:45:42.102,1.0571,1.05734
2013.03.08 00:45:42.290,1.05711,1.05734
2013.03.08 00:45:42.529,1.0571,1.05733
2013.03.08 00:45:45.298,1.05708,1.05733
2013.03.08 00:45:45.499,1.05706,1.05733
2013.03.08 00:45:50.390,1.05706,1.0573
2013.03.08 00:45:50.600,1.05708,1.05731
2013.03.08 00:45:50.722,1.05706,1.0573
2013.03.08 00:46:06.164,1.05704,1.05727
2013.03.08 00:46:09.500,1.057,1.05723
2013.03.08 00:46:11.390,1.057,1.05719
2013.03.08 00:46:11.450,1.057,1.05719
2013.03.08 00:46:13.313,1.05695,1.05719
2013.03.08 00:46:19.304,1.05691,1.05714
2013.03.08 00:46:19.431,1.05689,1.05713
2013.03.08 00:46:19.619,1.05692,1.05713
2013.03.08 00:46:21.369,1.05689,1.05716
2013.03.08 00:46:21.490,1.05689,1.05716
2013.03.08 00:46:22.352,1.05689,1.05712
2013.03.08 00:46:26.700,1.05689,1.05709
2013.03.08 00:46:28.299,1.05687,1.05711
2013.03.08 00:46:28.540,1.05685,1.05709
2013.03.08 00:46:34.122,1.05685,1.05704
2013.03.08 00:46:34.319,1.05681,1.05703
2013.03.08 00:46:34.379,1.0568,1.05703
2013.03.08 00:46:50.292,1.05681,1.05703
2013.03.08 00:46:50.530,1.05681,1.05704
2013.03.08 00:46:50.770,1.05681,1.05705
2013.03.08 00:46:52.302,1.05681,1.05704
2013.03.08 00:46:52.559,1.05678,1.05702
2013.03.08 00:46:53.069,1.05674,1.057
2013.03.08 00:46:53.201,1.05674,1.05698
2013.03.08 00:47:00.619,1.05678,1.05698
2013.03.08 00:47:00.681,1.05678,1.057
2013.03.08 00:47:09.649,1.0568,1.05704
2013.03.08 00:47:17.355,1.05681,1.05704
2013.03.08 00:47:18.676,1.05682,1.05704
2013.03.08 00:47:19.132,1.05684,1.05704
2013.03.08 00:47:22.359,1.0568,1.05705
2013.03.08 00:47:27.213,1.05682,1.05706
2013.03.08 00:47:30.089,1.05682,1.05705
2013.03.08 00:47:38.960,1.05681,1.05704
2013.03.08 00:47:39.557,1.05684,1.05705
2013.03.08 00:47:42.900,1.05681,1.05706
2013.03.08 00:47:43.080,1.05679,1.05706
2013.03.08 00:47:43.339,1.05679,1.05704
2013.03.08 00:47:59.814,1.05679,1.05702
2013.03.08 00:48:00.195,1.05679,1.057
2013.03.08 00:48:00.621,1.05679,1.057
2013.03.08 00:48:00.801,1.05673,1.05697
2013.03.08 00:48:03.110,1.05673,1.05694
2013.03.08 00:48:03.681,1.05673,1.057
2013.03.08 00:48:08.430,1.05676,1.057
2013.03.08 00:48:08.553,1.05676,1.057
2013.03.08 00:48:08.881,1.05673,1.057
2013.03.08 00:48:15.242,1.05676,1.057
2013.03.08 00:48:15.576,1.05678,1.05701
2013.03.08 00:48:16.650,1.05678,1.05701
2013.03.08 00:48:20.199,1.05674,1.05695
2013.03.08 00:48:20.259,1.05672,1.05695
2013.03.08 00:48:20.800,1.05674,1.05697
2013.03.08 00:48:20.920,1.05677,1.05697
2013.03.08 00:48:21.285,1.05677,1.05701
2013.03.08 00:48:21.351,1.05677,1.05701
2013.03.08 00:48:22.919,1.05677,1.05703
2013.03.08 00:48:23.100,1.0568,1.05705
2013.03.08 00:48:23.340,1.05682,1.05705
2013.03.08 00:48:23.401,1.05682,1.05709
2013.03.08 00:48:24.540,1.05685,1.05708
2013.03.08 00:48:24.720,1.05685,1.05708
2013.03.08 00:48:24.961,1.05682,1.05709
2013.03.08 00:48:39.450,1.05685,1.05709
2013.03.08 00:48:40.390,1.05685,1.05709
2013.03.08 00:48:40.571,1.05685,1.05709
2013.03.08 00:48:40.630,1.05682,1.05709
2013.03.08 00:48:40.690,1.05682,1.05708
2013.03.08 00:48:40.990,1.05682,1.05709
2013.03.08 00:48:41.169,1.05685,1.05709
2013.03.08 00:48:41.290,1.05682,1.05709
2013.03.08 00:48:41.879,1.05682,1.05709
2013.03.08 00:48:44.661,1.05681,1.05707
2013.03.08 00:48:44.788,1.05681,1.05707
2013.03.08 00:48:52.220,1.05682,1.05707
2013.03.08 00:48:54.689,1.05681,1.05707
2013.03.08 00:48:54.891,1.05682,1.05707
2013.03.08 00:48:54.951,1.05682,1.05707
2013.03.08 00:48:55.295,1.05681,1.05706
2013.03.08 00:48:55.363,1.05682,1.05706
2013.03.08 00:48:55.432,1.05682,1.05707
2013.03.08 00:48:56.890,1.05681,1.05707
2013.03.08 00:48:56.950,1.05681,1.05706
2013.03.08 00:49:02.941,1.05681,1.05706
2013.03.08 00:49:03.000,1.05681,1.05706
2013.03.08 00:49:19.049,1.0568,1.05706
2013.03.08 00:49:19.219,1.0568,1.05706
2013.03.08 00:49:25.393,1.05681,1.05705
2013.03.08 00:49:25.522,1.05681,1.05706
2013.03.08 00:49:25.895,1.0568,1.05706
2013.03.08 00:49:47.340,1.05681,1.05704
2013.03.08 00:49:47.401,1.05681,1.05704
2013.03.08 00:49:56.570,1.05679,1.05705
2013.03.08 00:49:56.691,1.05678,1.05705
2013.03.08 00:50:13.069,1.05681,1.05706
2013.03.08 00:50:13.370,1.05675,1.05702
2013.03.08 00:50:25.612,1.05675,1.057
2013.03.08 00:50:32.433,1.05673,1.05695
2013.03.08 00:50:32.502,1.05671,1.05695
2013.03.08 00:50:48.371,1.05673,1.05696
2013.03.08 00:50:48.490,1.05673,1.05698
2013.03.08 00:50:48.610,1.05673,1.05697
2013.03.08 00:50:48.733,1.05673,1.05697
2013.03.08 00:50:48.860,1.05671,1.05697
2013.03.08 00:50:49.911,1.05671,1.05695
2013.03.08 00:50:51.120,1.05671,1.05696
2013.03.08 00:50:51.181,1.05671,1.05695
2013.03.08 00:51:00.141,1.05671,1.05696
2013.03.08 00:51:00.322,1.05671,1.05696
2013.03.08 00:51:02.321,1.05672,1.05697
2013.03.08 00:51:02.383,1.05672,1.05697
2013.03.08 00:51:11.140,1.05671,1.05697
2013.03.08 00:51:11.321,1.05671,1.05697
2013.03.08 00:51:32.021,1.05675,1.05696
2013.03.08 00:51:39.911,1.0567,1.05695
2013.03.08 00:51:45.630,1.05666,1.0569
2013.03.08 00:51:45.692,1.05664,1.05686
2013.03.08 00:51:46.812,1.05662,1.05686
2013.03.08 00:51:49.142,1.05662,1.05685
2013.03.08 00:51:52.099,1.05665,1.05689
2013.03.08 00:51:52.221,1.05665,1.05689
2013.03.08 00:52:08.201,1.05668,1.05691
2013.03.08 00:52:08.381,1.05668,1.05691
2013.03.08 00:52:08.787,1.05668,1.05691
2013.03.08 00:52:08.971,1.05668,1.05693
2013.03.08 00:52:10.590,1.05664,1.0569
2013.03.08 00:52:10.772,1.05664,1.0569
2013.03.08 00:52:11.371,1.05663,1.0569
2013.03.08 00:52:11.901,1.05662,1.05687
2013.03.08 00:52:19.351,1.05662,1.05686
2013.03.08 00:52:19.531,1.05662,1.05689
2013.03.08 00:52:22.867,1.05662,1.05689
2013.03.08 00:52:22.931,1.05662,1.05684
2013.03.08 00:52:29.242,1.05659,1.05684
2013.03.08 00:52:39.423,1.0566,1.05684
2013.03.08 00:52:39.551,1.0566,1.05684
2013.03.08 00:52:55.301,1.05662,1.05686
2013.03.08 00:52:55.361,1.05662,1.05688
2013.03.08 00:52:56.321,1.05661,1.05686
2013.03.08 00:52:56.503,1.0566,1.05686
2013.03.08 00:53:04.831,1.0566,1.05687
2013.03.08 00:53:04.901,1.0566,1.05687
2013.03.08 00:53:09.296,1.05662,1.05686
2013.03.08 00:53:09.421,1.0566,1.05686
2013.03.08 00:53:11.500,1.05658,1.05686
2013.03.08 00:53:23.671,1.05658,1.05683
2013.03.08 00:53:27.620,1.0566,1.05685
2013.03.08 00:53:27.801,1.05661,1.05685
2013.03.08 00:53:31.076,1.0566,1.05684
2013.03.08 00:53:31.202,1.05658,1.05684
2013.03.08 00:53:32.501,1.05658,1.05684
2013.03.08 00:54:03.212,1.0566,1.05684
2013.03.08 00:54:07.551,1.05662,1.05687
2013.03.08 00:54:08.056,1.05662,1.05687
2013.03.08 00:54:08.601,1.0566,1.05684
2013.03.08 00:54:08.721,1.0566,1.05684
2013.03.08 00:54:12.670,1.05661,1.05687
2013.03.08 00:54:13.602,1.05661,1.05686
2013.03.08 00:54:13.722,1.0566,1.05685
2013.03.08 00:54:13.900,1.0566,1.05686
2013.03.08 00:54:14.081,1.05661,1.05687
2013.03.08 00:54:15.360,1.0566,1.05686
2013.03.08 00:54:15.540,1.0566,1.05686
2013.03.08 00:54:22.655,1.05656,1.05683
2013.03.08 00:54:29.881,1.05656,1.05683
2013.03.08 00:54:29.941,1.05656,1.05681
2013.03.08 00:54:41.352,1.05656,1.05682
2013.03.08 00:54:41.533,1.05665,1.05684
2013.03.08 00:54:41.592,1.05665,1.05684
2013.03.08 00:54:41.831,1.05662,1.05685
2013.03.08 00:54:41.951,1.05664,1.05688
2013.03.08 00:54:42.012,1.05666,1.05688
2013.03.08 00:54:42.072,1.05666,1.05689
2013.03.08 00:54:42.380,1.05662,1.05688
2013.03.08 00:54:42.681,1.05664,1.05688
2013.03.08 00:54:43.083,1.05662,1.05689
2013.03.08 00:54:43.142,1.05662,1.05689
2013.03.08 00:54:43.201,1.05663,1.05689
2013.03.08 00:54:43.561,1.05662,1.05688
2013.03.08 00:54:44.071,1.05661,1.05684
2013.03.08 00:54:45.981,1.0566,1.05683
2013.03.08 00:54:49.911,1.05661,1.05684
2013.03.08 00:54:49.971,1.05662,1.05688
2013.03.08 00:54:50.392,1.05666,1.0569
2013.03.08 00:54:50.453,1.05668,1.05694
2013.03.08 00:54:50.525,1.05668,1.05694
2013.03.08 00:54:50.593,1.05668,1.05694
2013.03.08 00:54:50.712,1.05668,1.05694
2013.03.08 00:54:50.831,1.0567,1.05694
2013.03.08 00:54:51.031,1.0567,1.05696
2013.03.08 00:54:51.151,1.05671,1.05697
2013.03.08 00:54:51.270,1.05672,1.05698
2013.03.08 00:54:54.611,1.05675,1.05701
2013.03.08 00:54:55.546,1.05675,1.05698
2013.03.08 00:54:55.743,1.05677,1.057
2013.03.08 00:54:55.990,1.05673,1.05699
2013.03.08 00:54:56.371,1.05676,1.057
2013.03.08 00:54:56.431,1.05679,1.05705
2013.03.08 00:54:56.911,1.05681,1.05705
2013.03.08 00:54:58.302,1.05685,1.05705
2013.03.08 00:54:58.681,1.05687,1.05711
2013.03.08 00:54:59.164,1.05685,1.05709
2013.03.08 00:54:59.232,1.05682,1.05708
2013.03.08 00:54:59.546,1.05681,1.05702
2013.03.08 00:55:00.215,1.05681,1.05705
2013.03.08 00:55:00.286,1.05682,1.05705
2013.03.08 00:55:00.712,1.05682,1.05707
2013.03.08 00:55:01.128,1.05681,1.05705
2013.03.08 00:55:01.432,1.05681,1.057
2013.03.08 00:55:01.492,1.05679,1.057
2013.03.08 00:55:01.614,1.05676,1.057
2013.03.08 00:55:01.922,1.05673,1.05691
2013.03.08 00:55:03.333,1.05683,1.05696
2013.03.08 00:55:03.592,1.05697,1.05718
2013.03.08 00:55:03.713,1.05699,1.0572
2013.03.08 00:55:04.021,1.05703,1.05729
2013.03.08 00:55:04.144,1.05707,1.05733
2013.03.08 00:55:04.393,1.05706,1.05732
2013.03.08 00:55:04.512,1.05706,1.05733
2013.03.08 00:55:04.892,1.05706,1.05734
2013.03.08 00:55:04.951,1.05706,1.05734
2013.03.08 00:55:10.024,1.05709,1.05734
2013.03.08 00:55:10.104,1.05706,1.0573
2013.03.08 00:55:11.404,1.05707,1.0573
2013.03.08 00:55:11.531,1.05715,1.05738
2013.03.08 00:55:11.832,1.05707,1.05728
2013.03.08 00:55:12.460,1.05705,1.05728
2013.03.08 00:55:15.751,1.05707,1.05729
2013.03.08 00:55:15.990,1.0571,1.05734
2013.03.08 00:55:17.112,1.0571,1.0573
2013.03.08 00:55:17.171,1.05708,1.0573
2013.03.08 00:55:18.480,1.05711,1.05736
2013.03.08 00:55:18.540,1.05711,1.05736
2013.03.08 00:55:18.601,1.05715,1.05736
2013.03.08 00:55:19.101,1.05715,1.05736
2013.03.08 00:55:19.281,1.05711,1.05734
2013.03.08 00:55:19.341,1.0571,1.05732
2013.03.08 00:55:19.942,1.05711,1.05733
2013.03.08 00:55:20.403,1.05711,1.05732
2013.03.08 00:55:23.241,1.05722,1.05741
2013.03.08 00:55:23.549,1.05722,1.05737
2013.03.08 00:55:24.031,1.05711,1.05734
2013.03.08 00:55:24.091,1.05709,1.05733
2013.03.08 00:55:24.451,1.05702,1.05725
2013.03.08 00:55:24.991,1.05698,1.05723
2013.03.08 00:55:25.335,1.05698,1.05721
2013.03.08 00:55:34.981,1.05695,1.05719
2013.03.08 00:55:37.524,1.05694,1.05717
2013.03.08 00:55:37.712,1.057,1.0572
2013.03.08 00:55:37.952,1.05696,1.0572
2013.03.08 00:55:38.132,1.05696,1.0572
2013.03.08 00:55:38.381,1.05696,1.0572
2013.03.08 00:55:39.201,1.05694,1.05719
2013.03.08 00:55:40.534,1.05697,1.0572
2013.03.08 00:55:41.961,1.05696,1.05719
2013.03.08 00:55:42.021,1.05696,1.05718
2013.03.08 00:55:42.332,1.05693,1.05712
2013.03.08 00:55:42.402,1.05689,1.05713
2013.03.08 00:55:42.463,1.05689,1.05715
2013.03.08 00:55:42.702,1.05689,1.05711
2013.03.08 00:55:42.943,1.05687,1.05711
2013.03.08 00:55:44.853,1.05682,1.05708
2013.03.08 00:55:45.913,1.05686,1.05708
2013.03.08 00:55:45.972,1.05686,1.05711
2013.03.08 00:55:49.792,1.05685,1.05711
2013.03.08 00:56:06.161,1.05686,1.05708
2013.03.08 00:56:07.241,1.05686,1.05713
2013.03.08 00:56:11.334,1.05686,1.05712
2013.03.08 00:56:11.461,1.05686,1.05712
2013.03.08 00:56:16.722,1.05685,1.05708
2013.03.08 00:56:51.284,1.05686,1.05711
2013.03.08 00:56:55.482,1.05682,1.05708
2013.03.08 00:56:57.512,1.05686,1.05713
2013.03.08 00:56:57.571,1.05686,1.05713
2013.03.08 00:56:58.012,1.05689,1.05713
2013.03.08 00:56:58.851,1.05692,1.05718
2013.03.08 00:56:59.551,1.05696,1.05719
2013.03.08 00:57:05.041,1.05692,1.05719
2013.03.08 00:57:09.034,1.05694,1.05719
2013.03.08 00:57:10.241,1.05693,1.05719
2013.03.08 00:57:11.632,1.05692,1.05716
2013.03.08 00:57:11.811,1.05692,1.05716
2013.03.08 00:57:11.871,1.0569,1.05713
2013.03.08 00:57:30.731,1.05691,1.05713
2013.03.08 00:57:30.911,1.05692,1.05719
2013.03.08 00:57:38.552,1.05694,1.05719
2013.03.08 00:57:40.745,1.05692,1.05719
2013.03.08 00:57:45.332,1.05692,1.05716
2013.03.08 00:57:45.391,1.05692,1.05716
2013.03.08 00:57:45.572,1.05691,1.05719
2013.03.08 00:57:45.751,1.05692,1.05719
2013.03.08 00:57:45.994,1.05689,1.05716
2013.03.08 00:57:46.623,1.05687,1.05714
2013.03.08 00:57:56.081,1.05691,1.05714
2013.03.08 00:57:56.170,1.05691,1.05716
2013.03.08 00:57:56.232,1.05691,1.05718
2013.03.08 00:57:58.931,1.05696,1.05718
2013.03.08 00:57:59.111,1.05692,1.05718
2013.03.08 00:58:16.782,1.05694,1.05718
2013.03.08 00:58:16.844,1.05697,1.05722
2013.03.08 00:58:17.032,1.05701,1.05724
2013.03.08 00:58:17.272,1.05701,1.05729
2013.03.08 00:58:21.941,1.05704,1.05726
2013.03.08 00:58:22.001,1.05704,1.05726
2013.03.08 00:58:22.614,1.05703,1.05728
2013.03.08 00:58:22.682,1.05703,1.05728
2013.03.08 00:58:22.742,1.05703,1.05728
2013.03.08 00:58:25.081,1.05704,1.05728
2013.03.08 00:58:25.281,1.05704,1.05726
2013.03.08 00:58:28.440,1.05704,1.05726
2013.03.08 00:58:29.051,1.05705,1.05728
2013.03.08 00:58:29.111,1.05705,1.05728
2013.03.08 00:58:29.232,1.05707,1.0573
2013.03.08 00:58:30.231,1.05704,1.05728
2013.03.08 00:58:30.411,1.05704,1.05728
2013.03.08 00:58:31.571,1.05706,1.05731
2013.03.08 00:58:31.734,1.05707,1.05731
2013.03.08 00:58:32.167,1.05707,1.05731
2013.03.08 00:58:32.921,1.05704,1.05728
2013.03.08 00:58:33.730,1.05704,1.05728
2013.03.08 00:58:34.281,1.05706,1.05731
2013.03.08 00:58:34.342,1.05706,1.05731
2013.03.08 00:58:34.461,1.05709,1.05733
2013.03.08 00:58:34.521,1.05709,1.05735
2013.03.08 00:58:36.081,1.05709,1.05735
2013.03.08 00:58:36.321,1.05704,1.0573
2013.03.08 00:58:36.381,1.05704,1.0573
2013.03.08 00:58:49.340,1.05704,1.05729
2013.03.08 00:58:49.642,1.05703,1.05729
2013.03.08 00:58:49.702,1.05703,1.05729
2013.03.08 00:58:51.041,1.05704,1.0573
2013.03.08 00:58:51.128,1.05704,1.0573
2013.03.08 00:58:51.502,1.05701,1.05727
2013.03.08 00:58:52.391,1.05701,1.05724
2013.03.08 00:58:52.511,1.057,1.05724
2013.03.08 00:58:52.832,1.05697,1.05724
2013.03.08 00:58:53.073,1.05698,1.05724
2013.03.08 00:58:53.931,1.057,1.05724
2013.03.08 00:58:54.381,1.05702,1.05729
2013.03.08 00:58:54.502,1.05703,1.05729
2013.03.08 00:59:05.392,1.05702,1.05728
2013.03.08 00:59:05.571,1.05699,1.05724
2013.03.08 00:59:08.422,1.05699,1.05725
2013.03.08 00:59:08.541,1.05702,1.05729
2013.03.08 00:59:09.053,1.05702,1.05729
2013.03.08 00:59:10.431,1.05702,1.05726
2013.03.08 00:59:10.491,1.05702,1.05726
2013.03.08 00:59:13.161,1.05701,1.05725
2013.03.08 00:59:14.832,1.05698,1.05724
2013.03.08 00:59:14.891,1.05698,1.05724
2013.03.08 00:59:27.721,1.05698,1.05723
2013.03.08 00:59:27.793,1.05698,1.0572
2013.03.08 00:59:28.497,1.05697,1.0572
2013.03.08 00:59:31.290,1.05697,1.05724
2013.03.08 00:59:31.509,1.05697,1.05724
2013.03.08 00:59:34.821,1.05699,1.05724
2013.03.08 00:59:35.360,1.05697,1.05721
2013.03.08 00:59:35.421,1.05696,1.05719
2013.03.08 00:59:40.492,1.05696,1.05722
2013.03.08 00:59:40.811,1.05695,1.05719
2013.03.08 00:59:40.931,1.05695,1.05722
2013.03.08 00:59:48.212,1.05699,1.05725
2013.03.08 00:59:48.271,1.05699,1.05725
2013.03.08 00:59:48.931,1.057,1.05725
2013.03.08 00:59:49.053,1.057,1.05725
2013.03.08 01:00:00.926,1.05697,1.05723
2013.03.08 01:00:01.111,1.057,1.05723
2013.03.08 01:00:01.762,1.057,1.05723
2013.03.08 01:00:04.711,1.057,1.05723
2013.03.08 01:00:04.771,1.05701,1.05728
2013.03.08 01:00:08.861,1.05701,1.05727
2013.03.08 01:00:08.982,1.05701,1.05726
2013.03.08 01:00:09.289,1.057,1.05726
2013.03.08 01:00:09.532,1.05696,1.05722
2013.03.08 01:00:09.891,1.05696,1.05722
2013.03.08 01:00:12.281,1.05696,1.05721
2013.03.08 01:00:12.592,1.05695,1.05721
2013.03.08 01:00:20.851,1.05696,1.05722
2013.03.08 01:00:20.973,1.05696,1.05722
2013.03.08 01:00:21.282,1.057,1.05726
2013.03.08 01:00:21.621,1.057,1.05726
2013.03.08 01:00:21.682,1.057,1.05722
2013.03.08 01:00:25.891,1.05694,1.0572
2013.03.08 01:01:06.732,1.05692,1.05718
2013.03.08 01:01:30.112,1.05695,1.05718
2013.03.08 01:01:37.422,1.05697,1.05723
2013.03.08 01:01:46.541,1.05697,1.05722
2013.03.08 01:01:46.914,1.05692,1.05718
2013.03.08 01:01:47.221,1.05693,1.05719
2013.03.08 01:02:03.931,1.05693,1.05719
2013.03.08 01:02:06.721,1.0569,1.05717
2013.03.08 01:02:44.861,1.05691,1.05716
2013.03.08 01:02:44.921,1.05691,1.05714
2013.03.08 01:02:45.041,1.05687,1.05713
2013.03.08 01:02:45.401,1.05687,1.05713
2013.03.08 01:02:45.462,1.05687,1.05713
2013.03.08 01:02:53.323,1.05688,1.05713
2013.03.08 01:02:53.442,1.05686,1.05713
2013.03.08 01:03:05.371,1.05686,1.05713
2013.03.08 01:03:09.681,1.05686,1.05712
2013.03.08 01:03:09.801,1.05681,1.05709
2013.03.08 01:03:23.503,1.05684,1.05709
2013.03.08 01:03:23.872,1.05686,1.05713
2013.03.08 01:03:27.958,1.05686,1.0571
2013.03.08 01:03:28.022,1.05686,1.0571
2013.03.08 01:03:28.561,1.05682,1.05708
2013.03.08 01:03:31.382,1.05681,1.05707
2013.03.08 01:03:31.512,1.05681,1.05704
2013.03.08 01:03:40.372,1.05681,1.05703
2013.03.08 01:03:40.552,1.05676,1.05698
2013.03.08 01:03:44.351,1.05676,1.05698
2013.03.08 01:03:44.891,1.05676,1.05695
2013.03.08 01:03:45.253,1.05672,1.05695
2013.03.08 01:03:45.324,1.0567,1.05695
2013.03.08 01:03:52.226,1.0567,1.05695
2013.03.08 01:03:53.911,1.0567,1.05697
2013.03.08 01:03:56.082,1.05674,1.05698
2013.03.08 01:03:56.151,1.05674,1.05698
2013.03.08 01:04:00.714,1.05677,1.05703
2013.03.08 01:04:00.772,1.05677,1.05703
2013.03.08 01:04:01.832,1.05677,1.05703
2013.03.08 01:04:01.953,1.05676,1.05703
2013.03.08 01:04:06.952,1.05671,1.05699
2013.03.08 01:04:11.786,1.05671,1.05697
2013.03.08 01:04:12.032,1.0567,1.05696
2013.03.08 01:04:32.041,1.05671,1.05695
2013.03.08 01:04:38.162,1.05671,1.05694
2013.03.08 01:04:40.582,1.05671,1.05698
2013.03.08 01:04:40.641,1.05671,1.05699
2013.03.08 01:04:40.701,1.05672,1.05699
2013.03.08 01:04:40.902,1.05674,1.05696
2013.03.08 01:04:44.065,1.05668,1.05695
2013.03.08 01:04:44.252,1.05672,1.05695
2013.03.08 01:04:44.494,1.05674,1.05691
2013.03.08 01:04:44.632,1.05674,1.05699
2013.03.08 01:04:44.693,1.05672,1.05697
2013.03.08 01:04:46.044,1.05672,1.05695
2013.03.08 01:04:46.283,1.05669,1.05692
2013.03.08 01:04:47.090,1.05668,1.05692
2013.03.08 01:04:47.702,1.05664,1.05689
2013.03.08 01:04:53.085,1.05664,1.05688
2013.03.08 01:04:53.273,1.05664,1.05687
2013.03.08 01:04:59.382,1.05662,1.05688
2013.03.08 01:04:59.443,1.05663,1.05688
2013.03.08 01:05:02.263,1.05664,1.05688
2013.03.08 01:05:02.592,1.05661,1.05687
2013.03.08 01:05:02.653,1.05664,1.05688
2013.03.08 01:05:02.714,1.05667,1.05691
2013.03.08 01:05:02.774,1.0567,1.05693
2013.03.08 01:05:02.832,1.0567,1.05693
2013.03.08 01:05:02.895,1.0567,1.05687
2013.03.08 01:05:03.202,1.05662,1.05687
2013.03.08 01:05:03.626,1.05663,1.05689
2013.03.08 01:05:03.812,1.05663,1.05689
2013.03.08 01:05:05.611,1.05662,1.05689
2013.03.08 01:05:05.792,1.05662,1.05689
2013.03.08 01:05:07.992,1.05658,1.05684
2013.03.08 01:05:09.071,1.05661,1.05684
2013.03.08 01:05:09.191,1.05661,1.05689
2013.03.08 01:05:09.311,1.05661,1.05689
2013.03.08 01:05:10.394,1.05665,1.05689
2013.03.08 01:05:11.482,1.05662,1.05689
2013.03.08 01:05:13.131,1.05662,1.05687
2013.03.08 01:05:13.254,1.05662,1.05684
2013.03.08 01:05:13.712,1.05658,1.05684
2013.03.08 01:05:18.584,1.05656,1.05682
2013.03.08 01:05:18.761,1.05656,1.0568
2013.03.08 01:05:21.392,1.05659,1.05683
2013.03.08 01:05:21.513,1.05661,1.05684
2013.03.08 01:05:21.912,1.05665,1.05684
2013.03.08 01:05:23.513,1.05659,1.05683
2013.03.08 01:05:26.324,1.05658,1.05682
2013.03.08 01:05:26.633,1.05658,1.0568
2013.03.08 01:05:31.475,1.05656,1.0568
2013.03.08 01:05:36.294,1.05656,1.0568
2013.03.08 01:05:36.472,1.05656,1.05682
2013.03.08 01:05:39.274,1.05655,1.05681
2013.03.08 01:05:40.993,1.05651,1.05679
2013.03.08 01:05:41.801,1.05655,1.0568
2013.03.08 01:05:46.304,1.05654,1.05681
2013.03.08 01:05:46.492,1.05654,1.05678
2013.03.08 01:05:54.283,1.05651,1.05677
2013.03.08 01:05:54.591,1.05653,1.05677
2013.03.08 01:06:00.492,1.05655,1.05678
2013.03.08 01:06:01.012,1.05655,1.0568
2013.03.08 01:06:31.221,1.05655,1.05678
2013.03.08 01:07:04.990,1.05656,1.05682
2013.03.08 01:07:09.652,1.05658,1.05683
2013.03.08 01:07:09.773,1.05659,1.05684
2013.03.08 01:07:12.693,1.05657,1.05683
2013.03.08 01:07:15.554,1.05663,1.05688
2013.03.08 01:07:16.957,1.05666,1.05688
2013.03.08 01:07:17.083,1.05666,1.05688
2013.03.08 01:07:22.088,1.05665,1.05687
2013.03.08 01:07:22.274,1.05663,1.05687
2013.03.08 01:07:39.812,1.05662,1.05686
2013.03.08 01:07:40.123,1.05664,1.05683
2013.03.08 01:07:40.243,1.05664,1.05685
2013.03.08 01:07:40.793,1.05664,1.05685
2013.03.08 01:07:46.885,1.05664,1.05688
2013.03.08 01:07:47.063,1.05664,1.05688
2013.03.08 01:08:09.852,1.05668,1.05694
2013.03.08 01:08:09.972,1.05668,1.05694
2013.03.08 01:08:10.292,1.05673,1.05696
2013.03.08 01:08:10.412,1.05673,1.05696
2013.03.08 01:08:10.474,1.05673,1.05696
2013.03.08 01:08:10.832,1.05673,1.05693
2013.03.08 01:08:11.692,1.05669,1.05693
2013.03.08 01:08:41.102,1.05669,1.05695
2013.03.08 01:08:41.165,1.05669,1.05695
2013.03.08 01:08:48.792,1.05668,1.05695
2013.03.08 01:08:48.993,1.05668,1.05693
2013.03.08 01:08:59.602,1.05667,1.05693
2013.03.08 01:08:59.723,1.05673,1.05697
2013.03.08 01:08:59.782,1.05673,1.05697
2013.03.08 01:09:00.143,1.05673,1.05696
2013.03.08 01:09:00.263,1.05673,1.05696
2013.03.08 01:09:00.452,1.05673,1.05696
2013.03.08 01:09:00.999,1.0567,1.05696
2013.03.08 01:09:09.683,1.0567,1.05696
2013.03.08 01:09:12.142,1.0567,1.05693
2013.03.08 01:09:12.662,1.05667,1.05693
2013.03.08 01:09:24.883,1.05671,1.05694
2013.03.08 01:09:25.004,1.05671,1.05696
2013.03.08 01:09:25.312,1.05671,1.05698
2013.03.08 01:09:25.433,1.05672,1.05699
2013.03.08 01:09:25.973,1.05678,1.05701
2013.03.08 01:09:28.372,1.05678,1.05699
2013.03.08 01:09:28.613,1.05674,1.05698
2013.03.08 01:09:28.675,1.05674,1.05698
2013.03.08 01:09:28.793,1.05676,1.05699
2013.03.08 01:09:36.902,1.05676,1.05698
2013.03.08 01:09:37.023,1.05677,1.05698
2013.03.08 01:09:37.082,1.05675,1.05697
2013.03.08 01:09:37.829,1.05671,1.05697
2013.03.08 01:09:38.404,1.05671,1.05697
2013.03.08 01:09:48.105,1.05669,1.05693
2013.03.08 01:09:50.802,1.05669,1.05692
2013.03.08 01:09:51.044,1.05669,1.05692
2013.03.08 01:09:51.163,1.05669,1.05689
2013.03.08 01:09:51.224,1.05666,1.05689
2013.03.08 01:09:51.463,1.05662,1.05686
2013.03.08 01:10:01.853,1.05662,1.05686
2013.03.08 01:10:01.913,1.05662,1.05686
2013.03.08 01:10:02.552,1.0566,1.05684
2013.03.08 01:10:03.893,1.05661,1.05686
2013.03.08 01:10:04.014,1.05661,1.05688
2013.03.08 01:10:04.572,1.05662,1.05688
2013.03.08 01:10:06.904,1.05662,1.05686
2013.03.08 01:10:07.023,1.05662,1.05686
2013.03.08 01:10:07.083,1.05662,1.05686
2013.03.08 01:10:07.207,1.05662,1.05688
2013.03.08 01:10:08.665,1.05662,1.05686
2013.03.08 01:10:08.793,1.05662,1.05686
2013.03.08 01:10:11.843,1.05665,1.05687
2013.03.08 01:10:17.052,1.05665,1.05687
2013.03.08 01:10:22.854,1.05663,1.05683
2013.03.08 01:10:22.913,1.05663,1.05682
2013.03.08 01:10:23.273,1.05663,1.05678
2013.03.08 01:10:23.933,1.05663,1.05683
2013.03.08 01:10:27.623,1.05663,1.05688
2013.03.08 01:10:27.683,1.05663,1.05689
2013.03.08 01:10:27.743,1.05663,1.05689
2013.03.08 01:10:28.511,1.05665,1.05689
2013.03.08 01:10:31.493,1.05665,1.05689
2013.03.08 01:10:33.144,1.05666,1.0569
2013.03.08 01:10:33.204,1.05666,1.05687
2013.03.08 01:10:33.374,1.05666,1.05687
2013.03.08 01:10:40.413,1.05666,1.05689
2013.03.08 01:10:40.473,1.05666,1.0569
2013.03.08 01:10:56.331,1.05668,1.05691
2013.03.08 01:10:56.633,1.05668,1.05686
2013.03.08 01:10:57.351,1.05668,1.05686
2013.03.08 01:10:59.814,1.05667,1.05686
2013.03.08 01:11:04.551,1.05666,1.05688
2013.03.08 01:11:04.764,1.05666,1.05691
2013.03.08 01:11:04.824,1.05666,1.05691
2013.03.08 01:11:12.403,1.05668,1.05694
2013.03.08 01:11:12.463,1.0567,1.05695
2013.03.08 01:11:14.560,1.05671,1.05696
2013.03.08 01:11:14.684,1.05671,1.05696
2013.03.08 01:11:20.643,1.05671,1.05696
2013.03.08 01:11:20.763,1.05671,1.05696
2013.03.08 01:11:35.989,1.05672,1.05698
2013.03.08 01:11:36.429,1.05671,1.05696
2013.03.08 01:11:47.652,1.05672,1.05698
2013.03.08 01:11:47.774,1.05673,1.05698
2013.03.08 01:11:48.134,1.05673,1.05698
2013.03.08 01:11:48.314,1.05671,1.05696
2013.03.08 01:11:57.237,1.05677,1.05699
2013.03.08 01:12:06.869,1.05678,1.05699
2013.03.08 01:12:06.993,1.05678,1.05696
2013.03.08 01:12:07.113,1.05673,1.05696
2013.03.08 01:12:19.383,1.05673,1.05692
2013.03.08 01:12:20.224,1.05673,1.05692
2013.03.08 01:12:27.533,1.05669,1.05692
2013.03.08 01:12:40.144,1.05669,1.05688
2013.03.08 01:12:40.323,1.05669,1.05688
2013.03.08 01:12:44.343,1.05672,1.05693
2013.03.08 01:12:44.424,1.05672,1.05693
2013.03.08 01:12:44.483,1.05672,1.05695
2013.03.08 01:12:55.563,1.05673,1.05699
2013.03.08 01:12:55.683,1.05674,1.05699
2013.03.08 01:12:55.802,1.05677,1.05699
2013.03.08 01:13:04.814,1.05679,1.05699
2013.03.08 01:13:05.053,1.05677,1.05696
2013.03.08 01:13:05.874,1.05672,1.05696
2013.03.08 01:13:09.893,1.05672,1.05693
2013.03.08 01:13:09.954,1.05672,1.05692
2013.03.08 01:13:10.133,1.05672,1.05693
2013.03.08 01:13:10.194,1.05672,1.05696
2013.03.08 01:13:17.673,1.05676,1.05696
2013.03.08 01:13:18.547,1.05677,1.05698
2013.03.08 01:13:18.673,1.05677,1.057
2013.03.08 01:13:18.793,1.05677,1.057
2013.03.08 01:13:28.923,1.05679,1.05698
2013.03.08 01:13:29.234,1.05679,1.05695
2013.03.08 01:13:30.534,1.05673,1.05695
2013.03.08 01:13:41.593,1.05674,1.05698
2013.03.08 01:13:41.653,1.05674,1.05698
2013.03.08 01:13:42.172,1.05677,1.057
2013.03.08 01:13:48.797,1.0568,1.05703
2013.03.08 01:13:48.924,1.0568,1.05704
2013.03.08 01:13:49.044,1.05683,1.05707
2013.03.08 01:13:49.364,1.05688,1.05708
2013.03.08 01:13:49.612,1.05688,1.05708
2013.03.08 01:13:49.793,1.05688,1.05711
2013.03.08 01:14:12.133,1.05684,1.05711
2013.03.08 01:14:12.253,1.05684,1.05708
2013.03.08 01:14:14.617,1.05684,1.05708
2013.03.08 01:14:14.684,1.05681,1.05706
2013.03.08 01:14:18.143,1.05679,1.05699
2013.03.08 01:14:25.853,1.05679,1.05703
2013.03.08 01:14:26.422,1.05672,1.05698
2013.03.08 01:14:27.816,1.05673,1.05698
2013.03.08 01:14:28.003,1.05672,1.05695
2013.03.08 01:14:29.224,1.05672,1.05698
2013.03.08 01:14:29.294,1.05672,1.05698
2013.03.08 01:14:29.832,1.05674,1.05698
2013.03.08 01:14:29.954,1.05674,1.05699
2013.03.08 01:14:30.473,1.05677,1.05702
2013.03.08 01:14:30.786,1.05677,1.05702
2013.03.08 01:14:31.116,1.05677,1.05699
2013.03.08 01:14:31.183,1.05677,1.05703
2013.03.08 01:14:38.816,1.05679,1.05703
2013.03.08 01:14:38.993,1.05679,1.05703
2013.03.08 01:14:59.826,1.05678,1.05703
2013.03.08 01:15:00.004,1.05677,1.05702
2013.03.08 01:15:00.413,1.05677,1.05699
2013.03.08 01:15:01.237,1.05677,1.05699
2013.03.08 01:15:04.556,1.05677,1.05699
2013.03.08 01:15:05.131,1.05677,1.05703
2013.03.08 01:15:18.642,1.05677,1.05703
2013.03.08 01:15:18.765,1.05681,1.05704
2013.03.08 01:15:19.123,1.05683,1.05709
2013.03.08 01:15:19.243,1.05683,1.05709
2013.03.08 01:15:28.563,1.05686,1.05711
2013.03.08 01:15:31.405,1.05687,1.05711
2013.03.08 01:15:31.645,1.05692,1.05716
2013.03.08 01:15:31.764,1.05692,1.05716
2013.03.08 01:15:32.184,1.05691,1.05716
2013.03.08 01:15:32.723,1.05687,1.05712
2013.03.08 01:15:38.295,1.05688,1.05712
2013.03.08 01:15:38.483,1.05688,1.05712
2013.03.08 01:15:38.784,1.05687,1.05712
2013.03.08 01:15:38.843,1.05686,1.05712
2013.03.08 01:15:38.905,1.05686,1.05712
2013.03.08 01:15:47.315,1.05688,1.05713
2013.03.08 01:15:47.494,1.05688,1.05713
2013.03.08 01:15:47.804,1.05686,1.05709
2013.03.08 01:15:47.863,1.05685,1.05712
2013.03.08 01:15:47.926,1.05686,1.05712
2013.03.08 01:16:03.124,1.05691,1.05714
2013.03.08 01:16:05.103,1.05686,1.05713
2013.03.08 01:16:12.953,1.05691,1.05714
2013.03.08 01:16:16.603,1.05692,1.05717
2013.03.08 01:16:16.783,1.05692,1.05717
2013.03.08 01:16:21.684,1.05691,1.05713
2013.03.08 01:16:21.744,1.05691,1.05713
2013.03.08 01:16:22.673,1.05692,1.05716
2013.03.08 01:16:22.854,1.05691,1.05714
2013.03.08 01:16:23.033,1.05691,1.05714
2013.03.08 01:16:23.093,1.05687,1.05712
2013.03.08 01:16:26.303,1.05691,1.05716
2013.03.08 01:16:33.295,1.05692,1.05716
2013.03.08 01:16:33.593,1.05692,1.05719
2013.03.08 01:16:35.425,1.05691,1.05715
2013.03.08 01:16:35.484,1.05691,1.05715
2013.03.08 01:16:37.114,1.05691,1.05715
2013.03.08 01:16:37.174,1.05691,1.05719
2013.03.08 01:16:40.943,1.05691,1.05719
2013.03.08 01:16:41.004,1.05691,1.05716
2013.03.08 01:16:46.434,1.05691,1.05716
2013.03.08 01:16:53.343,1.05692,1.05718
2013.03.08 01:16:53.892,1.05692,1.05718
2013.03.08 01:16:58.624,1.05691,1.05716
2013.03.08 01:16:58.693,1.05691,1.05716
2013.03.08 01:17:06.704,1.05691,1.05717
2013.03.08 01:17:08.434,1.05691,1.05713
2013.03.08 01:17:08.494,1.05688,1.05712
2013.03.08 01:17:08.554,1.05688,1.05712
2013.03.08 01:17:18.047,1.0568,1.05704
2013.03.08 01:17:18.115,1.05678,1.05704
2013.03.08 01:17:30.896,1.05673,1.05697
2013.03.08 01:17:31.379,1.05672,1.05696
2013.03.08 01:17:31.564,1.05671,1.05692
2013.03.08 01:17:32.039,1.05666,1.05692
2013.03.08 01:17:39.864,1.05669,1.05694
2013.03.08 01:17:39.924,1.05669,1.05694
2013.03.08 01:17:46.694,1.05668,1.05693
2013.03.08 01:17:46.754,1.05666,1.05693
2013.03.08 01:17:52.134,1.05669,1.05693
2013.03.08 01:17:52.255,1.0567,1.05696
2013.03.08 01:17:59.423,1.05672,1.05698
2013.03.08 01:17:59.544,1.05676,1.05699
2013.03.08 01:18:00.124,1.05676,1.057
2013.03.08 01:18:11.577,1.05676,1.057
2013.03.08 01:18:11.883,1.05677,1.05702
2013.03.08 01:18:19.693,1.05678,1.05704
2013.03.08 01:18:19.853,1.05677,1.05704
2013.03.08 01:18:19.913,1.05677,1.05704
2013.03.08 01:18:20.213,1.05677,1.05702
2013.03.08 01:18:21.004,1.05677,1.05702
2013.03.08 01:18:21.363,1.05672,1.05698
2013.03.08 01:18:21.423,1.05672,1.05698
2013.03.08 01:18:32.193,1.05672,1.05695
2013.03.08 01:18:32.254,1.05672,1.05695
2013.03.08 01:18:41.712,1.05669,1.05695
2013.03.08 01:18:42.235,1.05667,1.05695
2013.03.08 01:19:14.543,1.05666,1.05693
2013.03.08 01:19:32.186,1.05668,1.05696
2013.03.08 01:19:46.355,1.05669,1.05696
2013.03.08 01:19:49.551,1.0567,1.05694
2013.03.08 01:19:49.854,1.05672,1.05696
2013.03.08 01:19:52.134,1.05676,1.05698
2013.03.08 01:19:52.254,1.05677,1.05698
2013.03.08 01:19:52.373,1.05677,1.057
2013.03.08 01:19:55.051,1.0568,1.05702
2013.03.08 01:19:55.300,1.05681,1.05703
2013.03.08 01:19:55.423,1.05681,1.05702
2013.03.08 01:19:55.924,1.05676,1.057
2013.03.08 01:19:56.414,1.05675,1.057
2013.03.08 01:19:56.775,1.05676,1.05701
2013.03.08 01:19:56.894,1.05677,1.057
2013.03.08 01:20:04.341,1.05676,1.057
2013.03.08 01:20:04.585,1.05675,1.05699
2013.03.08 01:20:13.394,1.05678,1.05704
2013.03.08 01:20:13.514,1.05679,1.05704
2013.03.08 01:20:14.404,1.05679,1.05702
2013.03.08 01:20:14.464,1.05678,1.05702
2013.03.08 01:20:21.103,1.05681,1.05702
2013.03.08 01:21:14.355,1.05676,1.05702
2013.03.08 01:21:14.595,1.05676,1.05702
2013.03.08 01:21:14.995,1.05675,1.05698
2013.03.08 01:21:34.184,1.05676,1.057
2013.03.08 01:21:34.304,1.05677,1.05702
2013.03.08 01:21:43.435,1.05681,1.05706
2013.03.08 01:21:52.635,1.0568,1.05702
2013.03.08 01:21:53.404,1.05681,1.05706
2013.03.08 01:22:28.814,1.05683,1.05709
2013.03.08 01:22:28.995,1.05678,1.05704
2013.03.08 01:22:31.154,1.05678,1.05701
2013.03.08 01:22:31.274,1.05677,1.05701
2013.03.08 01:22:36.392,1.05681,1.05704
2013.03.08 01:23:28.384,1.05681,1.05704
2013.03.08 01:23:28.624,1.05679,1.05703
2013.03.08 01:23:41.695,1.05679,1.05703
2013.03.08 01:23:44.335,1.05677,1.05701
2013.03.08 01:23:46.374,1.05677,1.05703
2013.03.08 01:23:46.435,1.05678,1.05703
2013.03.08 01:23:46.736,1.05677,1.05701
2013.03.08 01:23:47.390,1.05676,1.05701
2013.03.08 01:23:53.818,1.05677,1.05703
2013.03.08 01:23:53.884,1.05681,1.05703
2013.03.08 01:23:54.904,1.05682,1.05708
2013.03.08 01:24:32.308,1.05684,1.05709
2013.03.08 01:24:32.389,1.05684,1.05709
2013.03.08 01:24:32.635,1.05684,1.05709
2013.03.08 01:24:32.695,1.05682,1.05708
2013.03.08 01:24:43.087,1.05684,1.0571
2013.03.08 01:24:43.205,1.05684,1.0571
2013.03.08 01:24:54.084,1.05684,1.0571
2013.03.08 01:24:54.324,1.05683,1.0571
2013.03.08 01:24:57.057,1.05681,1.05708
2013.03.08 01:24:57.304,1.05681,1.05708
2013.03.08 01:25:16.324,1.05682,1.05708
2013.03.08 01:25:16.444,1.05682,1.05708
2013.03.08 01:25:24.575,1.05682,1.05708
2013.03.08 01:25:24.636,1.05682,1.05708
2013.03.08 01:25:24.995,1.05682,1.05708
2013.03.08 01:25:52.838,1.05684,1.0571
2013.03.08 01:25:52.905,1.05685,1.0571
2013.03.08 01:26:08.597,1.05688,1.05714
2013.03.08 01:26:08.715,1.05691,1.05715
2013.03.08 01:26:09.025,1.05692,1.05719
2013.03.08 01:26:09.536,1.05692,1.05719
2013.03.08 01:26:09.685,1.05692,1.05719
2013.03.08 01:26:28.864,1.05689,1.05715
2013.03.08 01:26:30.707,1.05691,1.05715
2013.03.08 01:26:31.071,1.05694,1.05718
2013.03.08 01:26:46.614,1.05694,1.0572
2013.03.08 01:26:46.921,1.05694,1.0572
2013.03.08 01:27:18.375,1.05695,1.05717
2013.03.08 01:27:27.345,1.05696,1.05721
2013.03.08 01:27:32.805,1.05694,1.05719
2013.03.08 01:27:32.925,1.05692,1.05716
2013.03.08 01:27:33.044,1.05692,1.05716
2013.03.08 01:27:38.665,1.05692,1.05714
2013.03.08 01:27:41.144,1.05692,1.05712
2013.03.08 01:27:43.594,1.05688,1.05714
2013.03.08 01:27:59.435,1.05692,1.05717
2013.03.08 01:27:59.615,1.05695,1.05719
2013.03.08 01:28:00.171,1.05695,1.05719
2013.03.08 01:28:46.523,1.05696,1.05718
2013.03.08 01:28:59.294,1.05697,1.0572
2013.03.08 01:28:59.751,1.05695,1.05723
2013.03.08 01:29:12.795,1.05695,1.05722
2013.03.08 01:29:13.094,1.05689,1.05713
2013.03.08 01:29:13.214,1.05689,1.05716
2013.03.08 01:29:13.426,1.05689,1.05716
2013.03.08 01:29:22.394,1.0569,1.05716
2013.03.08 01:29:23.112,1.0569,1.05716
2013.03.08 01:29:23.774,1.0569,1.05716
2013.03.08 01:29:29.134,1.0569,1.05716
2013.03.08 01:29:29.195,1.05691,1.05717
2013.03.08 01:29:29.375,1.05692,1.05717
2013.03.08 01:29:29.736,1.05696,1.05721
2013.03.08 01:29:29.795,1.05699,1.05721
2013.03.08 01:29:38.645,1.05699,1.05721
2013.03.08 01:29:40.386,1.05698,1.05721
2013.03.08 01:29:40.566,1.05696,1.05717
2013.03.08 01:29:40.627,1.05697,1.05718
2013.03.08 01:29:40.926,1.05695,1.05721
2013.03.08 01:29:41.539,1.05696,1.05718
2013.03.08 01:29:41.866,1.05692,1.05716
2013.03.08 01:29:47.666,1.0569,1.05709
2013.03.08 01:29:47.729,1.0569,1.05706
2013.03.08 01:29:47.856,1.05689,1.05706
2013.03.08 01:29:48.095,1.05686,1.05709
2013.03.08 01:29:48.274,1.05686,1.05707
2013.03.08 01:30:04.887,1.05679,1.05701
2013.03.08 01:30:04.959,1.05677,1.057
2013.03.08 01:30:05.667,1.05673,1.05696
2013.03.08 01:30:05.726,1.05673,1.05696
2013.03.08 01:30:06.715,1.05677,1.057
2013.03.08 01:30:24.217,1.05678,1.05704
2013.03.08 01:30:24.346,1.05683,1.05705
2013.03.08 01:30:24.464,1.05683,1.05705
2013.03.08 01:30:24.585,1.05684,1.05707
2013.03.08 01:30:24.645,1.05684,1.05707
2013.03.08 01:30:24.888,1.05683,1.05705
2013.03.08 01:30:25.135,1.05681,1.05705
2013.03.08 01:30:32.595,1.05677,1.05696
2013.03.08 01:30:32.895,1.05673,1.05696
2013.03.08 01:30:33.614,1.0567,1.05696
2013.03.08 01:30:35.356,1.05671,1.05696
2013.03.08 01:30:35.475,1.05673,1.05697
2013.03.08 01:30:41.625,1.0568,1.05704
2013.03.08 01:30:41.747,1.05684,1.05704
2013.03.08 01:30:42.054,1.05685,1.05701
2013.03.08 01:30:42.366,1.05689,1.05706
2013.03.08 01:30:42.709,1.05689,1.05706
2013.03.08 01:30:43.167,1.05689,1.05703
2013.03.08 01:30:43.296,1.05683,1.05703
2013.03.08 01:30:43.616,1.05683,1.05701
2013.03.08 01:30:43.736,1.05683,1.05697
2013.03.08 01:30:43.795,1.05679,1.05699
2013.03.08 01:30:43.915,1.05678,1.05701
2013.03.08 01:30:43.975,1.0568,1.05701
2013.03.08 01:30:44.796,1.05677,1.05701
2013.03.08 01:30:44.865,1.05677,1.05698
2013.03.08 01:30:46.920,1.0568,1.05704
2013.03.08 01:30:47.046,1.05682,1.05704
2013.03.08 01:30:47.678,1.05682,1.05704
2013.03.08 01:30:49.811,1.05687,1.05707
2013.03.08 01:30:50.114,1.05687,1.05711
2013.03.08 01:30:50.781,1.05687,1.05711
2013.03.08 01:30:55.863,1.05682,1.05706
2013.03.08 01:30:56.049,1.05681,1.05706
2013.03.08 01:30:59.865,1.05681,1.05706
2013.03.08 01:30:59.928,1.05679,1.05703
2013.03.08 01:31:00.625,1.05679,1.05705
2013.03.08 01:31:00.805,1.05682,1.05705
2013.03.08 01:31:01.137,1.05679,1.05701
2013.03.08 01:31:04.346,1.05679,1.05702
2013.03.08 01:31:04.467,1.05681,1.05702
2013.03.08 01:31:04.826,1.05679,1.05698
2013.03.08 01:31:05.895,1.0568,1.05698
2013.03.08 01:31:06.194,1.05677,1.05699
2013.03.08 01:31:06.315,1.05675,1.05699
2013.03.08 01:31:07.975,1.05677,1.05703
2013.03.08 01:31:28.734,1.05675,1.05703
2013.03.08 01:31:40.291,1.05677,1.05703
2013.03.08 01:31:40.415,1.05677,1.05703
2013.03.08 01:31:40.775,1.05675,1.05702
2013.03.08 01:31:40.894,1.05677,1.05703
2013.03.08 01:31:41.194,1.05677,1.05703
2013.03.08 01:31:44.805,1.05677,1.05703
2013.03.08 01:31:45.316,1.05675,1.05698
2013.03.08 01:31:45.615,1.05673,1.05697
2013.03.08 01:31:45.675,1.05673,1.05697
2013.03.08 01:31:46.751,1.05673,1.05697
2013.03.08 01:31:46.836,1.0567,1.05697
2013.03.08 01:31:47.135,1.0567,1.05696
2013.03.08 01:31:47.255,1.05669,1.05693
2013.03.08 01:31:47.315,1.05667,1.05693
2013.03.08 01:31:50.136,1.05665,1.05692
2013.03.08 01:31:50.317,1.0566,1.05687
2013.03.08 01:31:50.875,1.0566,1.05686
2013.03.08 01:31:53.056,1.0566,1.05684
2013.03.08 01:31:54.855,1.05662,1.05687
2013.03.08 01:31:54.915,1.05663,1.05687
2013.03.08 01:31:55.423,1.05666,1.05692
2013.03.08 01:32:02.295,1.05666,1.05692
2013.03.08 01:32:02.595,1.0566,1.05686
2013.03.08 01:32:02.715,1.0566,1.05686
2013.03.08 01:32:02.867,1.05665,1.0569
2013.03.08 01:32:05.225,1.05667,1.05692
2013.03.08 01:32:05.765,1.05665,1.05692
2013.03.08 01:32:12.540,1.05665,1.05692
2013.03.08 01:32:13.055,1.05665,1.05689
2013.03.08 01:32:16.866,1.05665,1.0569
2013.03.08 01:32:17.396,1.05665,1.0569
2013.03.08 01:32:25.705,1.05668,1.05694
2013.03.08 01:32:28.346,1.05665,1.05691
2013.03.08 01:32:29.397,1.05665,1.05691
2013.03.08 01:32:29.635,1.05664,1.05691
2013.03.08 01:32:30.627,1.05665,1.05691
2013.03.08 01:32:30.696,1.05665,1.05691
2013.03.08 01:32:31.615,1.05664,1.0569
2013.03.08 01:32:31.675,1.05664,1.0569
2013.03.08 01:32:33.312,1.05665,1.05691
2013.03.08 01:32:33.585,1.05665,1.05691
2013.03.08 01:32:39.885,1.05669,1.05694
2013.03.08 01:32:40.597,1.05669,1.05695
2013.03.08 01:32:40.965,1.0567,1.05697
2013.03.08 01:32:41.146,1.05674,1.057
2013.03.08 01:32:41.384,1.05674,1.05701
2013.03.08 01:32:43.155,1.05674,1.05701
2013.03.08 01:32:43.335,1.05674,1.05696
2013.03.08 01:32:47.831,1.05674,1.05699
2013.03.08 01:32:48.235,1.05667,1.05695
2013.03.08 01:32:55.646,1.05667,1.05695
2013.03.08 01:32:55.884,1.05672,1.05695
2013.03.08 01:32:55.945,1.05672,1.05695
2013.03.08 01:32:56.248,1.05673,1.05698
2013.03.08 01:32:56.316,1.05673,1.05698
2013.03.08 01:32:56.496,1.05673,1.05699
2013.03.08 01:32:59.820,1.05673,1.05699
2013.03.08 01:32:59.886,1.05673,1.05696
2013.03.08 01:33:00.124,1.0567,1.05694
2013.03.08 01:33:00.184,1.0567,1.05694
2013.03.08 01:33:00.436,1.0567,1.05694
2013.03.08 01:33:00.624,1.0567,1.05694
2013.03.08 01:33:00.686,1.05672,1.05694
2013.03.08 01:33:01.046,1.05672,1.05699
2013.03.08 01:33:01.165,1.05674,1.057
2013.03.08 01:33:01.225,1.05674,1.057
2013.03.08 01:33:15.834,1.05674,1.057
2013.03.08 01:33:15.894,1.05677,1.057
2013.03.08 01:33:15.956,1.05677,1.057
2013.03.08 01:33:33.594,1.05675,1.05701
2013.03.08 01:33:33.719,1.05673,1.05699
2013.03.08 01:33:34.231,1.05676,1.05701
2013.03.08 01:33:34.297,1.05676,1.05701
2013.03.08 01:33:45.145,1.05674,1.05701
2013.03.08 01:33:45.265,1.05674,1.05701
2013.03.08 01:34:12.838,1.05674,1.05701
2013.03.08 01:34:12.995,1.05674,1.05697
2013.03.08 01:34:13.058,1.05674,1.05697
2013.03.08 01:34:13.235,1.05674,1.05697
2013.03.08 01:34:13.594,1.05669,1.05697
2013.03.08 01:34:13.655,1.05671,1.05697
2013.03.08 01:34:13.956,1.05669,1.05697
2013.03.08 01:34:14.077,1.05671,1.05697
2013.03.08 01:34:14.316,1.05671,1.05697
2013.03.08 01:34:14.439,1.05669,1.05697
2013.03.08 01:34:14.646,1.05672,1.05697
2013.03.08 01:34:14.765,1.05672,1.05697
2013.03.08 01:34:15.007,1.05669,1.05696
2013.03.08 01:34:15.066,1.05669,1.05693
2013.03.08 01:34:19.059,1.05666,1.05692
2013.03.08 01:34:19.125,1.05666,1.05688
2013.03.08 01:34:19.486,1.05659,1.05684
2013.03.08 01:34:19.605,1.05659,1.05685
2013.03.08 01:34:19.906,1.05659,1.05683
2013.03.08 01:34:21.307,1.05659,1.05683
2013.03.08 01:34:22.447,1.05664,1.0569
2013.03.08 01:34:32.645,1.05664,1.05686
2013.03.08 01:34:32.944,1.05661,1.05686
2013.03.08 01:34:33.005,1.0566,1.05686
2013.03.08 01:34:35.355,1.05661,1.05686
2013.03.08 01:34:35.476,1.05661,1.05687
2013.03.08 01:34:36.365,1.0566,1.05687
2013.03.08 01:34:36.606,1.0566,1.05686
2013.03.08 01:34:36.935,1.05661,1.05687
2013.03.08 01:34:37.056,1.05661,1.05687
2013.03.08 01:34:41.115,1.0566,1.05685
2013.03.08 01:34:41.235,1.0566,1.05685
2013.03.08 01:34:43.646,1.05661,1.05687
2013.03.08 01:34:43.766,1.05661,1.05687
2013.03.08 01:34:44.085,1.0566,1.05685
2013.03.08 01:34:44.205,1.0566,1.05685
2013.03.08 01:34:46.357,1.05661,1.05685
2013.03.08 01:34:46.476,1.05661,1.05687
2013.03.08 01:34:46.917,1.0566,1.05685
2013.03.08 01:34:59.926,1.05661,1.05687
2013.03.08 01:35:00.045,1.05661,1.05687
2013.03.08 01:35:00.345,1.0566,1.05682
2013.03.08 01:35:04.607,1.05661,1.05686
2013.03.08 01:35:04.665,1.05661,1.05686
2013.03.08 01:35:06.086,1.0566,1.05686
2013.03.08 01:35:06.206,1.05657,1.05681
2013.03.08 01:35:09.916,1.05655,1.05681
2013.03.08 01:35:10.156,1.05653,1.05681
2013.03.08 01:35:11.866,1.05652,1.05676
2013.03.08 01:35:11.926,1.05657,1.05677
2013.03.08 01:35:12.205,1.0565,1.05676
2013.03.08 01:35:12.386,1.0565,1.05676
2013.03.08 01:35:13.896,1.05646,1.05671
2013.03.08 01:35:14.636,1.05646,1.05669
2013.03.08 01:35:15.297,1.05643,1.05665
2013.03.08 01:35:15.535,1.05641,1.05665
2013.03.08 01:35:17.615,1.05636,1.05659
2013.03.08 01:35:17.737,1.05636,1.05659
2013.03.08 01:35:17.857,1.05637,1.05658
2013.03.08 01:35:18.215,1.05636,1.05658
2013.03.08 01:35:18.845,1.05636,1.05661
2013.03.08 01:35:19.146,1.05639,1.05662
2013.03.08 01:35:19.637,1.05636,1.0566
2013.03.08 01:35:19.996,1.05635,1.05656
2013.03.08 01:35:33.736,1.05636,1.05658
2013.03.08 01:35:42.395,1.05634,1.05658
2013.03.08 01:35:42.456,1.05632,1.05658
2013.03.08 01:35:43.115,1.05629,1.05653
2013.03.08 01:35:43.235,1.05635,1.05656
2013.03.08 01:35:46.236,1.0563,1.05653
2013.03.08 01:35:50.846,1.0563,1.05656
2013.03.08 01:35:50.966,1.05634,1.05656
2013.03.08 01:35:52.156,1.0563,1.05654
2013.03.08 01:36:02.675,1.05631,1.05657
2013.03.08 01:36:07.446,1.05632,1.05658
2013.03.08 01:36:18.837,1.05633,1.05658
2013.03.08 01:36:19.447,1.05634,1.05658
2013.03.08 01:36:22.837,1.05634,1.05658
2013.03.08 01:36:33.146,1.05638,1.05664
2013.03.08 01:36:33.696,1.05641,1.05664
2013.03.08 01:36:33.816,1.0564,1.05664
2013.03.08 01:36:34.176,1.05637,1.05664
2013.03.08 01:36:34.805,1.05638,1.05664
2013.03.08 01:36:35.045,1.05639,1.05664
2013.03.08 01:36:35.485,1.05637,1.05664
2013.03.08 01:36:39.345,1.05637,1.05663
2013.03.08 01:36:39.525,1.05629,1.05651
2013.03.08 01:36:39.645,1.05631,1.05656
2013.03.08 01:36:40.108,1.05631,1.05656
2013.03.08 01:36:40.258,1.05634,1.05659
2013.03.08 01:36:40.566,1.0564,1.05664
2013.03.08 01:36:41.126,1.0564,1.05664
2013.03.08 01:36:41.375,1.0564,1.05666
2013.03.08 01:36:41.956,1.05642,1.05667
2013.03.08 01:36:42.079,1.05645,1.0567
2013.03.08 01:36:42.205,1.05644,1.0567
2013.03.08 01:36:46.585,1.05645,1.0567
2013.03.08 01:36:46.706,1.05644,1.0567
2013.03.08 01:36:46.926,1.05648,1.05672
2013.03.08 01:36:48.878,1.0565,1.05676
2013.03.08 01:36:48.946,1.05651,1.05677
2013.03.08 01:36:49.126,1.05651,1.05677
2013.03.08 01:36:49.675,1.05651,1.05676
2013.03.08 01:36:52.462,1.0565,1.05673
2013.03.08 01:36:52.534,1.05648,1.05672
2013.03.08 01:36:58.786,1.05647,1.0567
2013.03.08 01:36:58.906,1.05646,1.0567
2013.03.08 01:36:59.146,1.05644,1.0567
2013.03.08 01:37:01.406,1.05641,1.05667
2013.03.08 01:37:04.425,1.0564,1.05665
2013.03.08 01:37:04.545,1.0564,1.05665
2013.03.08 01:37:26.817,1.05642,1.05664
2013.03.08 01:37:27.056,1.05647,1.05669
2013.03.08 01:37:27.595,1.05647,1.0567
2013.03.08 01:37:32.416,1.05647,1.0567
2013.03.08 01:37:45.865,1.05647,1.0567
2013.03.08 01:37:46.166,1.05653,1.0567
2013.03.08 01:37:46.286,1.05653,1.05676
2013.03.08 01:37:46.526,1.05649,1.05676
2013.03.08 01:37:47.766,1.05648,1.0567
2013.03.08 01:37:47.946,1.05644,1.0567
2013.03.08 01:37:49.666,1.05644,1.05669
2013.03.08 01:37:50.588,1.05644,1.05669
2013.03.08 01:37:52.385,1.05642,1.05669
2013.03.08 01:37:52.446,1.05642,1.05669
2013.03.08 01:37:53.131,1.05642,1.05669
2013.03.08 01:37:54.385,1.05642,1.05669
2013.03.08 01:37:59.275,1.05639,1.05663
2013.03.08 01:37:59.576,1.05639,1.05663
2013.03.08 01:38:00.222,1.05639,1.05663
2013.03.08 01:38:00.744,1.05639,1.05663
2013.03.08 01:38:01.115,1.05641,1.05663
2013.03.08 01:38:01.555,1.05641,1.05664
2013.03.08 01:38:01.915,1.05642,1.05663
2013.03.08 01:38:02.036,1.0564,1.05663
2013.03.08 01:38:02.455,1.05638,1.05663
2013.03.08 01:38:03.534,1.05638,1.05664
2013.03.08 01:38:03.835,1.05641,1.05664
2013.03.08 01:38:04.345,1.05641,1.05664
2013.03.08 01:38:07.592,1.05639,1.05664
2013.03.08 01:38:07.731,1.05639,1.05663
2013.03.08 01:38:10.356,1.05635,1.05658
2013.03.08 01:38:10.476,1.05631,1.05658
2013.03.08 01:38:10.535,1.05631,1.05658
2013.03.08 01:38:10.957,1.05631,1.05654
2013.03.08 01:38:11.017,1.05628,1.05652
2013.03.08 01:38:12.554,1.05628,1.05652
2013.03.08 01:38:13.075,1.05631,1.05654
2013.03.08 01:38:15.085,1.05631,1.05654
2013.03.08 01:38:15.266,1.0564,1.05659
2013.03.08 01:38:15.325,1.05637,1.05659
2013.03.08 01:38:15.746,1.05635,1.05659
2013.03.08 01:38:15.926,1.05635,1.05659
2013.03.08 01:38:18.835,1.05631,1.05657
2013.03.08 01:38:18.896,1.05631,1.05657
2013.03.08 01:38:20.756,1.0563,1.05654
2013.03.08 01:38:20.875,1.05627,1.05653
2013.03.08 01:38:22.284,1.0563,1.05654
2013.03.08 01:38:23.107,1.0563,1.05654
2013.03.08 01:38:24.456,1.0563,1.05654
2013.03.08 01:38:25.155,1.0563,1.05654
2013.03.08 01:38:25.705,1.0563,1.05654
2013.03.08 01:38:26.447,1.0563,1.05654
2013.03.08 01:38:27.015,1.0563,1.05654
2013.03.08 01:38:39.615,1.05627,1.05654
2013.03.08 01:38:55.446,1.05627,1.05653
2013.03.08 01:38:55.506,1.05626,1.0565
2013.03.08 01:38:55.566,1.05625,1.05649
2013.03.08 01:38:55.926,1.05623,1.05648
2013.03.08 01:39:01.976,1.05626,1.05649
2013.03.08 01:39:02.036,1.05627,1.0565
2013.03.08 01:39:02.217,1.05628,1.05654
2013.03.08 01:39:02.395,1.05628,1.05654
2013.03.08 01:39:02.909,1.05628,1.05654
2013.03.08 01:39:03.446,1.05627,1.05653
2013.03.08 01:39:03.746,1.05627,1.05654
2013.03.08 01:39:07.595,1.05627,1.05654
2013.03.08 01:39:09.606,1.05627,1.05653
2013.03.08 01:39:09.789,1.0562,1.05645
2013.03.08 01:39:09.926,1.0562,1.05645
2013.03.08 01:39:10.109,1.05622,1.05649
2013.03.08 01:39:10.375,1.05626,1.05649
2013.03.08 01:39:10.557,1.05626,1.0565
2013.03.08 01:39:10.735,1.05624,1.0565
2013.03.08 01:39:11.306,1.05624,1.0565
2013.03.08 01:39:24.844,1.05624,1.05652
2013.03.08 01:39:24.966,1.05625,1.05652
2013.03.08 01:39:30.575,1.05627,1.05651
2013.03.08 01:39:33.861,1.05627,1.05651
2013.03.08 01:39:33.927,1.05627,1.05651
2013.03.08 01:39:40.595,1.05627,1.05648
2013.03.08 01:39:41.193,1.05623,1.05644
2013.03.08 01:39:47.113,1.05624,1.05644
2013.03.08 01:39:47.420,1.05625,1.05647
2013.03.08 01:39:47.485,1.05625,1.05649
2013.03.08 01:39:53.355,1.05625,1.0565
2013.03.08 01:39:53.535,1.05628,1.05649
2013.03.08 01:40:02.997,1.05634,1.05651
2013.03.08 01:40:03.175,1.05628,1.05651
2013.03.08 01:40:14.759,1.05634,1.05651
2013.03.08 01:40:24.525,1.05635,1.05657
2013.03.08 01:40:24.853,1.05635,1.05657
2013.03.08 01:40:24.916,1.05643,1.05658
2013.03.08 01:40:25.337,1.05633,1.05657
2013.03.08 01:40:25.656,1.0564,1.05662
2013.03.08 01:40:27.775,1.0564,1.05664
2013.03.08 01:40:28.428,1.0564,1.05664
2013.03.08 01:40:28.489,1.05638,1.05662
2013.03.08 01:40:28.737,1.0564,1.05664
2013.03.08 01:40:28.915,1.0564,1.05665
2013.03.08 01:40:30.347,1.0564,1.05663
2013.03.08 01:40:31.132,1.0564,1.05663
2013.03.08 01:40:31.437,1.05638,1.0566
2013.03.08 01:40:31.497,1.05634,1.0566
2013.03.08 01:40:35.606,1.05633,1.05658
2013.03.08 01:40:36.236,1.05639,1.05657
2013.03.08 01:40:36.636,1.05631,1.05657
2013.03.08 01:40:37.117,1.05632,1.05655
2013.03.08 01:40:37.296,1.05629,1.05655
2013.03.08 01:40:37.818,1.05629,1.05653
2013.03.08 01:40:40.584,1.05629,1.05652
2013.03.08 01:40:40.767,1.05627,1.05653
2013.03.08 01:40:41.353,1.05629,1.05654
2013.03.08 01:40:41.536,1.05629,1.05655
2013.03.08 01:40:42.114,1.05629,1.05655
2013.03.08 01:40:46.704,1.05629,1.05654
2013.03.08 01:40:53.657,1.05634,1.05655
2013.03.08 01:40:54.366,1.05634,1.05657
2013.03.08 01:40:58.607,1.05631,1.05655
2013.03.08 01:40:58.727,1.05629,1.05654
2013.03.08 01:40:59.325,1.05629,1.05654
2013.03.08 01:41:03.137,1.05634,1.05656
2013.03.08 01:41:05.513,1.05632,1.05655
2013.03.08 01:41:13.667,1.05629,1.05655
2013.03.08 01:41:13.750,1.05632,1.05655
2013.03.08 01:41:16.286,1.05632,1.05653
2013.03.08 01:41:16.727,1.05627,1.05653
2013.03.08 01:41:20.597,1.05627,1.05652
2013.03.08 01:41:21.337,1.05627,1.05652
2013.03.08 01:41:23.426,1.05627,1.05648
2013.03.08 01:41:23.727,1.05622,1.05639
2013.03.08 01:41:23.807,1.05622,1.0564
2013.03.08 01:41:23.927,1.05622,1.05644
2013.03.08 01:41:32.657,1.05618,1.05644
2013.03.08 01:41:33.047,1.05621,1.05644
2013.03.08 01:41:35.347,1.05625,1.05644
2013.03.08 01:41:35.529,1.05624,1.0565
2013.03.08 01:41:37.677,1.05626,1.05651
2013.03.08 01:41:37.737,1.05627,1.0565
2013.03.08 01:41:37.977,1.05624,1.0565
2013.03.08 01:41:39.977,1.05627,1.0565
2013.03.08 01:41:48.448,1.05624,1.0565
2013.03.08 01:41:52.377,1.05622,1.05648
2013.03.08 01:41:53.037,1.05622,1.05648
2013.03.08 01:41:56.949,1.05622,1.05644
2013.03.08 01:41:58.678,1.05621,1.05649
2013.03.08 01:41:58.796,1.05622,1.05649
2013.03.08 01:41:58.867,1.05627,1.05649
2013.03.08 01:41:58.987,1.05629,1.05653
2013.03.08 01:41:59.488,1.05629,1.05653
2013.03.08 01:42:05.137,1.05627,1.0565
2013.03.08 01:42:05.257,1.05623,1.05648
2013.03.08 01:42:05.498,1.0563,1.0565
2013.03.08 01:42:05.926,1.05623,1.05648
2013.03.08 01:42:08.337,1.05623,1.05647
2013.03.08 01:42:08.457,1.05621,1.05647
2013.03.08 01:42:08.897,1.05623,1.05647
2013.03.08 01:42:09.667,1.0563,1.0565
2013.03.08 01:42:11.067,1.05622,1.05648
2013.03.08 01:42:14.617,1.05622,1.05647
2013.03.08 01:42:14.737,1.05621,1.05646
2013.03.08 01:42:14.892,1.05621,1.05647
2013.03.08 01:42:14.958,1.05623,1.05647
2013.03.08 01:42:15.528,1.05623,1.05649
2013.03.08 01:42:20.087,1.05627,1.05654
2013.03.08 01:42:20.210,1.05632,1.05653
2013.03.08 01:42:20.458,1.05633,1.05659
2013.03.08 01:42:20.697,1.05635,1.05659
2013.03.08 01:42:31.008,1.05635,1.05659
2013.03.08 01:42:34.421,1.05641,1.0566
2013.03.08 01:42:36.218,1.05637,1.05659
2013.03.08 01:42:36.337,1.05635,1.05659
2013.03.08 01:42:36.400,1.05635,1.0566
2013.03.08 01:42:36.949,1.05636,1.0566
2013.03.08 01:42:37.506,1.05636,1.0566
2013.03.08 01:42:38.951,1.05636,1.0566
2013.03.08 01:42:39.297,1.05636,1.0566
2013.03.08 01:42:39.709,1.0564,1.05664
2013.03.08 01:42:39.827,1.0564,1.05665
2013.03.08 01:42:43.708,1.05637,1.05664
2013.03.08 01:42:44.919,1.05632,1.05659
2013.03.08 01:42:45.317,1.05632,1.05659
2013.03.08 01:42:45.510,1.05632,1.05659
2013.03.08 01:42:46.617,1.05633,1.05659
2013.03.08 01:42:47.165,1.05633,1.05659
2013.03.08 01:42:47.418,1.05631,1.05659
2013.03.08 01:42:47.477,1.05631,1.05659
2013.03.08 01:42:48.287,1.05629,1.05653
2013.03.08 01:42:48.834,1.05629,1.05653
2013.03.08 01:42:49.889,1.05629,1.05653
2013.03.08 01:42:50.227,1.05629,1.05653
2013.03.08 01:42:51.387,1.05626,1.05653
2013.03.08 01:42:51.888,1.05626,1.05653
2013.03.08 01:42:53.648,1.05628,1.05653
2013.03.08 01:42:53.887,1.05632,1.05658
2013.03.08 01:42:55.117,1.05632,1.05658
2013.03.08 01:42:55.684,1.05632,1.05657
2013.03.08 01:42:58.057,1.05632,1.05658
2013.03.08 01:43:05.311,1.05634,1.0566
2013.03.08 01:43:05.637,1.05637,1.0566
2013.03.08 01:43:13.679,1.05634,1.05658
2013.03.08 01:43:14.238,1.05636,1.0566
2013.03.08 01:43:18.187,1.05638,1.05664
2013.03.08 01:43:18.427,1.05641,1.05665
2013.03.08 01:43:18.728,1.05641,1.05666
2013.03.08 01:43:42.836,1.05639,1.05665
2013.03.08 01:43:43.047,1.05638,1.05665
2013.03.08 01:43:44.327,1.05636,1.05661
2013.03.08 01:43:44.707,1.05634,1.0566
2013.03.08 01:43:45.134,1.05636,1.0566
2013.03.08 01:43:45.397,1.05634,1.0566
2013.03.08 01:43:45.627,1.05634,1.05661
2013.03.08 01:43:45.747,1.05636,1.05664
2013.03.08 01:43:45.867,1.05638,1.05665
2013.03.08 01:43:46.051,1.05638,1.05664
2013.03.08 01:43:46.436,1.05638,1.05665
2013.03.08 01:43:46.497,1.05638,1.05665
2013.03.08 01:43:46.568,1.05638,1.05665
2013.03.08 01:43:56.399,1.05637,1.05664
2013.03.08 01:43:57.489,1.05638,1.05664
2013.03.08 01:43:58.244,1.0564,1.05665
2013.03.08 01:44:07.827,1.05636,1.05664
2013.03.08 01:44:08.156,1.05637,1.05662
2013.03.08 01:44:08.577,1.05636,1.05662
2013.03.08 01:44:08.697,1.05636,1.05663
2013.03.08 01:44:10.457,1.0564,1.05666
2013.03.08 01:44:10.817,1.05642,1.05668
2013.03.08 01:44:14.058,1.05647,1.05671
2013.03.08 01:44:14.117,1.05647,1.05673
2013.03.08 01:44:14.177,1.0565,1.05673
2013.03.08 01:44:14.538,1.05653,1.05678
2013.03.08 01:44:14.861,1.05657,1.05682
2013.03.08 01:44:23.641,1.05657,1.05682
2013.03.08 01:44:34.769,1.05656,1.05682
2013.03.08 01:45:14.526,1.05654,1.05682
2013.03.08 01:45:16.139,1.05656,1.05683
2013.03.08 01:45:16.599,1.05656,1.05683
2013.03.08 01:45:16.897,1.05656,1.0568
2013.03.08 01:45:24.137,1.05656,1.05678
2013.03.08 01:45:24.377,1.0565,1.05678
2013.03.08 01:45:24.907,1.05652,1.05679
2013.03.08 01:45:25.617,1.05652,1.05679
2013.03.08 01:45:26.308,1.05651,1.05678
2013.03.08 01:45:26.557,1.0565,1.05678
2013.03.08 01:45:28.440,1.05651,1.05678
2013.03.08 01:45:28.510,1.05651,1.05679
2013.03.08 01:45:36.188,1.05652,1.05678
2013.03.08 01:45:41.847,1.05651,1.05678
2013.03.08 01:45:42.219,1.05651,1.05678
2013.03.08 01:45:42.819,1.05651,1.05678
2013.03.08 01:45:44.611,1.0565,1.05675
2013.03.08 01:45:48.447,1.05648,1.05674
2013.03.08 01:45:49.237,1.05651,1.05675
2013.03.08 01:45:50.287,1.05652,1.05678
2013.03.08 01:45:50.588,1.05655,1.05679
2013.03.08 01:45:52.387,1.05658,1.05681
2013.03.08 01:45:52.567,1.0566,1.05683
2013.03.08 01:45:52.628,1.0566,1.05683
2013.03.08 01:45:52.747,1.05663,1.05689
2013.03.08 01:45:52.807,1.05663,1.05689
2013.03.08 01:45:56.630,1.05661,1.05689
2013.03.08 01:45:57.167,1.0566,1.05687
2013.03.08 01:46:04.568,1.0566,1.05684
2013.03.08 01:46:04.818,1.0566,1.05686
2013.03.08 01:46:04.878,1.0566,1.05686
2013.03.08 01:46:05.238,1.05659,1.05684
2013.03.08 01:46:34.647,1.05661,1.05685
2013.03.08 01:46:34.959,1.05662,1.05685
2013.03.08 01:46:36.717,1.05662,1.05689
2013.03.08 01:46:50.357,1.05662,1.05686
2013.03.08 01:46:50.417,1.05659,1.05685
2013.03.08 01:46:50.597,1.05659,1.05685
2013.03.08 01:46:50.839,1.05656,1.05681
2013.03.08 01:47:07.827,1.05656,1.05681
2013.03.08 01:47:07.947,1.05656,1.05681
2013.03.08 01:47:08.127,1.0566,1.05684
2013.03.08 01:47:09.668,1.0566,1.05684
2013.03.08 01:47:24.547,1.0566,1.05684
2013.03.08 01:47:28.387,1.0566,1.05684
2013.03.08 01:47:35.837,1.05658,1.05682
2013.03.08 01:47:36.339,1.05658,1.05679
2013.03.08 01:47:40.468,1.05656,1.05679
2013.03.08 01:47:40.527,1.05655,1.05679
2013.03.08 01:47:40.588,1.05655,1.05679
2013.03.08 01:47:40.947,1.0565,1.05668
2013.03.08 01:47:41.070,1.05648,1.05669
2013.03.08 01:47:46.128,1.05648,1.05674
2013.03.08 01:47:46.188,1.05648,1.05674
2013.03.08 01:47:46.697,1.0565,1.05675
2013.03.08 01:47:51.057,1.05652,1.05674
2013.03.08 01:47:51.838,1.05655,1.05676
2013.03.08 01:47:51.898,1.05655,1.05676
2013.03.08 01:47:55.068,1.05655,1.05679
2013.03.08 01:47:55.764,1.05652,1.05674
2013.03.08 01:47:57.681,1.05647,1.05674
2013.03.08 01:48:09.917,1.05652,1.05674
2013.03.08 01:48:24.347,1.05654,1.05676
2013.03.08 01:48:24.407,1.05654,1.05677
2013.03.08 01:48:24.927,1.05654,1.05679
2013.03.08 01:48:32.807,1.05652,1.05677
2013.03.08 01:48:32.929,1.05652,1.05673
2013.03.08 01:48:33.168,1.05653,1.05679
2013.03.08 01:48:36.326,1.05652,1.05676
2013.03.08 01:48:36.448,1.05652,1.05674
2013.03.08 01:48:36.959,1.05653,1.05674
2013.03.08 01:48:37.018,1.05653,1.05674
2013.03.08 01:48:37.078,1.05656,1.05674
2013.03.08 01:48:37.138,1.05656,1.05678
2013.03.08 01:48:38.348,1.05656,1.05676
2013.03.08 01:48:39.187,1.05653,1.05673
2013.03.08 01:48:39.874,1.05652,1.05673
2013.03.08 01:48:59.678,1.05651,1.05676
2013.03.08 01:49:17.729,1.05654,1.05676
2013.03.08 01:49:28.687,1.05652,1.05675
2013.03.08 01:49:28.747,1.05651,1.05675
2013.03.08 01:49:36.335,1.05651,1.05673
2013.03.08 01:50:23.917,1.05648,1.05668
2013.03.08 01:50:24.037,1.05644,1.05668
2013.03.08 01:50:24.159,1.05643,1.05666
2013.03.08 01:50:24.458,1.05641,1.05664
2013.03.08 01:50:24.577,1.05638,1.05659
2013.03.08 01:50:24.759,1.05636,1.05659
2013.03.08 01:50:24.840,1.05636,1.05659
2013.03.08 01:50:27.462,1.05634,1.05653
2013.03.08 01:50:27.587,1.05632,1.05653
2013.03.08 01:50:47.668,1.05632,1.05653
2013.03.08 01:50:48.837,1.05632,1.05653
2013.03.08 01:50:52.938,1.05632,1.05658
2013.03.08 01:50:52.999,1.05632,1.05658
2013.03.08 01:50:53.119,1.05633,1.05658
2013.03.08 01:50:53.238,1.0564,1.05661
2013.03.08 01:50:53.478,1.05636,1.05658
2013.03.08 01:50:53.607,1.05638,1.05662
2013.03.08 01:50:53.667,1.05639,1.05662
2013.03.08 01:50:54.298,1.05639,1.05662
2013.03.08 01:50:54.419,1.05646,1.05667
2013.03.08 01:50:54.540,1.05646,1.0567
2013.03.08 01:50:54.598,1.05646,1.0567
2013.03.08 01:50:54.898,1.05646,1.05672
2013.03.08 01:50:55.018,1.0565,1.05672
2013.03.08 01:50:56.302,1.0565,1.0567
2013.03.08 01:50:56.499,1.05643,1.05669
2013.03.08 01:51:03.829,1.05643,1.05668
2013.03.08 01:51:03.949,1.05643,1.05664
2013.03.08 01:51:04.068,1.05643,1.05668
2013.03.08 01:51:04.188,1.05644,1.05668
2013.03.08 01:51:10.660,1.05649,1.05672
2013.03.08 01:51:14.377,1.05649,1.05672
2013.03.08 01:51:15.057,1.05648,1.05672
2013.03.08 01:51:15.377,1.05646,1.05672
2013.03.08 01:51:15.557,1.05643,1.05664
2013.03.08 01:51:15.618,1.05643,1.05664
2013.03.08 01:51:15.799,1.05643,1.05669
2013.03.08 01:51:16.077,1.05644,1.05668
2013.03.08 01:51:16.208,1.05643,1.05668
2013.03.08 01:51:19.537,1.05643,1.05669
2013.03.08 01:51:19.658,1.05643,1.05667
2013.03.08 01:51:27.367,1.05642,1.05665
2013.03.08 01:51:27.488,1.0564,1.05662
2013.03.08 01:51:46.738,1.05642,1.05668
2013.03.08 01:51:46.798,1.05642,1.05668
2013.03.08 01:51:47.098,1.05642,1.05668
2013.03.08 01:51:47.219,1.05642,1.05666
2013.03.08 01:51:56.868,1.05643,1.05668
2013.03.08 01:51:57.178,1.05645,1.05664
2013.03.08 01:51:57.418,1.05643,1.05664
2013.03.08 01:51:57.478,1.05641,1.05664
2013.03.08 01:52:00.400,1.05642,1.05667
2013.03.08 01:52:00.759,1.05641,1.05664
2013.03.08 01:52:01.317,1.05637,1.05663
2013.03.08 01:52:06.593,1.05637,1.05663
2013.03.08 01:52:07.098,1.05641,1.05664
2013.03.08 01:52:16.096,1.05642,1.05667
2013.03.08 01:52:16.218,1.05642,1.05667
2013.03.08 01:52:21.878,1.05641,1.05663
2013.03.08 01:52:21.937,1.05641,1.05663
2013.03.08 01:52:22.117,1.05642,1.05668
2013.03.08 01:52:22.238,1.05642,1.05668
2013.03.08 01:52:22.359,1.05641,1.05663
2013.03.08 01:52:25.288,1.05641,1.05665
2013.03.08 01:52:25.440,1.05642,1.05667
2013.03.08 01:52:26.047,1.05642,1.05668
2013.03.08 01:52:35.835,1.05642,1.05665
2013.03.08 01:52:36.138,1.05637,1.05662
2013.03.08 01:52:36.318,1.05636,1.05662
2013.03.08 01:52:40.598,1.05636,1.05663
2013.03.08 01:52:52.232,1.05636,1.05662
2013.03.08 01:52:56.157,1.05635,1.05661
2013.03.08 01:53:36.168,1.05633,1.05661
2013.03.08 01:53:41.459,1.05632,1.05655
2013.03.08 01:53:41.699,1.05632,1.05659
2013.03.08 01:53:41.757,1.05632,1.05659
2013.03.08 01:53:50.150,1.05632,1.05658
2013.03.08 01:53:50.268,1.05632,1.05658
2013.03.08 01:54:17.852,1.05632,1.05658
2013.03.08 01:54:17.918,1.05632,1.05658
2013.03.08 01:54:18.038,1.05632,1.05658
2013.03.08 01:54:19.849,1.05632,1.05659
2013.03.08 01:54:20.088,1.05639,1.05663
2013.03.08 01:54:21.040,1.05637,1.05663
2013.03.08 01:54:21.221,1.05637,1.05662
2013.03.08 01:54:21.348,1.05632,1.05657
2013.03.08 01:54:21.707,1.05631,1.05659
2013.03.08 01:54:23.608,1.05633,1.05659
2013.03.08 01:54:23.968,1.05638,1.05663
2013.03.08 01:54:38.088,1.05636,1.05663
2013.03.08 01:54:38.149,1.05636,1.05663
2013.03.08 01:54:38.327,1.0563,1.05658
2013.03.08 01:54:38.448,1.05631,1.05658
2013.03.08 01:54:39.168,1.05632,1.05658
2013.03.08 01:54:39.228,1.05632,1.05658
2013.03.08 01:55:19.189,1.05633,1.05659
2013.03.08 01:55:19.429,1.05638,1.05664
2013.03.08 01:55:19.552,1.05638,1.05664
2013.03.08 01:55:21.311,1.05635,1.05661
2013.03.08 01:55:21.835,1.05634,1.05661
2013.03.08 01:55:47.178,1.05632,1.05659
2013.03.08 01:55:47.239,1.05632,1.05656
2013.03.08 01:55:47.747,1.05632,1.05659
2013.03.08 01:56:09.168,1.05631,1.05657
2013.03.08 01:56:09.228,1.05631,1.05657
2013.03.08 01:56:10.594,1.05631,1.05657
2013.03.08 01:56:10.659,1.05631,1.05657
2013.03.08 01:56:32.108,1.05633,1.0566
2013.03.08 01:56:32.230,1.05637,1.0566
2013.03.08 01:56:55.399,1.05633,1.0566
2013.03.08 01:56:55.459,1.05633,1.0566
2013.03.08 01:56:55.699,1.05633,1.05658
2013.03.08 01:56:56.421,1.05633,1.05658
2013.03.08 01:56:56.491,1.05633,1.0566
2013.03.08 01:57:23.308,1.05633,1.05656
2013.03.08 01:57:23.429,1.05627,1.05653
2013.03.08 01:57:24.098,1.05626,1.05651
2013.03.08 01:57:41.018,1.05626,1.0565
2013.03.08 01:57:44.285,1.05626,1.0565
2013.03.08 01:58:03.577,1.05623,1.05649
2013.03.08 01:58:10.281,1.05622,1.05649
2013.03.08 01:58:23.618,1.05622,1.05652
2013.03.08 01:58:37.599,1.05623,1.05649
2013.03.08 01:58:37.840,1.05627,1.05653
2013.03.08 01:58:48.107,1.05626,1.0565
2013.03.08 01:58:56.629,1.05623,1.05649
2013.03.08 01:58:56.809,1.05623,1.05649
2013.03.08 01:59:01.692,1.05627,1.05648
2013.03.08 01:59:08.949,1.05627,1.05648
2013.03.08 01:59:09.010,1.05627,1.05651
2013.03.08 01:59:09.311,1.05632,1.05653
2013.03.08 01:59:33.399,1.05633,1.05656
