Time,Bid,Ask
2013.03.27 00:00:00.196,1.06491,1.06519
2013.03.27 00:00:01.195,1.06492,1.06518
2013.03.27 00:00:01.315,1.06492,1.06519
2013.03.27 00:00:01.675,1.06493,1.06518
2013.03.27 00:00:01.795,1.06491,1.06518
2013.03.27 00:00:01.855,1.06491,1.06518
2013.03.27 00:00:02.155,1.0649,1.06513
2013.03.27 00:00:02.287,1.06489,1.06513
2013.03.27 00:00:03.248,1.0649,1.06516
2013.03.27 00:00:03.506,1.0649,1.06516
2013.03.27 00:00:07.156,1.06489,1.06514
2013.03.27 00:00:07.761,1.06489,1.06513
2013.03.27 00:00:08.327,1.06486,1.06513
2013.03.27 00:00:12.785,1.06486,1.06513
2013.03.27 00:00:12.905,1.06482,1.06509
2013.03.27 00:00:13.546,1.06485,1.06511
2013.03.27 00:00:13.605,1.06485,1.06513
2013.03.27 00:00:15.455,1.06485,1.06511
2013.03.27 00:00:18.395,1.06485,1.06513
2013.03.27 00:00:19.805,1.06486,1.06513
2013.03.27 00:00:20.402,1.06486,1.06513
2013.03.27 00:00:22.536,1.06486,1.06513
2013.03.27 00:00:23.432,1.06486,1.06515
2013.03.27 00:00:24.726,1.06494,1.06519
2013.03.27 00:00:24.786,1.06494,1.0652
2013.03.27 00:00:24.965,1.06494,1.06519
2013.03.27 00:00:25.468,1.06494,1.06519
2013.03.27 00:00:26.065,1.06491,1.06519
2013.03.27 00:00:26.632,1.06494,1.06519
2013.03.27 00:00:26.935,1.06496,1.06523
2013.03.27 00:00:32.395,1.06497,1.06525
2013.03.27 00:00:32.455,1.06498,1.06525
2013.03.27 00:00:32.575,1.06498,1.06527
2013.03.27 00:00:32.636,1.06501,1.06527
2013.03.27 00:00:32.695,1.06503,1.06528
2013.03.27 00:00:33.036,1.06504,1.06529
2013.03.27 00:00:33.396,1.06508,1.06534
2013.03.27 00:00:33.456,1.06507,1.06534
2013.03.27 00:00:33.986,1.06508,1.06534
2013.03.27 00:00:44.431,1.06508,1.06534
2013.03.27 00:00:47.256,1.06508,1.06534
2013.03.27 00:00:49.906,1.06508,1.06534
2013.03.27 00:00:50.876,1.06506,1.06534
2013.03.27 00:00:51.208,1.06504,1.0653
2013.03.27 00:00:53.864,1.06503,1.0653
2013.03.27 00:00:54.246,1.06503,1.06528
2013.03.27 00:00:54.896,1.06501,1.06528
2013.03.27 00:00:55.077,1.06498,1.06526
2013.03.27 00:00:56.165,1.06498,1.06524
2013.03.27 00:01:00.752,1.06493,1.06519
2013.03.27 00:01:02.078,1.06492,1.06522
2013.03.27 00:01:08.168,1.06493,1.06519
2013.03.27 00:01:09.342,1.06491,1.06519
2013.03.27 00:01:18.651,1.06492,1.06519
2013.03.27 00:01:20.346,1.06494,1.0652
2013.03.27 00:01:23.886,1.06494,1.06521
2013.03.27 00:01:24.547,1.06496,1.06523
2013.03.27 00:01:24.666,1.065,1.06524
2013.03.27 00:01:25.366,1.065,1.06527
2013.03.27 00:01:25.666,1.06495,1.06522
2013.03.27 00:01:26.347,1.06495,1.06523
2013.03.27 00:01:27.895,1.06495,1.06522
2013.03.27 00:01:28.367,1.06495,1.06523
2013.03.27 00:01:29.062,1.06495,1.06522
2013.03.27 00:01:29.158,1.06495,1.06523
2013.03.27 00:01:29.216,1.06495,1.06523
2013.03.27 00:01:45.746,1.06499,1.06524
2013.03.27 00:01:48.547,1.06499,1.06524
2013.03.27 00:01:55.942,1.06494,1.0652
2013.03.27 00:01:56.502,1.06494,1.0652
2013.03.27 00:02:00.668,1.06494,1.0652
2013.03.27 00:02:01.798,1.06492,1.0652
2013.03.27 00:02:02.474,1.06494,1.0652
2013.03.27 00:02:05.127,1.06494,1.06522
2013.03.27 00:02:10.916,1.06495,1.06522
2013.03.27 00:02:11.038,1.06496,1.06522
2013.03.27 00:02:11.407,1.065,1.06525
2013.03.27 00:02:12.680,1.06501,1.06525
2013.03.27 00:02:22.117,1.06501,1.06524
2013.03.27 00:02:26.697,1.06496,1.06521
2013.03.27 00:02:27.496,1.06495,1.0652
2013.03.27 00:02:30.255,1.06495,1.06521
2013.03.27 00:02:30.811,1.06495,1.06521
2013.03.27 00:02:31.794,1.06495,1.06521
2013.03.27 00:02:36.636,1.06495,1.06521
2013.03.27 00:02:36.757,1.06495,1.06519
2013.03.27 00:02:37.110,1.06491,1.06515
2013.03.27 00:02:37.474,1.06491,1.06515
2013.03.27 00:03:00.245,1.06492,1.06517
2013.03.27 00:03:07.457,1.06491,1.06517
2013.03.27 00:03:15.376,1.06492,1.06517
2013.03.27 00:03:19.768,1.06491,1.06519
2013.03.27 00:03:20.537,1.06493,1.06519
2013.03.27 00:03:20.597,1.06496,1.06522
2013.03.27 00:03:40.658,1.06496,1.0652
2013.03.27 00:03:41.671,1.06494,1.06519
2013.03.27 00:03:41.737,1.06491,1.06516
2013.03.27 00:03:59.096,1.0649,1.06516
2013.03.27 00:04:01.786,1.06489,1.06513
2013.03.27 00:04:04.689,1.06489,1.06513
2013.03.27 00:04:05.282,1.06487,1.06513
2013.03.27 00:04:05.906,1.06487,1.06513
2013.03.27 00:04:12.579,1.06487,1.06513
2013.03.27 00:04:18.186,1.06487,1.06513
2013.03.27 00:04:21.897,1.06487,1.06515
2013.03.27 00:04:27.276,1.0649,1.06517
2013.03.27 00:04:35.177,1.06491,1.06517
2013.03.27 00:04:41.876,1.0649,1.06517
2013.03.27 00:04:45.906,1.06492,1.06517
2013.03.27 00:04:46.093,1.06492,1.06517
2013.03.27 00:04:46.636,1.06494,1.0652
2013.03.27 00:04:47.147,1.06495,1.06522
2013.03.27 00:04:47.747,1.06496,1.06522
2013.03.27 00:04:47.867,1.06498,1.06525
2013.03.27 00:04:50.636,1.06496,1.06522
2013.03.27 00:04:51.782,1.06497,1.06523
2013.03.27 00:04:52.548,1.065,1.06527
2013.03.27 00:04:57.917,1.065,1.06527
2013.03.27 00:05:00.289,1.06503,1.06527
2013.03.27 00:05:00.546,1.06503,1.06531
2013.03.27 00:05:00.787,1.06505,1.06531
2013.03.27 00:05:03.980,1.06505,1.06531
2013.03.27 00:05:09.276,1.06505,1.06531
2013.03.27 00:05:09.335,1.06508,1.06533
2013.03.27 00:05:26.786,1.06508,1.06532
2013.03.27 00:05:27.822,1.06507,1.06532
2013.03.27 00:05:28.356,1.0651,1.06534
2013.03.27 00:05:48.275,1.06509,1.06537
2013.03.27 00:05:53.746,1.06505,1.06531
2013.03.27 00:05:53.806,1.06505,1.06531
2013.03.27 00:05:54.276,1.06502,1.06527
2013.03.27 00:05:54.596,1.065,1.06527
2013.03.27 00:05:55.832,1.065,1.06527
2013.03.27 00:05:56.016,1.06502,1.06528
2013.03.27 00:05:57.372,1.06504,1.0653
2013.03.27 00:06:01.135,1.06504,1.0653
2013.03.27 00:06:02.322,1.06504,1.06529
2013.03.27 00:06:02.567,1.065,1.06527
2013.03.27 00:06:04.676,1.06501,1.06527
2013.03.27 00:06:05.495,1.06504,1.06529
2013.03.27 00:06:16.189,1.06506,1.06531
2013.03.27 00:06:16.617,1.06507,1.06531
2013.03.27 00:06:20.147,1.06506,1.06531
2013.03.27 00:06:20.565,1.06504,1.06531
2013.03.27 00:06:20.747,1.06506,1.06531
2013.03.27 00:06:21.186,1.0651,1.06535
2013.03.27 00:06:25.366,1.06511,1.06536
2013.03.27 00:06:25.546,1.06511,1.06536
2013.03.27 00:06:25.725,1.06511,1.06536
2013.03.27 00:06:29.557,1.06511,1.06536
2013.03.27 00:06:29.616,1.06511,1.06536
2013.03.27 00:06:29.856,1.06511,1.06536
2013.03.27 00:06:29.978,1.06504,1.06527
2013.03.27 00:06:30.278,1.06501,1.06524
2013.03.27 00:06:30.397,1.065,1.06524
2013.03.27 00:06:30.518,1.06499,1.06523
2013.03.27 00:06:30.876,1.06498,1.06522
2013.03.27 00:06:31.188,1.06496,1.06522
2013.03.27 00:06:32.566,1.06496,1.06522
2013.03.27 00:06:32.793,1.06497,1.06523
2013.03.27 00:06:33.336,1.06502,1.06527
2013.03.27 00:06:33.896,1.06502,1.06528
2013.03.27 00:06:34.076,1.06506,1.06532
2013.03.27 00:06:34.196,1.06509,1.06532
2013.03.27 00:06:34.737,1.06511,1.06537
2013.03.27 00:06:34.856,1.06512,1.06537
2013.03.27 00:06:35.398,1.06512,1.06537
2013.03.27 00:06:35.946,1.06516,1.06543
2013.03.27 00:06:37.476,1.06515,1.0654
2013.03.27 00:06:37.597,1.06511,1.06535
2013.03.27 00:06:38.167,1.06509,1.06535
2013.03.27 00:06:45.635,1.06511,1.06535
2013.03.27 00:06:51.916,1.06509,1.06535
2013.03.27 00:06:51.978,1.06506,1.0653
2013.03.27 00:06:52.036,1.06506,1.0653
2013.03.27 00:06:52.156,1.06506,1.06532
2013.03.27 00:06:52.347,1.06506,1.0653
2013.03.27 00:06:59.727,1.06504,1.06528
2013.03.27 00:06:59.846,1.06502,1.06525
2013.03.27 00:07:00.567,1.06501,1.06525
2013.03.27 00:07:01.801,1.06502,1.06528
2013.03.27 00:07:09.217,1.06506,1.06531
2013.03.27 00:07:13.597,1.06507,1.06533
2013.03.27 00:07:14.766,1.06512,1.06538
2013.03.27 00:07:15.075,1.06512,1.06539
2013.03.27 00:07:17.826,1.06509,1.06535
2013.03.27 00:07:17.887,1.06508,1.06535
2013.03.27 00:07:20.896,1.06509,1.06535
2013.03.27 00:07:23.160,1.06508,1.06535
2013.03.27 00:07:27.106,1.06508,1.06532
2013.03.27 00:07:27.287,1.06505,1.0653
2013.03.27 00:07:30.366,1.06505,1.0653
2013.03.27 00:07:30.786,1.06499,1.06526
2013.03.27 00:07:37.409,1.06499,1.06526
2013.03.27 00:07:37.587,1.06496,1.06521
2013.03.27 00:07:37.647,1.06501,1.06524
2013.03.27 00:07:37.846,1.06501,1.06523
2013.03.27 00:07:38.087,1.06501,1.06524
2013.03.27 00:07:38.326,1.06503,1.06527
2013.03.27 00:07:38.387,1.06503,1.06528
2013.03.27 00:07:39.087,1.06502,1.06527
2013.03.27 00:07:40.268,1.06502,1.06527
2013.03.27 00:07:40.660,1.06502,1.06523
2013.03.27 00:07:40.988,1.06496,1.0652
2013.03.27 00:07:41.588,1.06491,1.06518
2013.03.27 00:07:43.877,1.06494,1.06519
2013.03.27 00:07:43.936,1.06494,1.06521
2013.03.27 00:07:44.118,1.06497,1.0652
2013.03.27 00:07:44.357,1.06495,1.06521
2013.03.27 00:07:49.646,1.06496,1.06523
2013.03.27 00:07:49.826,1.06501,1.06526
2013.03.27 00:07:49.892,1.06501,1.06526
2013.03.27 00:07:50.077,1.06496,1.06521
2013.03.27 00:07:54.516,1.06497,1.06521
2013.03.27 00:07:54.785,1.06498,1.06523
2013.03.27 00:07:55.327,1.06501,1.06527
2013.03.27 00:07:55.886,1.06502,1.06527
2013.03.27 00:07:55.948,1.06505,1.06529
2013.03.27 00:07:56.008,1.06506,1.06531
2013.03.27 00:08:00.367,1.06506,1.06529
2013.03.27 00:08:00.430,1.06504,1.06528
2013.03.27 00:08:04.913,1.065,1.06525
2013.03.27 00:08:19.830,1.06501,1.06525
2013.03.27 00:08:22.086,1.06499,1.06526
2013.03.27 00:08:22.387,1.06501,1.06526
2013.03.27 00:08:22.447,1.06499,1.06523
2013.03.27 00:08:22.507,1.06501,1.06524
2013.03.27 00:08:22.806,1.065,1.06526
2013.03.27 00:08:23.406,1.06501,1.06526
2013.03.27 00:08:23.466,1.06501,1.06526
2013.03.27 00:08:23.826,1.06501,1.06526
2013.03.27 00:08:25.347,1.06495,1.06523
2013.03.27 00:08:25.908,1.06501,1.06525
2013.03.27 00:08:34.203,1.06499,1.06525
2013.03.27 00:08:44.998,1.06501,1.06525
2013.03.27 00:08:45.246,1.06501,1.06525
2013.03.27 00:08:45.349,1.06501,1.06526
2013.03.27 00:08:45.896,1.06505,1.06529
2013.03.27 00:08:46.076,1.06507,1.06529
2013.03.27 00:08:46.197,1.06507,1.06531
2013.03.27 00:08:46.497,1.06508,1.06533
2013.03.27 00:08:49.246,1.06507,1.06534
2013.03.27 00:08:49.786,1.06505,1.0653
2013.03.27 00:08:49.907,1.06505,1.06531
2013.03.27 00:08:54.156,1.06507,1.0653
2013.03.27 00:08:54.921,1.0651,1.06534
2013.03.27 00:08:54.994,1.0651,1.06531
2013.03.27 00:09:03.813,1.06506,1.06529
2013.03.27 00:09:07.550,1.06511,1.06534
2013.03.27 00:09:09.696,1.0651,1.06535
2013.03.27 00:09:12.829,1.06511,1.06533
2013.03.27 00:09:15.568,1.06507,1.06533
2013.03.27 00:09:16.588,1.06509,1.06534
2013.03.27 00:09:17.119,1.06507,1.06533
2013.03.27 00:09:19.186,1.06504,1.06528
2013.03.27 00:09:22.617,1.06504,1.0653
2013.03.27 00:09:30.688,1.06507,1.06531
2013.03.27 00:09:31.451,1.06507,1.06534
2013.03.27 00:09:32.909,1.06507,1.06534
2013.03.27 00:09:34.046,1.06511,1.06536
2013.03.27 00:09:34.286,1.06511,1.06534
2013.03.27 00:09:35.245,1.06504,1.06528
2013.03.27 00:09:35.320,1.06505,1.06532
2013.03.27 00:09:39.339,1.06506,1.06533
2013.03.27 00:09:46.086,1.06511,1.06534
2013.03.27 00:09:49.147,1.06512,1.06537
2013.03.27 00:09:49.266,1.06516,1.06539
2013.03.27 00:09:49.327,1.06516,1.0654
2013.03.27 00:09:50.896,1.06516,1.06544
2013.03.27 00:09:51.316,1.06521,1.06546
2013.03.27 00:09:51.376,1.06522,1.06548
2013.03.27 00:09:51.906,1.06521,1.06546
2013.03.27 00:09:52.607,1.06522,1.06546
2013.03.27 00:09:57.767,1.06524,1.0655
2013.03.27 00:09:58.318,1.06525,1.0655
2013.03.27 00:09:58.836,1.06526,1.0655
2013.03.27 00:10:00.199,1.06525,1.0655
2013.03.27 00:10:07.816,1.06523,1.0655
2013.03.27 00:10:08.176,1.0652,1.06546
2013.03.27 00:10:08.418,1.06518,1.0654
2013.03.27 00:10:10.757,1.06516,1.0654
2013.03.27 00:10:20.306,1.06515,1.0654
2013.03.27 00:10:20.546,1.0651,1.06536
2013.03.27 00:10:28.596,1.06509,1.06536
2013.03.27 00:10:29.318,1.06509,1.06536
2013.03.27 00:10:30.096,1.06508,1.06536
2013.03.27 00:10:30.697,1.06509,1.06536
2013.03.27 00:10:31.297,1.06511,1.06536
2013.03.27 00:10:31.667,1.06509,1.06536
2013.03.27 00:10:31.886,1.06509,1.06536
2013.03.27 00:10:32.508,1.06511,1.06536
2013.03.27 00:10:32.857,1.06511,1.06536
2013.03.27 00:10:33.216,1.06514,1.06541
2013.03.27 00:10:41.396,1.06513,1.06539
2013.03.27 00:10:44.106,1.06512,1.06536
2013.03.27 00:10:44.169,1.06509,1.06535
2013.03.27 00:10:44.286,1.06508,1.06535
2013.03.27 00:10:44.726,1.06506,1.06531
2013.03.27 00:10:53.807,1.06503,1.06527
2013.03.27 00:10:54.397,1.06503,1.06525
2013.03.27 00:10:59.920,1.06501,1.06525
2013.03.27 00:11:02.407,1.06499,1.06525
2013.03.27 00:11:03.418,1.06497,1.06521
2013.03.27 00:11:05.207,1.06499,1.06526
2013.03.27 00:11:13.592,1.06499,1.06526
2013.03.27 00:11:16.337,1.06499,1.06526
2013.03.27 00:11:16.636,1.06502,1.06526
2013.03.27 00:11:16.837,1.06499,1.06526
2013.03.27 00:11:18.509,1.06499,1.06527
2013.03.27 00:11:21.310,1.06499,1.06527
2013.03.27 00:11:33.245,1.06499,1.06527
2013.03.27 00:11:34.151,1.06497,1.06525
2013.03.27 00:11:36.847,1.06499,1.06525
2013.03.27 00:11:40.117,1.06498,1.06521
2013.03.27 00:11:40.296,1.06496,1.06521
2013.03.27 00:11:40.597,1.06499,1.06522
2013.03.27 00:11:41.088,1.065,1.06526
2013.03.27 00:11:41.566,1.06504,1.06529
2013.03.27 00:11:43.597,1.06506,1.06531
2013.03.27 00:11:44.017,1.06508,1.06531
2013.03.27 00:11:52.439,1.06512,1.06536
2013.03.27 00:11:52.510,1.06512,1.06536
2013.03.27 00:11:53.047,1.06515,1.06541
2013.03.27 00:12:12.313,1.06516,1.06541
2013.03.27 00:12:21.327,1.06513,1.06537
2013.03.27 00:12:21.566,1.06511,1.06533
2013.03.27 00:12:21.687,1.06508,1.06533
2013.03.27 00:12:21.867,1.06506,1.06533
2013.03.27 00:12:25.298,1.06504,1.06529
2013.03.27 00:12:25.433,1.06502,1.06528
2013.03.27 00:12:25.997,1.06501,1.06527
2013.03.27 00:12:33.066,1.06499,1.06524
2013.03.27 00:12:33.607,1.06496,1.06521
2013.03.27 00:12:41.597,1.06496,1.06521
2013.03.27 00:12:43.017,1.06496,1.06521
2013.03.27 00:12:43.453,1.06499,1.06523
2013.03.27 00:12:50.048,1.06496,1.06521
2013.03.27 00:12:50.107,1.06495,1.06521
2013.03.27 00:12:50.826,1.06495,1.06521
2013.03.27 00:12:58.637,1.06494,1.06521
2013.03.27 00:13:03.494,1.06497,1.06521
2013.03.27 00:13:10.847,1.06497,1.06522
2013.03.27 00:13:11.397,1.06497,1.06522
2013.03.27 00:13:20.358,1.06497,1.06524
2013.03.27 00:13:23.021,1.06497,1.06523
2013.03.27 00:13:27.592,1.06498,1.06523
2013.03.27 00:13:32.317,1.06498,1.06524
2013.03.27 00:13:32.438,1.06494,1.06518
2013.03.27 00:13:32.677,1.06496,1.06519
2013.03.27 00:13:33.107,1.06494,1.06518
2013.03.27 00:13:33.226,1.06493,1.06516
2013.03.27 00:13:33.347,1.06489,1.06514
2013.03.27 00:13:33.406,1.06486,1.06514
2013.03.27 00:13:33.766,1.06486,1.06513
2013.03.27 00:13:40.329,1.06484,1.06513
2013.03.27 00:13:40.580,1.06481,1.06508
2013.03.27 00:13:51.605,1.06481,1.06508
2013.03.27 00:13:58.094,1.06481,1.06506
2013.03.27 00:14:00.556,1.06481,1.06505
2013.03.27 00:14:03.378,1.06482,1.06507
2013.03.27 00:14:04.447,1.06482,1.06505
2013.03.27 00:14:04.858,1.06482,1.06507
2013.03.27 00:14:06.306,1.06482,1.06508
2013.03.27 00:14:07.387,1.06482,1.06509
2013.03.27 00:14:07.627,1.06486,1.0651
2013.03.27 00:14:07.977,1.06489,1.06513
2013.03.27 00:14:08.517,1.06489,1.06513
2013.03.27 00:14:09.061,1.06489,1.06513
2013.03.27 00:14:09.366,1.06488,1.06514
2013.03.27 00:14:15.387,1.06489,1.06514
2013.03.27 00:14:20.866,1.06491,1.06519
2013.03.27 00:14:26.826,1.0649,1.06514
2013.03.27 00:14:57.140,1.06489,1.06514
2013.03.27 00:14:57.587,1.06488,1.06513
2013.03.27 00:14:59.637,1.06489,1.06513
2013.03.27 00:14:59.817,1.06484,1.06512
2013.03.27 00:15:03.618,1.06492,1.06516
2013.03.27 00:15:43.786,1.06492,1.06519
2013.03.27 00:15:59.913,1.06492,1.06521
2013.03.27 00:16:03.847,1.06492,1.06522
2013.03.27 00:16:04.802,1.06492,1.0652
2013.03.27 00:16:05.257,1.06492,1.06518
2013.03.27 00:16:05.616,1.06488,1.06517
2013.03.27 00:16:05.826,1.06488,1.06517
2013.03.27 00:16:08.266,1.06483,1.06509
2013.03.27 00:16:08.398,1.06482,1.06509
2013.03.27 00:16:08.937,1.06481,1.06504
2013.03.27 00:16:35.347,1.06479,1.06506
2013.03.27 00:16:38.296,1.06476,1.06502
2013.03.27 00:16:38.356,1.06475,1.06502
2013.03.27 00:16:41.757,1.06478,1.06504
2013.03.27 00:16:44.748,1.06482,1.06508
2013.03.27 00:16:44.808,1.06483,1.06508
2013.03.27 00:16:57.707,1.06483,1.06508
2013.03.27 00:17:03.737,1.06483,1.06508
2013.03.27 00:17:07.298,1.06481,1.06508
2013.03.27 00:17:08.747,1.06481,1.06508
2013.03.27 00:17:14.009,1.06481,1.06508
2013.03.27 00:17:21.301,1.06481,1.06507
2013.03.27 00:17:30.907,1.06481,1.0651
2013.03.27 00:17:31.878,1.06486,1.06514
2013.03.27 00:17:32.677,1.06487,1.06515
2013.03.27 00:17:35.382,1.06486,1.06514
2013.03.27 00:17:35.907,1.06491,1.06514
2013.03.27 00:17:36.377,1.06489,1.06513
2013.03.27 00:17:37.544,1.06485,1.06511
2013.03.27 00:17:40.427,1.06485,1.06509
2013.03.27 00:17:45.788,1.06484,1.06507
2013.03.27 00:17:46.087,1.06481,1.06508
2013.03.27 00:17:47.879,1.06481,1.06507
2013.03.27 00:17:48.646,1.06481,1.06508
2013.03.27 00:17:54.442,1.06481,1.06508
2013.03.27 00:17:56.398,1.06481,1.06507
2013.03.27 00:18:00.097,1.06481,1.06508
2013.03.27 00:18:01.239,1.06485,1.06509
2013.03.27 00:18:05.437,1.06484,1.06509
2013.03.27 00:18:14.408,1.06485,1.06509
2013.03.27 00:18:14.647,1.06484,1.0651
2013.03.27 00:18:15.398,1.06485,1.06512
2013.03.27 00:18:15.916,1.06484,1.06512
2013.03.27 00:18:20.368,1.06483,1.06512
2013.03.27 00:18:22.877,1.06483,1.06511
2013.03.27 00:18:25.398,1.06483,1.0651
2013.03.27 00:18:35.067,1.06484,1.06512
2013.03.27 00:19:00.389,1.06486,1.06512
2013.03.27 00:19:07.289,1.06485,1.06512
2013.03.27 00:19:20.352,1.06483,1.06508
2013.03.27 00:19:20.898,1.06483,1.06508
2013.03.27 00:19:24.607,1.06483,1.06508
2013.03.27 00:19:28.718,1.06484,1.06508
2013.03.27 00:19:42.753,1.06483,1.06508
2013.03.27 00:19:44.917,1.06483,1.06508
2013.03.27 00:19:52.788,1.06483,1.0651
2013.03.27 00:19:53.047,1.0649,1.06514
2013.03.27 00:20:05.281,1.06491,1.06514
2013.03.27 00:20:07.377,1.06491,1.06514
2013.03.27 00:20:08.657,1.06492,1.06514
2013.03.27 00:20:12.289,1.06491,1.06514
2013.03.27 00:20:13.047,1.06491,1.06517
2013.03.27 00:20:14.817,1.06487,1.06514
2013.03.27 00:20:26.454,1.06486,1.06513
2013.03.27 00:20:27.075,1.06482,1.06509
2013.03.27 00:20:46.547,1.06485,1.06509
2013.03.27 00:21:21.647,1.06487,1.06509
2013.03.27 00:21:21.828,1.06489,1.06514
2013.03.27 00:21:39.257,1.06493,1.06514
2013.03.27 00:21:41.888,1.06493,1.06515
2013.03.27 00:21:47.189,1.06491,1.06515
2013.03.27 00:21:49.918,1.06493,1.06515
2013.03.27 00:21:52.027,1.06491,1.06515
2013.03.27 00:22:00.614,1.06491,1.06515
2013.03.27 00:22:00.928,1.06496,1.06516
2013.03.27 00:22:01.048,1.06494,1.06519
2013.03.27 00:22:01.529,1.06499,1.06521
2013.03.27 00:22:01.847,1.06499,1.06524
2013.03.27 00:22:01.907,1.06501,1.06524
2013.03.27 00:22:02.458,1.06501,1.06524
2013.03.27 00:22:03.288,1.065,1.06524
2013.03.27 00:22:03.847,1.06499,1.06524
2013.03.27 00:22:04.277,1.06499,1.06524
2013.03.27 00:22:05.419,1.06502,1.06524
2013.03.27 00:22:05.969,1.06504,1.06528
2013.03.27 00:22:06.457,1.06505,1.06528
2013.03.27 00:22:08.642,1.06506,1.06528
2013.03.27 00:22:09.279,1.06505,1.06525
2013.03.27 00:22:09.608,1.06502,1.06525
2013.03.27 00:22:10.693,1.06502,1.06525
2013.03.27 00:22:10.950,1.06501,1.06525
2013.03.27 00:22:11.098,1.06498,1.06525
2013.03.27 00:22:11.719,1.06498,1.06519
2013.03.27 00:22:12.007,1.06495,1.06519
2013.03.27 00:22:15.388,1.06494,1.06519
2013.03.27 00:22:15.697,1.06491,1.06515
2013.03.27 00:22:16.128,1.06488,1.06512
2013.03.27 00:22:18.648,1.06484,1.06509
2013.03.27 00:22:21.668,1.06484,1.06512
2013.03.27 00:22:22.107,1.06485,1.06509
2013.03.27 00:22:25.139,1.06484,1.06512
2013.03.27 00:22:39.104,1.06488,1.06511
2013.03.27 00:22:55.797,1.0649,1.06516
2013.03.27 00:23:05.836,1.0649,1.06514
2013.03.27 00:23:32.345,1.0649,1.06518
2013.03.27 00:23:35.937,1.06491,1.06518
2013.03.27 00:23:56.137,1.06492,1.06518
2013.03.27 00:24:03.804,1.06492,1.06516
2013.03.27 00:24:13.182,1.06492,1.06516
2013.03.27 00:24:25.920,1.06492,1.06515
2013.03.27 00:24:56.357,1.06489,1.06513
2013.03.27 00:25:03.815,1.06487,1.06513
2013.03.27 00:25:06.248,1.06488,1.06513
2013.03.27 00:25:09.978,1.06487,1.06513
2013.03.27 00:25:16.357,1.06488,1.06516
2013.03.27 00:25:21.727,1.06489,1.06516
2013.03.27 00:25:31.168,1.06487,1.06515
2013.03.27 00:25:32.687,1.06485,1.0651
2013.03.27 00:25:32.747,1.06483,1.0651
2013.03.27 00:25:37.317,1.06485,1.06509
2013.03.27 00:25:43.037,1.06483,1.0651
2013.03.27 00:25:43.428,1.06485,1.06509
2013.03.27 00:25:44.133,1.06486,1.0651
2013.03.27 00:25:52.807,1.06486,1.06512
2013.03.27 00:26:00.687,1.06486,1.0651
2013.03.27 00:26:32.787,1.06483,1.06508
2013.03.27 00:26:34.607,1.06483,1.06509
2013.03.27 00:26:49.047,1.06486,1.06514
2013.03.27 00:27:07.928,1.06486,1.06511
2013.03.27 00:27:08.168,1.06484,1.06508
2013.03.27 00:27:09.187,1.06485,1.06508
2013.03.27 00:27:28.327,1.06484,1.06508
2013.03.27 00:27:34.427,1.06484,1.06508
2013.03.27 00:27:44.288,1.06483,1.06509
2013.03.27 00:27:45.428,1.06482,1.06508
2013.03.27 00:27:47.581,1.06482,1.06509
2013.03.27 00:27:52.342,1.06484,1.06508
2013.03.27 00:27:58.353,1.06485,1.06511
2013.03.27 00:28:00.621,1.06485,1.06511
2013.03.27 00:28:08.318,1.06485,1.0651
2013.03.27 00:28:20.340,1.06482,1.06509
2013.03.27 00:28:20.881,1.06483,1.0651
2013.03.27 00:28:21.370,1.06482,1.06509
2013.03.27 00:28:25.061,1.06484,1.0651
2013.03.27 00:28:28.418,1.06484,1.0651
2013.03.27 00:28:48.513,1.06483,1.0651
2013.03.27 00:29:08.518,1.06482,1.06508
2013.03.27 00:29:08.839,1.06482,1.06507
2013.03.27 00:29:10.588,1.06481,1.06507
2013.03.27 00:29:13.339,1.06482,1.06507
2013.03.27 00:29:14.858,1.06479,1.06507
2013.03.27 00:29:15.039,1.06479,1.06502
2013.03.27 00:29:15.398,1.06472,1.06499
2013.03.27 00:29:21.282,1.0648,1.06506
2013.03.27 00:29:21.588,1.06482,1.06506
2013.03.27 00:29:21.649,1.06482,1.06508
2013.03.27 00:29:21.769,1.06485,1.0651
2013.03.27 00:29:21.948,1.06487,1.06513
2013.03.27 00:29:23.128,1.06488,1.06514
2013.03.27 00:29:23.631,1.06487,1.06517
2013.03.27 00:29:24.348,1.06488,1.06517
2013.03.27 00:29:25.362,1.06488,1.06514
2013.03.27 00:29:25.488,1.06488,1.06514
2013.03.27 00:29:27.780,1.0649,1.06517
2013.03.27 00:29:29.099,1.06488,1.06517
2013.03.27 00:29:35.689,1.06486,1.06514
2013.03.27 00:29:41.800,1.06487,1.06515
2013.03.27 00:29:42.628,1.06487,1.06514
2013.03.27 00:29:49.340,1.06487,1.06514
2013.03.27 00:29:50.168,1.06487,1.06514
2013.03.27 00:29:53.138,1.06487,1.06516
2013.03.27 00:29:59.908,1.06487,1.06514
2013.03.27 00:30:00.149,1.06484,1.06512
2013.03.27 00:30:00.949,1.06484,1.06511
2013.03.27 00:30:01.657,1.06488,1.06512
2013.03.27 00:30:02.265,1.06488,1.06512
2013.03.27 00:30:03.698,1.06488,1.06514
2013.03.27 00:30:04.898,1.06486,1.06512
2013.03.27 00:30:08.698,1.06483,1.0651
2013.03.27 00:30:08.879,1.0648,1.06508
2013.03.27 00:30:09.610,1.0648,1.06508
2013.03.27 00:30:09.728,1.06484,1.06512
2013.03.27 00:30:09.848,1.06488,1.06514
2013.03.27 00:30:11.419,1.06488,1.06515
2013.03.27 00:30:12.628,1.06488,1.06515
2013.03.27 00:30:17.679,1.06488,1.06515
2013.03.27 00:30:18.278,1.06485,1.06513
2013.03.27 00:30:18.442,1.06484,1.06512
2013.03.27 00:30:24.600,1.06481,1.06509
2013.03.27 00:30:25.902,1.06481,1.06506
2013.03.27 00:30:26.029,1.06481,1.06506
2013.03.27 00:30:26.558,1.06478,1.06506
2013.03.27 00:30:28.962,1.06481,1.06506
2013.03.27 00:30:29.021,1.06482,1.06507
2013.03.27 00:30:29.291,1.06483,1.0651
2013.03.27 00:30:29.348,1.06487,1.0651
2013.03.27 00:30:30.679,1.06488,1.06512
2013.03.27 00:30:30.858,1.0649,1.06512
2013.03.27 00:30:32.284,1.0649,1.06514
2013.03.27 00:30:37.199,1.0649,1.06512
2013.03.27 00:30:37.258,1.06488,1.06512
2013.03.27 00:30:37.875,1.06487,1.06512
2013.03.27 00:30:39.005,1.06487,1.06513
2013.03.27 00:30:42.478,1.06487,1.06513
2013.03.27 00:30:42.658,1.0649,1.06518
2013.03.27 00:30:46.732,1.06492,1.06519
2013.03.27 00:30:49.398,1.0649,1.06517
2013.03.27 00:30:49.459,1.06488,1.06515
2013.03.27 00:30:52.268,1.06492,1.06518
2013.03.27 00:30:52.748,1.06494,1.0652
2013.03.27 00:30:59.691,1.06494,1.0652
2013.03.27 00:31:00.118,1.06489,1.06516
2013.03.27 00:31:00.299,1.06489,1.06516
2013.03.27 00:31:10.178,1.06491,1.06516
2013.03.27 00:31:29.055,1.06489,1.06514
2013.03.27 00:31:30.859,1.06489,1.06514
2013.03.27 00:31:31.989,1.06489,1.06514
2013.03.27 00:31:32.208,1.06489,1.06514
2013.03.27 00:31:32.761,1.06489,1.06514
2013.03.27 00:31:33.079,1.06489,1.06514
2013.03.27 00:31:33.289,1.06489,1.06514
2013.03.27 00:31:33.839,1.06488,1.06514
2013.03.27 00:31:35.038,1.06488,1.06514
2013.03.27 00:31:42.593,1.06487,1.06515
2013.03.27 00:31:43.569,1.06487,1.06514
2013.03.27 00:31:46.312,1.06486,1.06513
2013.03.27 00:31:46.846,1.06485,1.06512
2013.03.27 00:31:48.889,1.06486,1.06512
2013.03.27 00:31:49.189,1.06486,1.0651
2013.03.27 00:31:49.320,1.06485,1.0651
2013.03.27 00:31:52.798,1.06484,1.06508
2013.03.27 00:31:54.091,1.06484,1.06508
2013.03.27 00:32:00.169,1.06484,1.06508
2013.03.27 00:32:02.178,1.06484,1.0651
2013.03.27 00:32:02.239,1.06488,1.06513
2013.03.27 00:32:02.538,1.06488,1.06514
2013.03.27 00:32:06.486,1.06488,1.06513
2013.03.27 00:32:06.699,1.06488,1.06513
2013.03.27 00:32:11.509,1.06487,1.06513
2013.03.27 00:32:20.288,1.06487,1.06513
2013.03.27 00:32:20.753,1.06483,1.0651
2013.03.27 00:32:30.137,1.06486,1.0651
2013.03.27 00:32:38.886,1.06486,1.06509
2013.03.27 00:32:41.828,1.06483,1.06507
2013.03.27 00:32:45.878,1.06486,1.06509
2013.03.27 00:33:00.281,1.06485,1.06509
2013.03.27 00:33:06.062,1.06486,1.06509
2013.03.27 00:33:20.275,1.06486,1.06509
2013.03.27 00:33:20.836,1.06486,1.06509
2013.03.27 00:33:36.369,1.06483,1.06509
2013.03.27 00:33:36.728,1.06481,1.06504
2013.03.27 00:33:51.108,1.06477,1.06504
2013.03.27 00:33:56.686,1.06477,1.06502
2013.03.27 00:34:12.368,1.06478,1.06504
2013.03.27 00:34:14.148,1.06476,1.06502
2013.03.27 00:34:16.668,1.06475,1.06502
2013.03.27 00:34:17.117,1.06475,1.06503
2013.03.27 00:34:23.429,1.06476,1.06502
2013.03.27 00:34:24.308,1.06477,1.06502
2013.03.27 00:34:28.705,1.06477,1.06502
2013.03.27 00:34:32.719,1.06477,1.06502
2013.03.27 00:34:34.089,1.06478,1.06503
2013.03.27 00:34:36.798,1.06479,1.06504
2013.03.27 00:34:40.105,1.06477,1.06504
2013.03.27 00:34:50.078,1.06479,1.06504
2013.03.27 00:34:51.884,1.06482,1.06508
2013.03.27 00:34:58.108,1.06484,1.06509
2013.03.27 00:34:59.599,1.06483,1.06509
2013.03.27 00:34:59.899,1.06479,1.06504
2013.03.27 00:35:03.691,1.06479,1.06505
2013.03.27 00:35:09.399,1.06482,1.06504
2013.03.27 00:35:09.459,1.06479,1.06504
2013.03.27 00:35:17.868,1.06479,1.06504
2013.03.27 00:35:18.815,1.06479,1.06503
2013.03.27 00:35:19.758,1.06477,1.06503
2013.03.27 00:35:30.109,1.06482,1.06503
2013.03.27 00:35:30.767,1.06479,1.06503
2013.03.27 00:35:39.969,1.0648,1.06504
2013.03.27 00:35:43.129,1.06481,1.06506
2013.03.27 00:35:43.320,1.06487,1.0651
2013.03.27 00:36:03.338,1.06483,1.06508
2013.03.27 00:36:03.659,1.06483,1.06508
2013.03.27 00:36:10.749,1.06483,1.06508
2013.03.27 00:36:12.829,1.06483,1.06508
2013.03.27 00:36:19.283,1.06485,1.06509
2013.03.27 00:36:19.659,1.06488,1.0651
2013.03.27 00:36:19.849,1.06487,1.06513
2013.03.27 00:36:19.909,1.06487,1.06513
2013.03.27 00:36:20.089,1.0649,1.06514
2013.03.27 00:36:20.449,1.06492,1.06518
2013.03.27 00:36:21.594,1.06492,1.06518
2013.03.27 00:36:22.099,1.06489,1.06513
2013.03.27 00:36:22.828,1.06488,1.06513
2013.03.27 00:36:25.884,1.06489,1.06513
2013.03.27 00:36:27.314,1.06489,1.06515
2013.03.27 00:36:27.501,1.06496,1.06519
2013.03.27 00:36:27.919,1.06493,1.06519
2013.03.27 00:36:28.039,1.06491,1.06516
2013.03.27 00:36:28.571,1.06491,1.06516
2013.03.27 00:36:35.123,1.06488,1.06516
2013.03.27 00:36:35.619,1.06489,1.06516
2013.03.27 00:36:48.139,1.06487,1.06513
2013.03.27 00:37:08.040,1.0649,1.06514
2013.03.27 00:37:28.121,1.06492,1.06514
2013.03.27 00:37:32.434,1.06491,1.06516
2013.03.27 00:37:35.641,1.0649,1.06518
2013.03.27 00:38:28.181,1.06489,1.06518
2013.03.27 00:38:48.249,1.06489,1.06518
2013.03.27 00:38:49.669,1.06489,1.06517
2013.03.27 00:38:50.235,1.06489,1.06517
2013.03.27 00:39:03.811,1.0649,1.06517
2013.03.27 00:39:11.851,1.06491,1.06516
2013.03.27 00:39:21.599,1.06491,1.06518
2013.03.27 00:39:21.719,1.06496,1.06519
2013.03.27 00:39:21.899,1.06498,1.06523
2013.03.27 00:39:23.590,1.06501,1.06526
2013.03.27 00:39:23.649,1.06502,1.06526
2013.03.27 00:39:43.809,1.06504,1.06532
2013.03.27 00:39:46.589,1.06502,1.06527
2013.03.27 00:39:46.931,1.06504,1.06529
2013.03.27 00:39:47.230,1.06506,1.0653
2013.03.27 00:39:48.001,1.06506,1.0653
2013.03.27 00:39:48.139,1.06511,1.06534
2013.03.27 00:39:48.650,1.06511,1.06536
2013.03.27 00:39:49.189,1.06511,1.06536
2013.03.27 00:39:49.250,1.06511,1.06536
2013.03.27 00:39:49.899,1.06515,1.06539
2013.03.27 00:39:50.449,1.06516,1.06542
2013.03.27 00:39:55.906,1.06516,1.06542
2013.03.27 00:40:00.989,1.06515,1.06541
2013.03.27 00:40:01.153,1.06515,1.06541
2013.03.27 00:40:03.099,1.06515,1.06537
2013.03.27 00:40:03.649,1.06515,1.06537
2013.03.27 00:40:04.051,1.06517,1.0654
2013.03.27 00:40:06.659,1.06515,1.06542
2013.03.27 00:40:07.257,1.06515,1.06542
2013.03.27 00:40:08.489,1.06518,1.06542
2013.03.27 00:40:09.811,1.0652,1.06542
2013.03.27 00:40:14.399,1.06521,1.06545
2013.03.27 00:40:14.639,1.06523,1.06547
2013.03.27 00:40:15.300,1.06519,1.06547
2013.03.27 00:40:16.900,1.06521,1.06548
2013.03.27 00:40:17.021,1.0652,1.06545
2013.03.27 00:40:17.081,1.06518,1.06545
2013.03.27 00:40:18.440,1.0652,1.06545
2013.03.27 00:40:18.813,1.06523,1.0655
2013.03.27 00:40:19.488,1.06523,1.0655
2013.03.27 00:40:19.554,1.06517,1.06544
2013.03.27 00:40:20.189,1.06517,1.06546
2013.03.27 00:40:20.969,1.06519,1.06546
2013.03.27 00:40:21.509,1.06518,1.06546
2013.03.27 00:40:22.795,1.06519,1.06546
2013.03.27 00:40:23.039,1.06522,1.06548
2013.03.27 00:40:42.530,1.06522,1.06547
2013.03.27 00:40:43.580,1.06523,1.06547
2013.03.27 00:40:44.591,1.06518,1.06544
2013.03.27 00:40:47.683,1.06518,1.06544
2013.03.27 00:40:48.069,1.06517,1.06544
2013.03.27 00:40:48.429,1.06517,1.06542
2013.03.27 00:40:48.669,1.06515,1.06539
2013.03.27 00:40:48.729,1.06513,1.06538
2013.03.27 00:40:49.089,1.06512,1.06534
2013.03.27 00:40:49.674,1.06509,1.06533
2013.03.27 00:40:52.389,1.06509,1.06534
2013.03.27 00:40:52.580,1.06511,1.06534
2013.03.27 00:40:52.999,1.06512,1.06536
2013.03.27 00:40:53.560,1.06514,1.06538
2013.03.27 00:40:58.289,1.06514,1.06541
2013.03.27 00:41:00.642,1.06515,1.06539
2013.03.27 00:41:01.690,1.06513,1.06538
2013.03.27 00:41:02.082,1.06509,1.06535
2013.03.27 00:41:04.579,1.06512,1.06534
2013.03.27 00:41:05.120,1.06508,1.06534
2013.03.27 00:41:10.580,1.06512,1.06535
2013.03.27 00:41:10.825,1.06512,1.06535
2013.03.27 00:41:15.190,1.06514,1.06536
2013.03.27 00:41:15.312,1.06512,1.06535
2013.03.27 00:41:16.809,1.06512,1.06535
2013.03.27 00:41:17.289,1.0651,1.06535
2013.03.27 00:41:24.199,1.06512,1.06536
2013.03.27 00:41:25.049,1.06513,1.06538
2013.03.27 00:41:26.169,1.06514,1.0654
2013.03.27 00:41:28.559,1.06517,1.0654
2013.03.27 00:41:35.169,1.06518,1.06544
2013.03.27 00:41:36.789,1.06517,1.06544
2013.03.27 00:41:37.642,1.06518,1.06544
2013.03.27 00:41:38.189,1.06517,1.06544
2013.03.27 00:41:38.369,1.06516,1.06544
2013.03.27 00:41:38.550,1.06514,1.06539
2013.03.27 00:41:39.117,1.06512,1.06539
2013.03.27 00:41:55.059,1.06512,1.06537
2013.03.27 00:41:58.629,1.06511,1.06537
2013.03.27 00:42:00.300,1.06511,1.06537
2013.03.27 00:42:03.503,1.06511,1.06538
2013.03.27 00:42:08.869,1.06511,1.06538
2013.03.27 00:42:09.172,1.06511,1.06535
2013.03.27 00:42:12.635,1.06511,1.06534
2013.03.27 00:42:18.523,1.06511,1.06536
2013.03.27 00:42:22.290,1.06511,1.06536
2013.03.27 00:42:25.619,1.06512,1.06538
2013.03.27 00:42:26.377,1.06512,1.06538
2013.03.27 00:42:31.110,1.0652,1.06538
2013.03.27 00:42:32.520,1.06521,1.06544
2013.03.27 00:42:33.859,1.0652,1.06545
2013.03.27 00:42:34.400,1.06521,1.06544
2013.03.27 00:42:34.519,1.06523,1.06544
2013.03.27 00:42:34.759,1.06525,1.06549
2013.03.27 00:42:34.819,1.06527,1.06552
2013.03.27 00:42:35.350,1.06527,1.06552
2013.03.27 00:42:35.818,1.06527,1.06552
2013.03.27 00:42:36.000,1.06525,1.06552
2013.03.27 00:42:36.540,1.06527,1.06552
2013.03.27 00:42:37.079,1.06525,1.06551
2013.03.27 00:42:41.619,1.06526,1.0655
2013.03.27 00:42:42.128,1.06528,1.06554
2013.03.27 00:42:43.081,1.06531,1.06557
2013.03.27 00:42:43.739,1.06531,1.06557
2013.03.27 00:42:44.279,1.06531,1.06557
2013.03.27 00:42:44.580,1.06536,1.06559
2013.03.27 00:42:46.029,1.06536,1.06561
2013.03.27 00:42:46.702,1.06536,1.06561
2013.03.27 00:42:49.065,1.06535,1.06561
2013.03.27 00:42:49.310,1.06528,1.06554
2013.03.27 00:42:49.550,1.06527,1.06554
2013.03.27 00:42:50.040,1.06525,1.06548
2013.03.27 00:42:50.573,1.06523,1.06548
2013.03.27 00:42:50.943,1.06527,1.06548
2013.03.27 00:42:52.220,1.06529,1.06556
2013.03.27 00:42:52.541,1.06532,1.06556
2013.03.27 00:42:52.601,1.06532,1.06556
2013.03.27 00:42:52.779,1.06534,1.06561
2013.03.27 00:42:53.111,1.06539,1.06562
2013.03.27 00:42:53.170,1.06539,1.06562
2013.03.27 00:42:53.851,1.06539,1.06562
2013.03.27 00:42:55.860,1.06539,1.06562
2013.03.27 00:42:56.041,1.06534,1.06561
2013.03.27 00:42:56.219,1.06534,1.06559
2013.03.27 00:42:56.340,1.06533,1.06558
2013.03.27 00:42:58.608,1.06534,1.06558
2013.03.27 00:42:59.174,1.06536,1.06558
2013.03.27 00:42:59.838,1.06536,1.06558
2013.03.27 00:43:02.499,1.06537,1.06561
2013.03.27 00:43:03.710,1.06537,1.0656
2013.03.27 00:43:05.001,1.06535,1.06561
2013.03.27 00:43:11.038,1.06536,1.06561
2013.03.27 00:43:12.138,1.06536,1.06561
2013.03.27 00:43:15.991,1.06536,1.06561
2013.03.27 00:43:29.077,1.06537,1.06562
2013.03.27 00:43:30.311,1.06542,1.06567
2013.03.27 00:43:30.430,1.06542,1.06567
2013.03.27 00:43:33.119,1.06542,1.06567
2013.03.27 00:43:33.300,1.06538,1.06563
2013.03.27 00:43:33.541,1.06538,1.06563
2013.03.27 00:43:37.631,1.06538,1.06563
2013.03.27 00:43:40.410,1.06532,1.06557
2013.03.27 00:43:40.590,1.06532,1.06557
2013.03.27 00:43:42.309,1.06529,1.06554
2013.03.27 00:43:48.109,1.06527,1.06553
2013.03.27 00:43:48.411,1.06525,1.06553
2013.03.27 00:43:48.650,1.06522,1.06546
2013.03.27 00:43:48.710,1.06522,1.06546
2013.03.27 00:44:00.870,1.06517,1.06542
2013.03.27 00:44:01.421,1.06516,1.06539
2013.03.27 00:44:01.784,1.06512,1.06537
2013.03.27 00:44:07.400,1.06515,1.06538
2013.03.27 00:44:08.083,1.06517,1.0654
2013.03.27 00:44:08.389,1.06516,1.0654
2013.03.27 00:44:08.630,1.06516,1.06539
2013.03.27 00:44:09.150,1.06514,1.06539
2013.03.27 00:44:09.350,1.06512,1.06538
2013.03.27 00:44:11.327,1.06514,1.06539
2013.03.27 00:44:12.410,1.06511,1.06538
2013.03.27 00:44:12.589,1.06511,1.06538
2013.03.27 00:44:17.299,1.06511,1.06538
2013.03.27 00:44:24.856,1.06514,1.06538
2013.03.27 00:44:25.340,1.06516,1.06541
2013.03.27 00:44:25.460,1.06517,1.06541
2013.03.27 00:44:27.359,1.06517,1.0654
2013.03.27 00:44:27.660,1.0652,1.06542
2013.03.27 00:44:27.840,1.06519,1.06545
2013.03.27 00:44:38.429,1.06519,1.06545
2013.03.27 00:44:38.792,1.06524,1.06546
2013.03.27 00:44:39.051,1.06528,1.06547
2013.03.27 00:44:39.351,1.06528,1.06553
2013.03.27 00:44:44.451,1.06528,1.06551
2013.03.27 00:44:44.570,1.06526,1.06549
2013.03.27 00:44:44.869,1.06522,1.06548
2013.03.27 00:44:45.441,1.06521,1.06548
2013.03.27 00:44:47.421,1.06521,1.06548
2013.03.27 00:45:00.285,1.0652,1.06543
2013.03.27 00:45:04.603,1.06519,1.06543
2013.03.27 00:45:06.603,1.06521,1.06543
2013.03.27 00:45:06.959,1.06522,1.06546
2013.03.27 00:45:07.261,1.06524,1.06547
2013.03.27 00:45:07.490,1.06526,1.0655
2013.03.27 00:45:09.654,1.06527,1.0655
2013.03.27 00:45:22.085,1.06522,1.06546
2013.03.27 00:45:22.656,1.06522,1.06546
2013.03.27 00:45:25.265,1.06523,1.06548
2013.03.27 00:45:25.620,1.06522,1.06546
2013.03.27 00:45:32.291,1.06521,1.06546
2013.03.27 00:45:32.350,1.06522,1.06546
2013.03.27 00:45:34.850,1.06522,1.06546
2013.03.27 00:45:35.211,1.06522,1.06547
2013.03.27 00:45:35.632,1.06522,1.06546
2013.03.27 00:45:36.109,1.06521,1.06546
2013.03.27 00:45:36.411,1.06517,1.06542
2013.03.27 00:45:40.840,1.06515,1.06542
2013.03.27 00:45:40.970,1.06516,1.06543
2013.03.27 00:45:41.409,1.06521,1.06545
2013.03.27 00:45:48.639,1.06518,1.06544
2013.03.27 00:45:49.059,1.06521,1.06546
2013.03.27 00:45:50.173,1.06523,1.06548
2013.03.27 00:45:51.021,1.06527,1.0655
2013.03.27 00:45:53.401,1.06529,1.06553
2013.03.27 00:46:00.032,1.06528,1.06553
2013.03.27 00:46:00.210,1.06528,1.06553
2013.03.27 00:46:00.631,1.06532,1.06558
2013.03.27 00:46:00.870,1.06531,1.06557
2013.03.27 00:46:01.290,1.06531,1.06555
2013.03.27 00:46:01.610,1.0653,1.06554
2013.03.27 00:46:01.941,1.06528,1.06552
2013.03.27 00:46:08.230,1.06527,1.06552
2013.03.27 00:46:08.845,1.06527,1.06552
2013.03.27 00:46:10.440,1.06526,1.06545
2013.03.27 00:46:10.561,1.06519,1.06543
2013.03.27 00:46:12.180,1.0652,1.06544
2013.03.27 00:46:12.686,1.0652,1.06544
2013.03.27 00:46:18.589,1.06519,1.06544
2013.03.27 00:46:19.580,1.0652,1.06544
2013.03.27 00:46:19.770,1.0652,1.06544
2013.03.27 00:46:19.949,1.06522,1.06547
2013.03.27 00:46:21.344,1.06522,1.06549
2013.03.27 00:46:21.411,1.06522,1.06548
2013.03.27 00:46:21.860,1.06524,1.06549
2013.03.27 00:46:21.921,1.06525,1.0655
2013.03.27 00:46:22.600,1.06529,1.06554
2013.03.27 00:46:27.881,1.06529,1.06552
2013.03.27 00:46:32.829,1.06527,1.06551
2013.03.27 00:46:33.544,1.06526,1.06549
2013.03.27 00:46:50.830,1.06524,1.06549
2013.03.27 00:46:52.980,1.06522,1.06547
2013.03.27 00:46:53.969,1.06521,1.06547
2013.03.27 00:46:56.460,1.06521,1.06544
2013.03.27 00:46:56.761,1.06521,1.06545
2013.03.27 00:47:02.644,1.06522,1.06546
2013.03.27 00:47:16.700,1.06522,1.06549
2013.03.27 00:47:19.412,1.06522,1.06549
2013.03.27 00:47:29.147,1.06522,1.06549
2013.03.27 00:47:35.500,1.06523,1.06549
2013.03.27 00:47:36.803,1.06523,1.06549
2013.03.27 00:47:56.829,1.06522,1.06549
2013.03.27 00:47:57.442,1.06522,1.06549
2013.03.27 00:48:00.360,1.06523,1.06549
2013.03.27 00:48:02.678,1.06522,1.06549
2013.03.27 00:48:05.380,1.06523,1.06549
2013.03.27 00:48:07.396,1.06521,1.06549
2013.03.27 00:48:10.872,1.06522,1.06549
2013.03.27 00:48:21.869,1.06525,1.06552
2013.03.27 00:48:23.233,1.06525,1.06547
2013.03.27 00:48:23.301,1.06521,1.06547
2013.03.27 00:48:29.499,1.0652,1.06543
2013.03.27 00:48:40.282,1.06517,1.06541
2013.03.27 00:48:40.840,1.06516,1.06541
2013.03.27 00:48:42.757,1.06517,1.06541
2013.03.27 00:48:42.820,1.06517,1.06541
2013.03.27 00:48:47.322,1.06517,1.06543
2013.03.27 00:48:49.680,1.06518,1.06543
2013.03.27 00:48:53.331,1.06517,1.06543
2013.03.27 00:48:57.383,1.06518,1.06544
2013.03.27 00:48:57.923,1.06518,1.06545
2013.03.27 00:48:58.351,1.06522,1.06547
2013.03.27 00:48:58.710,1.06525,1.06549
2013.03.27 00:49:00.001,1.06525,1.06549
2013.03.27 00:49:00.382,1.06526,1.0655
2013.03.27 00:49:00.683,1.06528,1.0655
2013.03.27 00:49:01.502,1.06528,1.06548
2013.03.27 00:49:01.581,1.06514,1.06541
2013.03.27 00:49:02.112,1.06514,1.0654
2013.03.27 00:49:02.552,1.06516,1.06541
2013.03.27 00:49:03.322,1.06516,1.0654
2013.03.27 00:49:05.910,1.06516,1.06541
2013.03.27 00:49:06.270,1.06521,1.06546
2013.03.27 00:49:12.591,1.06519,1.06546
2013.03.27 00:49:20.490,1.06516,1.06539
2013.03.27 00:49:36.181,1.06517,1.06541
2013.03.27 00:49:36.541,1.06521,1.06546
2013.03.27 00:49:36.600,1.06521,1.06546
2013.03.27 00:49:39.290,1.06521,1.06546
2013.03.27 00:49:40.801,1.06521,1.06544
2013.03.27 00:49:40.860,1.0652,1.06543
2013.03.27 00:49:41.361,1.06519,1.06543
2013.03.27 00:49:45.420,1.0652,1.06544
2013.03.27 00:49:46.750,1.0652,1.06545
2013.03.27 00:49:48.032,1.0652,1.06544
2013.03.27 00:49:51.900,1.0652,1.06545
2013.03.27 00:49:51.960,1.0652,1.06546
2013.03.27 00:49:55.090,1.06521,1.06545
2013.03.27 00:49:56.020,1.06515,1.06541
2013.03.27 00:49:58.911,1.06517,1.06542
2013.03.27 00:50:03.391,1.06514,1.0654
2013.03.27 00:50:11.131,1.06516,1.06539
2013.03.27 00:50:13.613,1.06514,1.0654
2013.03.27 00:50:20.752,1.06513,1.06539
2013.03.27 00:50:20.871,1.06512,1.06537
2013.03.27 00:50:24.300,1.06511,1.06535
2013.03.27 00:50:24.420,1.06511,1.06531
2013.03.27 00:50:26.812,1.06505,1.06529
2013.03.27 00:50:40.980,1.06504,1.06527
2013.03.27 00:50:41.320,1.06501,1.06526
2013.03.27 00:50:59.072,1.06503,1.06529
2013.03.27 00:51:03.921,1.06507,1.0653
2013.03.27 00:51:04.102,1.06508,1.06534
2013.03.27 00:51:08.211,1.0651,1.06534
2013.03.27 00:51:10.760,1.06507,1.06533
2013.03.27 00:51:10.880,1.06506,1.06529
2013.03.27 00:51:22.441,1.06501,1.06526
2013.03.27 00:51:22.800,1.06501,1.06528
2013.03.27 00:51:23.130,1.06501,1.06526
2013.03.27 00:51:26.430,1.06499,1.06524
2013.03.27 00:51:29.790,1.065,1.06524
2013.03.27 00:51:32.171,1.06497,1.06523
2013.03.27 00:51:33.300,1.06497,1.06522
2013.03.27 00:51:35.481,1.06498,1.06523
2013.03.27 00:51:35.624,1.065,1.06523
2013.03.27 00:51:37.520,1.06497,1.06523
2013.03.27 00:51:38.691,1.06497,1.06523
2013.03.27 00:51:43.891,1.065,1.06525
2013.03.27 00:51:44.071,1.06501,1.06526
2013.03.27 00:51:44.191,1.06503,1.06528
2013.03.27 00:51:48.080,1.06504,1.06529
2013.03.27 00:51:48.582,1.06507,1.0653
2013.03.27 00:51:49.360,1.06507,1.06529
2013.03.27 00:52:05.959,1.06507,1.06532
2013.03.27 00:52:06.895,1.06508,1.06533
2013.03.27 00:52:08.228,1.06508,1.06533
2013.03.27 00:52:17.301,1.06508,1.06533
2013.03.27 00:52:19.022,1.06508,1.06532
2013.03.27 00:52:21.300,1.06508,1.06533
2013.03.27 00:52:24.420,1.06507,1.06529
2013.03.27 00:52:26.171,1.06507,1.06528
2013.03.27 00:52:26.710,1.06502,1.06527
2013.03.27 00:52:29.141,1.06502,1.06524
2013.03.27 00:52:29.401,1.065,1.06522
2013.03.27 00:52:37.272,1.06497,1.06523
2013.03.27 00:52:45.420,1.06501,1.06524
2013.03.27 00:52:45.781,1.06504,1.06529
2013.03.27 00:52:49.496,1.06506,1.06529
2013.03.27 00:52:53.104,1.06504,1.06529
2013.03.27 00:52:55.182,1.06502,1.06527
2013.03.27 00:53:01.318,1.06502,1.06525
2013.03.27 00:53:04.842,1.06504,1.0653
2013.03.27 00:53:05.406,1.06507,1.06532
2013.03.27 00:53:05.610,1.06506,1.0653
2013.03.27 00:53:06.151,1.06506,1.06531
2013.03.27 00:53:07.971,1.06508,1.06534
2013.03.27 00:53:08.031,1.06511,1.06535
2013.03.27 00:53:09.961,1.06508,1.06535
2013.03.27 00:53:10.081,1.06508,1.06535
2013.03.27 00:53:10.881,1.06508,1.06535
2013.03.27 00:53:11.241,1.06506,1.06531
2013.03.27 00:53:12.049,1.06506,1.06529
2013.03.27 00:53:12.599,1.06506,1.0653
2013.03.27 00:53:15.348,1.06504,1.06528
2013.03.27 00:53:19.520,1.06503,1.06528
2013.03.27 00:53:20.718,1.06501,1.06526
2013.03.27 00:53:36.161,1.06501,1.06524
2013.03.27 00:53:41.058,1.06498,1.06525
2013.03.27 00:53:41.767,1.06498,1.06525
2013.03.27 00:53:46.581,1.06498,1.06525
2013.03.27 00:53:47.878,1.06499,1.06525
2013.03.27 00:53:53.950,1.06498,1.0652
2013.03.27 00:53:59.520,1.06498,1.06521
2013.03.27 00:54:00.450,1.06498,1.06523
2013.03.27 00:54:02.951,1.06498,1.0652
2013.03.27 00:54:15.877,1.06498,1.06519
2013.03.27 00:54:16.171,1.06497,1.06519
2013.03.27 00:54:17.101,1.06496,1.06519
2013.03.27 00:54:17.721,1.06496,1.06517
2013.03.27 00:54:17.781,1.06492,1.06517
2013.03.27 00:54:18.870,1.06492,1.06516
2013.03.27 00:54:18.931,1.06492,1.06512
2013.03.27 00:54:19.290,1.06491,1.06512
2013.03.27 00:54:20.107,1.06491,1.06511
2013.03.27 00:54:21.159,1.06486,1.0651
2013.03.27 00:54:21.224,1.06486,1.06508
2013.03.27 00:54:22.161,1.06486,1.06504
2013.03.27 00:54:22.521,1.06486,1.06502
2013.03.27 00:54:22.582,1.06486,1.06502
2013.03.27 00:54:22.880,1.06486,1.06502
2013.03.27 00:54:23.000,1.06486,1.06502
2013.03.27 00:54:26.334,1.06486,1.06504
2013.03.27 00:54:26.751,1.06486,1.06504
2013.03.27 00:54:26.931,1.06486,1.06504
2013.03.27 00:54:27.441,1.06486,1.06504
2013.03.27 00:54:29.553,1.06486,1.06503
2013.03.27 00:54:36.200,1.06486,1.06504
2013.03.27 00:54:37.413,1.06481,1.06503
2013.03.27 00:54:38.051,1.0648,1.065
2013.03.27 00:54:38.611,1.06477,1.065
2013.03.27 00:54:38.730,1.06485,1.06498
2013.03.27 00:54:38.971,1.06474,1.06498
2013.03.27 00:54:39.151,1.06477,1.06498
2013.03.27 00:54:39.391,1.06476,1.06498
2013.03.27 00:54:40.185,1.06474,1.06496
2013.03.27 00:54:40.931,1.06473,1.06493
2013.03.27 00:54:43.112,1.06471,1.06493
2013.03.27 00:54:43.920,1.06471,1.06493
2013.03.27 00:54:45.857,1.06473,1.06493
2013.03.27 00:54:46.461,1.06474,1.06495
2013.03.27 00:54:46.953,1.06473,1.06497
2013.03.27 00:54:47.263,1.06473,1.06494
2013.03.27 00:54:48.151,1.06473,1.06497
2013.03.27 00:54:48.462,1.06476,1.065
2013.03.27 00:54:48.521,1.06476,1.065
2013.03.27 00:54:48.822,1.06472,1.06494
2013.03.27 00:54:49.031,1.06471,1.06494
2013.03.27 00:54:49.785,1.06472,1.06497
2013.03.27 00:54:50.031,1.06471,1.06494
2013.03.27 00:54:50.150,1.06471,1.06495
2013.03.27 00:54:50.858,1.06471,1.06494
2013.03.27 00:54:51.412,1.06471,1.06494
2013.03.27 00:54:51.473,1.06471,1.06494
2013.03.27 00:54:51.532,1.0647,1.06492
2013.03.27 00:54:52.310,1.06467,1.06491
2013.03.27 00:54:52.837,1.0647,1.06493
2013.03.27 00:54:53.391,1.06466,1.0649
2013.03.27 00:54:53.451,1.06466,1.0649
2013.03.27 00:54:53.700,1.06466,1.0649
2013.03.27 00:54:53.881,1.06464,1.06486
2013.03.27 00:54:54.060,1.06462,1.06486
2013.03.27 00:54:54.180,1.06462,1.06486
2013.03.27 00:54:55.861,1.06463,1.06485
2013.03.27 00:54:56.797,1.06462,1.06484
2013.03.27 00:54:57.369,1.06461,1.06484
2013.03.27 00:55:00.032,1.06459,1.06483
2013.03.27 00:55:00.703,1.06457,1.06481
2013.03.27 00:55:00.882,1.06456,1.06481
2013.03.27 00:55:01.181,1.06456,1.06472
2013.03.27 00:55:02.235,1.0645,1.06472
2013.03.27 00:55:02.311,1.0646,1.06483
2013.03.27 00:55:02.875,1.06462,1.06486
2013.03.27 00:55:03.181,1.06466,1.06489
2013.03.27 00:55:03.301,1.06466,1.06491
2013.03.27 00:55:03.481,1.0647,1.06491
2013.03.27 00:55:03.892,1.0647,1.06495
2013.03.27 00:55:04.012,1.06471,1.06495
2013.03.27 00:55:05.012,1.06471,1.06495
2013.03.27 00:55:05.670,1.06473,1.06495
2013.03.27 00:55:10.101,1.06475,1.06498
2013.03.27 00:55:10.651,1.06475,1.06498
2013.03.27 00:55:10.880,1.06475,1.06499
2013.03.27 00:55:10.941,1.06478,1.06502
2013.03.27 00:55:11.001,1.0648,1.06503
2013.03.27 00:55:12.411,1.0648,1.06507
2013.03.27 00:55:16.351,1.06478,1.06497
2013.03.27 00:55:16.471,1.06472,1.06483
2013.03.27 00:55:16.531,1.06468,1.06483
2013.03.27 00:55:16.592,1.06461,1.06483
2013.03.27 00:55:16.711,1.06461,1.06482
2013.03.27 00:55:16.831,1.06459,1.06483
2013.03.27 00:55:16.891,1.06459,1.06484
2013.03.27 00:55:17.141,1.06462,1.06488
2013.03.27 00:55:17.411,1.06464,1.06489
2013.03.27 00:55:17.961,1.06467,1.06489
2013.03.27 00:55:20.301,1.06468,1.06492
2013.03.27 00:55:20.822,1.06471,1.06494
2013.03.27 00:55:20.881,1.0647,1.06494
2013.03.27 00:55:21.618,1.06472,1.06494
2013.03.27 00:55:22.061,1.0647,1.06494
2013.03.27 00:55:22.241,1.06468,1.06493
2013.03.27 00:55:22.302,1.06466,1.06491
2013.03.27 00:55:23.816,1.06466,1.06493
2013.03.27 00:55:25.576,1.06466,1.06491
2013.03.27 00:55:37.077,1.06466,1.06491
2013.03.27 00:55:37.869,1.06466,1.06492
2013.03.27 00:55:46.536,1.06466,1.06492
2013.03.27 00:55:46.901,1.06472,1.06494
2013.03.27 00:55:46.962,1.06472,1.06497
2013.03.27 00:55:47.153,1.06472,1.06497
2013.03.27 00:55:48.091,1.06476,1.06497
2013.03.27 00:55:48.631,1.06472,1.06498
2013.03.27 00:55:48.901,1.06472,1.06497
2013.03.27 00:55:49.651,1.06467,1.06493
2013.03.27 00:55:50.826,1.06466,1.06492
2013.03.27 00:55:51.412,1.06465,1.06492
2013.03.27 00:55:52.211,1.06465,1.06492
2013.03.27 00:55:52.570,1.06466,1.06492
2013.03.27 00:55:53.852,1.06472,1.06496
2013.03.27 00:55:53.911,1.06472,1.06497
2013.03.27 00:55:54.687,1.06473,1.06498
2013.03.27 00:56:05.823,1.06473,1.06497
2013.03.27 00:56:06.469,1.06472,1.06497
2013.03.27 00:56:09.024,1.06472,1.06497
2013.03.27 00:56:10.630,1.06472,1.06497
2013.03.27 00:56:12.160,1.06472,1.06497
2013.03.27 00:56:22.871,1.06472,1.06497
2013.03.27 00:56:23.191,1.06472,1.06494
2013.03.27 00:56:25.181,1.06472,1.06497
2013.03.27 00:56:28.404,1.06472,1.06495
2013.03.27 00:56:28.915,1.06472,1.06497
2013.03.27 00:56:30.953,1.06472,1.06494
2013.03.27 00:56:32.110,1.06472,1.06497
2013.03.27 00:56:35.280,1.06471,1.06497
2013.03.27 00:56:48.682,1.06471,1.06497
2013.03.27 00:56:49.231,1.06476,1.06498
2013.03.27 00:56:49.980,1.06476,1.06497
2013.03.27 00:56:50.535,1.06476,1.06497
2013.03.27 00:56:50.712,1.06476,1.06496
2013.03.27 00:56:53.612,1.0647,1.06497
2013.03.27 00:56:57.692,1.06472,1.06497
2013.03.27 00:56:59.641,1.06475,1.06499
2013.03.27 00:57:00.161,1.06475,1.06499
2013.03.27 00:57:00.401,1.06476,1.06499
2013.03.27 00:57:00.711,1.06479,1.06499
2013.03.27 00:57:01.242,1.06479,1.065
2013.03.27 00:57:07.792,1.06479,1.06503
2013.03.27 00:57:11.068,1.06479,1.06503
2013.03.27 00:57:14.677,1.06479,1.06503
2013.03.27 00:57:15.642,1.06479,1.06503
2013.03.27 00:57:15.702,1.06479,1.06503
2013.03.27 00:57:19.401,1.0648,1.06503
2013.03.27 00:57:20.495,1.06479,1.06501
2013.03.27 00:57:25.521,1.06479,1.06503
2013.03.27 00:57:27.811,1.06481,1.06502
2013.03.27 00:57:37.421,1.06479,1.06501
2013.03.27 00:57:39.513,1.0648,1.06501
2013.03.27 00:57:41.162,1.0648,1.06501
2013.03.27 00:57:41.382,1.06477,1.065
2013.03.27 00:57:42.076,1.06478,1.06497
2013.03.27 00:57:52.187,1.06477,1.06497
2013.03.27 00:58:00.724,1.06477,1.06497
2013.03.27 00:58:02.129,1.06478,1.06498
2013.03.27 00:58:10.811,1.06477,1.06498
2013.03.27 00:58:11.421,1.06479,1.06498
2013.03.27 00:58:13.064,1.0648,1.065
2013.03.27 00:58:13.421,1.0648,1.06503
2013.03.27 00:58:16.361,1.06481,1.06503
2013.03.27 00:58:16.587,1.06478,1.06502
2013.03.27 00:58:17.153,1.06478,1.06498
2013.03.27 00:58:18.564,1.06481,1.065
2013.03.27 00:58:22.222,1.06482,1.06502
2013.03.27 00:58:22.282,1.06482,1.06503
2013.03.27 00:58:23.875,1.06482,1.06503
2013.03.27 00:58:26.222,1.06482,1.06503
2013.03.27 00:58:26.651,1.06485,1.06506
2013.03.27 00:58:26.792,1.06485,1.06508
2013.03.27 00:58:27.591,1.06484,1.06508
2013.03.27 00:58:34.632,1.06485,1.06508
2013.03.27 00:58:39.582,1.06481,1.06506
2013.03.27 00:58:40.711,1.06481,1.06506
2013.03.27 00:58:49.282,1.06481,1.06508
2013.03.27 00:58:49.821,1.06481,1.06508
2013.03.27 00:58:51.354,1.06481,1.06504
2013.03.27 00:58:51.472,1.06481,1.06504
2013.03.27 00:58:51.533,1.06481,1.06504
2013.03.27 00:58:51.728,1.06481,1.06504
2013.03.27 00:58:52.317,1.06481,1.06504
2013.03.27 00:58:52.631,1.06481,1.06504
2013.03.27 00:58:53.299,1.06481,1.06504
2013.03.27 00:58:53.615,1.06485,1.06505
2013.03.27 00:58:53.861,1.06481,1.06504
2013.03.27 00:58:53.921,1.06481,1.06504
2013.03.27 00:58:54.453,1.06481,1.06504
2013.03.27 00:58:54.661,1.06479,1.06503
2013.03.27 00:58:55.651,1.06482,1.06503
2013.03.27 00:58:56.782,1.06482,1.06503
2013.03.27 00:58:56.857,1.06482,1.06502
2013.03.27 00:58:57.402,1.06482,1.06502
2013.03.27 00:59:04.451,1.06482,1.06502
2013.03.27 00:59:06.184,1.06482,1.06503
2013.03.27 00:59:07.613,1.06482,1.06503
2013.03.27 00:59:10.141,1.06479,1.06501
2013.03.27 00:59:10.202,1.06479,1.06501
2013.03.27 00:59:10.756,1.06479,1.06498
2013.03.27 00:59:12.983,1.06478,1.06498
2013.03.27 00:59:17.221,1.06479,1.06498
2013.03.27 00:59:17.741,1.06479,1.06501
2013.03.27 00:59:22.581,1.06478,1.06498
2013.03.27 00:59:33.829,1.06478,1.06498
2013.03.27 00:59:34.371,1.06478,1.06498
2013.03.27 00:59:46.374,1.06478,1.06498
2013.03.27 00:59:52.451,1.06478,1.06498
2013.03.27 00:59:53.047,1.06478,1.065
2013.03.27 00:59:54.091,1.06478,1.065
2013.03.27 00:59:55.552,1.0648,1.06502
2013.03.27 00:59:55.732,1.0648,1.06502
2013.03.27 00:59:58.684,1.06479,1.06502
2013.03.27 00:59:59.209,1.06478,1.06498
2013.03.27 01:00:00.331,1.06474,1.06498
2013.03.27 01:00:01.641,1.06471,1.06495
2013.03.27 01:00:03.650,1.06471,1.06498
2013.03.27 01:00:03.723,1.06473,1.06498
2013.03.27 01:00:09.754,1.06473,1.06498
2013.03.27 01:00:23.133,1.06473,1.06498
2013.03.27 01:00:27.754,1.06476,1.06501
2013.03.27 01:00:28.377,1.06476,1.065
2013.03.27 01:00:35.154,1.06476,1.06499
2013.03.27 01:00:35.667,1.06474,1.06497
2013.03.27 01:00:47.808,1.06474,1.06492
2013.03.27 01:00:48.015,1.06468,1.06481
2013.03.27 01:00:48.081,1.06461,1.06481
2013.03.27 01:00:48.142,1.06461,1.06476
2013.03.27 01:00:48.451,1.06451,1.06472
2013.03.27 01:00:55.204,1.06454,1.06472
2013.03.27 01:00:57.971,1.06449,1.0647
2013.03.27 01:00:58.332,1.06449,1.0647
2013.03.27 01:01:05.811,1.06448,1.06471
2013.03.27 01:01:06.231,1.06449,1.06473
2013.03.27 01:01:15.663,1.06453,1.06475
2013.03.27 01:01:26.322,1.06452,1.06475
2013.03.27 01:01:27.881,1.06452,1.06475
2013.03.27 01:01:28.422,1.06449,1.06474
2013.03.27 01:01:28.603,1.06447,1.06472
2013.03.27 01:01:28.902,1.06445,1.0647
2013.03.27 01:01:29.353,1.06444,1.0647
2013.03.27 01:01:29.662,1.06444,1.06468
2013.03.27 01:01:30.962,1.0645,1.06472
2013.03.27 01:01:31.081,1.0645,1.06472
2013.03.27 01:01:32.101,1.0645,1.06472
2013.03.27 01:01:37.913,1.06445,1.0647
2013.03.27 01:01:38.561,1.06445,1.06469
2013.03.27 01:01:38.802,1.06446,1.06469
2013.03.27 01:01:39.042,1.06446,1.06469
2013.03.27 01:01:39.826,1.06446,1.06469
2013.03.27 01:01:41.794,1.06446,1.06469
2013.03.27 01:01:42.528,1.06446,1.06469
2013.03.27 01:01:44.122,1.06449,1.0647
2013.03.27 01:01:44.361,1.06449,1.06473
2013.03.27 01:01:46.671,1.06449,1.06473
2013.03.27 01:01:50.121,1.06449,1.06473
2013.03.27 01:01:53.851,1.06451,1.06473
2013.03.27 01:01:58.422,1.06451,1.06473
2013.03.27 01:01:58.482,1.06451,1.06474
2013.03.27 01:01:59.592,1.06455,1.06475
2013.03.27 01:01:59.832,1.06456,1.06479
2013.03.27 01:02:01.891,1.0646,1.0648
2013.03.27 01:02:02.173,1.0646,1.0648
2013.03.27 01:02:11.362,1.06456,1.0648
2013.03.27 01:02:11.487,1.06455,1.0648
2013.03.27 01:02:13.522,1.06456,1.0648
2013.03.27 01:02:13.823,1.06456,1.0648
2013.03.27 01:02:15.300,1.06457,1.06482
2013.03.27 01:02:17.074,1.06456,1.0648
2013.03.27 01:02:17.431,1.06455,1.06479
2013.03.27 01:02:19.591,1.06454,1.06479
2013.03.27 01:02:19.802,1.06452,1.06477
2013.03.27 01:02:20.122,1.06452,1.06478
2013.03.27 01:02:20.672,1.06457,1.06479
2013.03.27 01:02:37.484,1.06457,1.06479
2013.03.27 01:02:40.901,1.06456,1.0648
2013.03.27 01:02:50.333,1.06457,1.0648
2013.03.27 01:02:50.652,1.06461,1.06483
2013.03.27 01:02:59.912,1.06461,1.06485
2013.03.27 01:03:00.664,1.06466,1.06487
2013.03.27 01:03:01.024,1.06466,1.06489
2013.03.27 01:03:05.685,1.06467,1.06489
2013.03.27 01:03:07.722,1.06467,1.06489
2013.03.27 01:03:07.842,1.06466,1.06489
2013.03.27 01:03:14.615,1.06465,1.06489
2013.03.27 01:03:16.116,1.06465,1.06489
2013.03.27 01:03:19.652,1.06465,1.06489
2013.03.27 01:03:22.851,1.06464,1.06489
2013.03.27 01:03:50.747,1.06463,1.06488
2013.03.27 01:03:51.422,1.06464,1.0649
2013.03.27 01:03:54.361,1.06464,1.06489
2013.03.27 01:04:05.058,1.06462,1.06488
2013.03.27 01:04:08.192,1.06463,1.06489
2013.03.27 01:04:10.839,1.06463,1.06489
2013.03.27 01:04:12.653,1.06463,1.06488
2013.03.27 01:04:18.082,1.06462,1.06488
2013.03.27 01:04:18.391,1.06462,1.06485
2013.03.27 01:04:18.912,1.06462,1.06483
2013.03.27 01:04:19.034,1.06459,1.06483
2013.03.27 01:04:19.392,1.06458,1.06481
2013.03.27 01:04:20.672,1.06458,1.06481
2013.03.27 01:04:20.852,1.06458,1.06484
2013.03.27 01:04:21.092,1.06458,1.06484
2013.03.27 01:04:21.442,1.06461,1.06484
2013.03.27 01:04:22.519,1.06461,1.06484
2013.03.27 01:04:23.023,1.06459,1.06484
2013.03.27 01:04:24.098,1.06459,1.06485
2013.03.27 01:04:35.391,1.06462,1.06488
2013.03.27 01:04:35.692,1.06465,1.06491
2013.03.27 01:04:35.752,1.06467,1.06493
2013.03.27 01:04:36.294,1.06468,1.06493
2013.03.27 01:04:39.642,1.06468,1.06494
2013.03.27 01:04:42.762,1.06471,1.06496
2013.03.27 01:04:42.882,1.06473,1.06497
2013.03.27 01:04:43.242,1.06475,1.06499
2013.03.27 01:04:46.362,1.06475,1.065
2013.03.27 01:04:46.923,1.06476,1.06499
2013.03.27 01:04:47.133,1.06476,1.06501
2013.03.27 01:05:05.618,1.06475,1.065
2013.03.27 01:05:08.147,1.06476,1.06501
2013.03.27 01:05:13.232,1.06479,1.06503
2013.03.27 01:05:13.292,1.06479,1.06504
2013.03.27 01:05:15.742,1.06479,1.06503
2013.03.27 01:05:15.952,1.06476,1.065
2013.03.27 01:05:16.071,1.06473,1.06498
2013.03.27 01:05:19.582,1.06476,1.06498
2013.03.27 01:05:19.761,1.06479,1.06499
2013.03.27 01:05:19.822,1.06479,1.06504
2013.03.27 01:05:20.182,1.06482,1.06504
2013.03.27 01:05:20.373,1.06483,1.06508
2013.03.27 01:05:22.022,1.06483,1.06508
2013.03.27 01:05:22.323,1.0648,1.06505
2013.03.27 01:05:23.642,1.0648,1.06504
2013.03.27 01:05:26.792,1.06478,1.06503
2013.03.27 01:05:26.851,1.06477,1.06502
2013.03.27 01:05:27.392,1.06477,1.06502
2013.03.27 01:05:27.512,1.06473,1.06499
2013.03.27 01:05:31.092,1.06474,1.06499
2013.03.27 01:05:32.607,1.06474,1.06499
2013.03.27 01:05:32.851,1.06478,1.06503
2013.03.27 01:05:33.391,1.06478,1.06504
2013.03.27 01:05:33.512,1.06478,1.06503
2013.03.27 01:05:34.362,1.06477,1.06501
2013.03.27 01:05:34.672,1.06476,1.065
2013.03.27 01:05:34.791,1.06473,1.06498
2013.03.27 01:05:35.798,1.06473,1.06498
2013.03.27 01:05:36.340,1.06473,1.06497
2013.03.27 01:05:45.962,1.06473,1.06498
2013.03.27 01:05:46.822,1.06472,1.06497
2013.03.27 01:05:50.104,1.06473,1.06498
2013.03.27 01:05:50.830,1.06473,1.06498
2013.03.27 01:05:53.067,1.06472,1.06497
2013.03.27 01:05:53.593,1.06473,1.06498
2013.03.27 01:05:55.432,1.06474,1.065
2013.03.27 01:05:55.612,1.06472,1.06498
2013.03.27 01:05:59.172,1.06471,1.06496
2013.03.27 01:06:00.893,1.06471,1.06498
2013.03.27 01:06:39.491,1.0647,1.06496
2013.03.27 01:06:44.056,1.06471,1.06495
2013.03.27 01:06:44.618,1.0647,1.06493
2013.03.27 01:06:45.161,1.06472,1.06493
2013.03.27 01:06:46.806,1.06473,1.06494
2013.03.27 01:06:47.131,1.06473,1.06497
2013.03.27 01:06:47.683,1.06473,1.06498
2013.03.27 01:06:55.703,1.06471,1.06498
2013.03.27 01:07:06.004,1.06471,1.06498
2013.03.27 01:07:15.822,1.06471,1.06496
2013.03.27 01:07:23.882,1.06471,1.06498
2013.03.27 01:07:24.282,1.06471,1.06498
2013.03.27 01:07:33.859,1.06471,1.06496
2013.03.27 01:07:37.272,1.06472,1.06498
2013.03.27 01:07:57.105,1.06477,1.06501
2013.03.27 01:07:57.262,1.06477,1.06502
2013.03.27 01:07:58.538,1.06476,1.06502
2013.03.27 01:07:59.182,1.06473,1.06498
2013.03.27 01:08:20.162,1.06473,1.06498
2013.03.27 01:08:38.782,1.06475,1.06501
2013.03.27 01:08:39.308,1.06475,1.06501
2013.03.27 01:08:41.234,1.06474,1.06501
2013.03.27 01:08:44.542,1.06474,1.06501
2013.03.27 01:08:45.313,1.06476,1.06499
2013.03.27 01:08:45.553,1.06476,1.06499
2013.03.27 01:08:45.613,1.06476,1.06499
2013.03.27 01:08:46.132,1.06476,1.06499
2013.03.27 01:08:49.712,1.06475,1.06499
2013.03.27 01:08:50.251,1.06475,1.06499
2013.03.27 01:08:52.512,1.06475,1.06499
2013.03.27 01:08:56.383,1.06475,1.06499
2013.03.27 01:09:00.552,1.06475,1.06499
2013.03.27 01:09:05.582,1.06473,1.06498
2013.03.27 01:09:20.592,1.06476,1.06501
2013.03.27 01:09:26.112,1.06476,1.06499
2013.03.27 01:09:30.352,1.06476,1.065
2013.03.27 01:09:30.853,1.06478,1.06501
2013.03.27 01:09:31.829,1.06478,1.065
2013.03.27 01:09:32.139,1.06475,1.06499
2013.03.27 01:09:36.073,1.06475,1.06499
2013.03.27 01:09:36.252,1.06481,1.06504
2013.03.27 01:09:36.312,1.06481,1.06504
2013.03.27 01:09:36.442,1.06481,1.06504
2013.03.27 01:09:36.743,1.06475,1.065
2013.03.27 01:09:40.593,1.06474,1.065
2013.03.27 01:09:41.612,1.06481,1.06502
2013.03.27 01:09:43.852,1.06476,1.065
2013.03.27 01:09:51.822,1.06473,1.065
2013.03.27 01:09:53.636,1.06481,1.06503
2013.03.27 01:09:53.703,1.06481,1.06503
2013.03.27 01:09:53.827,1.06481,1.06503
2013.03.27 01:09:54.718,1.06473,1.065
2013.03.27 01:10:00.113,1.06473,1.06499
2013.03.27 01:10:01.102,1.06473,1.065
2013.03.27 01:10:02.893,1.06478,1.06502
2013.03.27 01:10:03.072,1.06481,1.06502
2013.03.27 01:10:04.783,1.06481,1.06503
2013.03.27 01:10:05.367,1.06478,1.06503
2013.03.27 01:10:06.400,1.06478,1.06504
2013.03.27 01:10:08.364,1.06477,1.06502
2013.03.27 01:10:09.133,1.06478,1.06503
2013.03.27 01:10:10.343,1.06477,1.06501
2013.03.27 01:10:20.164,1.06478,1.06502
2013.03.27 01:10:20.673,1.06478,1.06504
2013.03.27 01:10:21.814,1.06477,1.06504
2013.03.27 01:10:23.892,1.06478,1.06504
2013.03.27 01:10:27.545,1.06479,1.06503
2013.03.27 01:10:31.222,1.06479,1.06503
2013.03.27 01:10:32.403,1.06476,1.06503
2013.03.27 01:10:34.932,1.06479,1.06502
2013.03.27 01:10:41.080,1.06473,1.065
2013.03.27 01:10:41.142,1.06473,1.065
2013.03.27 01:10:43.063,1.06473,1.06498
2013.03.27 01:10:43.473,1.0647,1.06495
2013.03.27 01:10:45.787,1.06469,1.06495
2013.03.27 01:10:51.202,1.06469,1.06493
2013.03.27 01:10:51.322,1.06469,1.06493
2013.03.27 01:10:51.930,1.06464,1.06491
2013.03.27 01:10:55.822,1.06464,1.06491
2013.03.27 01:10:56.822,1.06463,1.06489
2013.03.27 01:11:06.283,1.06462,1.06483
2013.03.27 01:11:06.987,1.06461,1.06483
2013.03.27 01:11:26.302,1.06458,1.06483
2013.03.27 01:11:32.949,1.06457,1.06483
2013.03.27 01:11:38.868,1.06457,1.06483
2013.03.27 01:11:49.500,1.06456,1.06483
2013.03.27 01:11:50.134,1.06458,1.06483
2013.03.27 01:11:54.743,1.06456,1.06483
2013.03.27 01:11:56.383,1.06456,1.06479
2013.03.27 01:11:56.875,1.06455,1.06479
2013.03.27 01:11:59.363,1.06456,1.06479
2013.03.27 01:12:03.173,1.06456,1.06478
2013.03.27 01:12:16.690,1.06453,1.06478
2013.03.27 01:12:27.124,1.06453,1.06478
2013.03.27 01:12:29.023,1.06453,1.06478
2013.03.27 01:12:36.392,1.06453,1.06478
2013.03.27 01:12:39.262,1.06453,1.06478
2013.03.27 01:12:43.472,1.06453,1.06476
2013.03.27 01:12:45.104,1.06453,1.06477
2013.03.27 01:12:45.163,1.06453,1.06479
2013.03.27 01:12:46.065,1.06458,1.06484
2013.03.27 01:12:49.393,1.06462,1.06485
2013.03.27 01:12:49.512,1.06465,1.06489
2013.03.27 01:12:50.063,1.06469,1.06492
2013.03.27 01:12:51.153,1.06465,1.0649
2013.03.27 01:13:00.370,1.06466,1.06491
2013.03.27 01:13:09.473,1.06468,1.06493
2013.03.27 01:13:14.634,1.06468,1.06495
2013.03.27 01:13:42.655,1.06468,1.06493
2013.03.27 01:13:43.781,1.06468,1.06495
2013.03.27 01:13:49.114,1.06468,1.06493
2013.03.27 01:13:49.173,1.06468,1.06492
2013.03.27 01:13:49.983,1.06466,1.06491
2013.03.27 01:13:52.643,1.06468,1.06491
2013.03.27 01:14:05.886,1.06468,1.06493
2013.03.27 01:14:06.994,1.06468,1.06492
2013.03.27 01:14:10.000,1.06468,1.06493
2013.03.27 01:14:12.133,1.06469,1.06493
2013.03.27 01:14:12.764,1.06469,1.06493
2013.03.27 01:14:12.834,1.06469,1.06495
2013.03.27 01:14:21.323,1.06472,1.06496
2013.03.27 01:14:21.384,1.06472,1.06497
2013.03.27 01:14:41.314,1.06472,1.06499
2013.03.27 01:14:44.463,1.06472,1.06498
2013.03.27 01:14:46.708,1.06472,1.06499
2013.03.27 01:14:51.819,1.06476,1.06499
2013.03.27 01:15:09.683,1.06476,1.06498
2013.03.27 01:15:16.085,1.06475,1.06503
2013.03.27 01:15:28.473,1.06475,1.06503
2013.03.27 01:15:31.945,1.06476,1.065
2013.03.27 01:15:32.454,1.06478,1.06504
2013.03.27 01:15:39.883,1.06481,1.06505
2013.03.27 01:15:41.043,1.06482,1.06506
2013.03.27 01:15:41.384,1.06483,1.06506
2013.03.27 01:15:41.685,1.06491,1.06511
2013.03.27 01:15:41.864,1.06491,1.06511
2013.03.27 01:15:42.043,1.06487,1.06514
2013.03.27 01:15:46.145,1.06486,1.0651
2013.03.27 01:15:46.203,1.06481,1.06504
2013.03.27 01:15:46.383,1.06478,1.06505
2013.03.27 01:15:46.563,1.06481,1.06507
2013.03.27 01:15:52.939,1.06482,1.06507
2013.03.27 01:15:56.204,1.06481,1.06506
2013.03.27 01:16:03.674,1.06481,1.06503
2013.03.27 01:16:06.823,1.06478,1.06503
2013.03.27 01:16:19.354,1.06478,1.06503
2013.03.27 01:16:20.049,1.06477,1.06502
2013.03.27 01:16:26.753,1.06476,1.065
2013.03.27 01:16:27.924,1.06476,1.065
2013.03.27 01:16:40.604,1.0648,1.06505
2013.03.27 01:16:40.663,1.0648,1.06505
2013.03.27 01:16:42.093,1.06481,1.06505
2013.03.27 01:16:42.633,1.0648,1.06505
2013.03.27 01:16:45.442,1.0648,1.06503
2013.03.27 01:16:49.653,1.0648,1.06502
2013.03.27 01:16:55.374,1.06476,1.065
2013.03.27 01:16:56.248,1.06476,1.06502
2013.03.27 01:16:56.453,1.0648,1.06505
2013.03.27 01:16:59.773,1.06479,1.06503
2013.03.27 01:17:00.873,1.06476,1.06502
2013.03.27 01:17:01.353,1.06475,1.06501
2013.03.27 01:17:04.288,1.06476,1.06502
2013.03.27 01:17:14.617,1.06475,1.06501
2013.03.27 01:17:14.814,1.06474,1.06498
2013.03.27 01:17:15.115,1.06471,1.06497
2013.03.27 01:17:16.054,1.0647,1.06495
2013.03.27 01:17:16.114,1.06469,1.0649
2013.03.27 01:17:16.234,1.06466,1.0649
2013.03.27 01:17:16.923,1.06466,1.0649
2013.03.27 01:17:24.333,1.06469,1.06494
2013.03.27 01:17:24.807,1.0647,1.06495
2013.03.27 01:17:26.863,1.06471,1.06497
2013.03.27 01:17:26.983,1.06475,1.06501
2013.03.27 01:17:27.413,1.06476,1.06502
2013.03.27 01:17:31.946,1.06475,1.065
2013.03.27 01:17:32.333,1.0647,1.06497
2013.03.27 01:17:32.942,1.0647,1.06497
2013.03.27 01:17:34.114,1.0647,1.06494
2013.03.27 01:17:35.076,1.06476,1.06496
2013.03.27 01:17:36.148,1.06475,1.06497
2013.03.27 01:17:41.566,1.06476,1.06498
2013.03.27 01:17:41.953,1.06475,1.06502
2013.03.27 01:17:45.162,1.06475,1.06502
2013.03.27 01:17:50.081,1.06475,1.06502
2013.03.27 01:18:01.983,1.06477,1.06503
2013.03.27 01:18:10.140,1.06477,1.06501
2013.03.27 01:18:11.543,1.06477,1.06501
2013.03.27 01:18:13.949,1.06477,1.065
2013.03.27 01:18:15.452,1.06477,1.06501
2013.03.27 01:18:15.844,1.06477,1.06501
2013.03.27 01:18:16.153,1.06478,1.06501
2013.03.27 01:18:16.393,1.06478,1.06501
2013.03.27 01:18:16.704,1.06476,1.06498
2013.03.27 01:18:16.886,1.06473,1.06498
2013.03.27 01:18:17.184,1.06471,1.06493
2013.03.27 01:18:17.303,1.06468,1.06492
2013.03.27 01:18:17.695,1.06464,1.0649
2013.03.27 01:18:18.084,1.06463,1.06487
2013.03.27 01:18:18.392,1.0646,1.06485
2013.03.27 01:18:18.466,1.0646,1.06485
2013.03.27 01:18:19.295,1.0646,1.06485
2013.03.27 01:18:20.083,1.0646,1.06485
2013.03.27 01:18:20.624,1.06463,1.06485
2013.03.27 01:18:20.923,1.06467,1.06492
2013.03.27 01:18:21.103,1.06467,1.06488
2013.03.27 01:18:21.854,1.06465,1.06488
2013.03.27 01:18:23.946,1.06466,1.06489
2013.03.27 01:18:24.014,1.0647,1.06489
2013.03.27 01:18:24.175,1.0647,1.06492
2013.03.27 01:18:24.694,1.06467,1.06489
2013.03.27 01:18:32.385,1.06466,1.06492
2013.03.27 01:18:33.603,1.06466,1.06492
2013.03.27 01:18:33.843,1.06471,1.06495
2013.03.27 01:18:34.204,1.06472,1.06498
2013.03.27 01:18:34.383,1.06476,1.065
2013.03.27 01:18:34.694,1.06475,1.06499
2013.03.27 01:18:34.874,1.06472,1.06495
2013.03.27 01:18:36.593,1.06468,1.06493
2013.03.27 01:18:37.613,1.06467,1.06492
2013.03.27 01:18:37.923,1.06465,1.06489
2013.03.27 01:18:40.913,1.06465,1.06492
2013.03.27 01:18:57.633,1.0647,1.06492
2013.03.27 01:19:17.683,1.06465,1.0649
2013.03.27 01:19:18.923,1.06469,1.06491
2013.03.27 01:19:19.343,1.06471,1.06495
2013.03.27 01:19:19.403,1.06471,1.06498
2013.03.27 01:19:20.085,1.06471,1.06495
2013.03.27 01:19:20.145,1.06471,1.06493
2013.03.27 01:19:23.784,1.06465,1.0649
2013.03.27 01:19:29.705,1.06465,1.0649
2013.03.27 01:19:35.427,1.06465,1.0649
2013.03.27 01:19:37.632,1.06465,1.06489
2013.03.27 01:20:05.893,1.06463,1.06489
2013.03.27 01:20:18.873,1.06463,1.06488
2013.03.27 01:20:20.281,1.06465,1.0649
2013.03.27 01:20:37.803,1.06463,1.06488
2013.03.27 01:20:38.103,1.06466,1.06493
2013.03.27 01:20:39.273,1.06468,1.06493
2013.03.27 01:20:46.924,1.06468,1.06493
2013.03.27 01:20:55.325,1.06469,1.06493
2013.03.27 01:20:55.842,1.06469,1.06493
2013.03.27 01:20:56.682,1.06469,1.06493
2013.03.27 01:20:58.113,1.06469,1.06492
2013.03.27 01:21:18.083,1.06466,1.06493
2013.03.27 01:21:20.343,1.06469,1.06493
2013.03.27 01:21:20.645,1.06466,1.0649
2013.03.27 01:21:21.194,1.06466,1.0649
2013.03.27 01:21:21.553,1.06467,1.06493
2013.03.27 01:21:24.410,1.06468,1.06494
2013.03.27 01:21:41.413,1.06471,1.06495
2013.03.27 01:21:51.996,1.06471,1.06494
2013.03.27 01:21:58.525,1.06471,1.06494
2013.03.27 01:22:04.835,1.06471,1.06495
2013.03.27 01:22:12.302,1.06469,1.06494
2013.03.27 01:22:37.696,1.06469,1.06496
2013.03.27 01:22:38.964,1.06469,1.06495
2013.03.27 01:22:51.594,1.06468,1.06495
2013.03.27 01:22:54.744,1.06468,1.06494
2013.03.27 01:22:58.613,1.06468,1.06493
2013.03.27 01:23:02.833,1.06469,1.06492
2013.03.27 01:23:04.243,1.06469,1.06494
2013.03.27 01:23:07.124,1.0647,1.06494
2013.03.27 01:23:07.305,1.06477,1.06498
2013.03.27 01:23:07.924,1.06475,1.06498
2013.03.27 01:23:08.163,1.06477,1.06501
2013.03.27 01:23:09.464,1.06477,1.06499
2013.03.27 01:23:09.612,1.06473,1.06497
2013.03.27 01:23:09.974,1.06471,1.06495
2013.03.27 01:23:11.160,1.06471,1.06495
2013.03.27 01:23:42.183,1.06469,1.06494
2013.03.27 01:23:44.665,1.06468,1.06495
2013.03.27 01:23:44.784,1.06473,1.065
2013.03.27 01:23:44.963,1.06475,1.06501
2013.03.27 01:23:45.145,1.06478,1.06503
2013.03.27 01:23:45.385,1.06478,1.06503
2013.03.27 01:23:50.726,1.06478,1.06505
2013.03.27 01:23:51.263,1.06479,1.06505
2013.03.27 01:23:52.516,1.06479,1.06503
2013.03.27 01:23:53.314,1.06479,1.06503
2013.03.27 01:23:54.644,1.06479,1.06503
2013.03.27 01:23:54.840,1.06479,1.06503
2013.03.27 01:24:02.546,1.06479,1.06501
2013.03.27 01:24:05.152,1.06479,1.06503
2013.03.27 01:24:07.959,1.06479,1.06503
2013.03.27 01:24:10.167,1.06479,1.06501
2013.03.27 01:24:22.002,1.06476,1.06501
2013.03.27 01:24:37.284,1.06477,1.06501
2013.03.27 01:24:53.935,1.06477,1.06502
2013.03.27 01:24:56.103,1.06477,1.06501
2013.03.27 01:24:56.164,1.06476,1.06496
2013.03.27 01:24:56.740,1.06471,1.06496
2013.03.27 01:25:08.372,1.06471,1.06493
2013.03.27 01:25:20.300,1.06468,1.06494
2013.03.27 01:25:30.333,1.06467,1.06493
2013.03.27 01:25:31.984,1.06468,1.06494
2013.03.27 01:25:42.916,1.06469,1.06496
2013.03.27 01:25:44.035,1.06469,1.06494
2013.03.27 01:25:47.032,1.06469,1.06495
2013.03.27 01:25:48.220,1.06469,1.06494
2013.03.27 01:25:50.360,1.06469,1.06496
2013.03.27 01:25:50.680,1.06473,1.06497
2013.03.27 01:25:56.374,1.06472,1.06499
2013.03.27 01:26:01.894,1.06472,1.06499
2013.03.27 01:26:02.408,1.06472,1.06498
2013.03.27 01:26:05.224,1.06472,1.06497
2013.03.27 01:26:09.177,1.06472,1.06496
2013.03.27 01:26:13.654,1.06472,1.06495
2013.03.27 01:26:14.654,1.06472,1.06498
2013.03.27 01:26:16.604,1.06472,1.06497
2013.03.27 01:26:20.558,1.06469,1.06496
2013.03.27 01:26:25.174,1.0647,1.06497
2013.03.27 01:26:35.004,1.06469,1.06496
2013.03.27 01:27:01.844,1.06472,1.06496
2013.03.27 01:27:02.025,1.06469,1.06496
2013.03.27 01:27:08.454,1.06469,1.06496
2013.03.27 01:27:16.445,1.06471,1.06496
2013.03.27 01:27:16.504,1.06471,1.06496
2013.03.27 01:27:23.714,1.06473,1.06497
2013.03.27 01:27:27.973,1.06472,1.06497
2013.03.27 01:27:32.305,1.06473,1.06497
2013.03.27 01:27:32.617,1.06473,1.06497
2013.03.27 01:27:42.297,1.06474,1.06497
2013.03.27 01:28:04.504,1.06474,1.06501
2013.03.27 01:28:04.864,1.06474,1.06501
2013.03.27 01:28:05.044,1.06471,1.06498
2013.03.27 01:28:05.618,1.06471,1.06498
2013.03.27 01:28:09.545,1.06476,1.06501
2013.03.27 01:28:14.647,1.06475,1.06499
2013.03.27 01:28:14.716,1.06474,1.06496
2013.03.27 01:28:15.847,1.06474,1.06496
2013.03.27 01:28:23.257,1.06474,1.06497
2013.03.27 01:28:23.797,1.06474,1.06498
2013.03.27 01:28:24.155,1.06472,1.06497
2013.03.27 01:28:24.275,1.06468,1.06494
2013.03.27 01:28:28.900,1.06467,1.06491
2013.03.27 01:28:30.445,1.06467,1.06493
2013.03.27 01:28:31.911,1.06467,1.06494
2013.03.27 01:28:34.084,1.06467,1.06493
2013.03.27 01:28:40.085,1.0647,1.06493
2013.03.27 01:28:40.636,1.0647,1.06493
2013.03.27 01:28:41.365,1.06471,1.06493
2013.03.27 01:28:44.826,1.06469,1.06495
2013.03.27 01:28:47.534,1.06475,1.06497
2013.03.27 01:28:48.815,1.06471,1.06496
2013.03.27 01:28:55.376,1.06469,1.06493
2013.03.27 01:28:55.855,1.0647,1.06496
2013.03.27 01:28:55.985,1.06473,1.06497
2013.03.27 01:28:56.045,1.06473,1.06497
2013.03.27 01:28:56.224,1.06472,1.06497
2013.03.27 01:28:56.756,1.0647,1.06494
2013.03.27 01:28:58.945,1.06472,1.06496
2013.03.27 01:29:08.794,1.06469,1.06494
2013.03.27 01:29:34.105,1.06471,1.06495
2013.03.27 01:30:02.135,1.06472,1.06494
2013.03.27 01:30:04.085,1.06472,1.06495
2013.03.27 01:30:08.635,1.06473,1.06495
2013.03.27 01:30:08.875,1.06476,1.06501
2013.03.27 01:30:16.325,1.06475,1.06498
2013.03.27 01:30:19.164,1.06476,1.06501
2013.03.27 01:30:19.224,1.06478,1.06504
2013.03.27 01:30:19.837,1.06478,1.06504
2013.03.27 01:30:27.448,1.06478,1.06504
2013.03.27 01:30:28.622,1.06481,1.06504
2013.03.27 01:30:30.445,1.06481,1.06504
2013.03.27 01:30:30.804,1.06481,1.06506
2013.03.27 01:30:39.244,1.06481,1.06507
2013.03.27 01:30:41.864,1.06483,1.06508
2013.03.27 01:30:55.615,1.0648,1.06503
2013.03.27 01:30:56.156,1.0648,1.06502
2013.03.27 01:30:59.075,1.06477,1.06501
2013.03.27 01:30:59.434,1.06476,1.06494
2013.03.27 01:30:59.872,1.0647,1.06494
2013.03.27 01:31:00.283,1.0647,1.06494
2013.03.27 01:31:00.515,1.0647,1.06494
2013.03.27 01:31:00.755,1.0647,1.06494
2013.03.27 01:31:01.355,1.0647,1.06489
2013.03.27 01:31:01.665,1.0647,1.06491
2013.03.27 01:31:02.046,1.0647,1.06489
2013.03.27 01:31:02.225,1.06469,1.06489
2013.03.27 01:31:02.285,1.06465,1.06488
2013.03.27 01:31:03.259,1.06465,1.06488
2013.03.27 01:31:22.584,1.06464,1.06488
2013.03.27 01:31:22.945,1.06465,1.06491
2013.03.27 01:31:28.919,1.06465,1.06491
2013.03.27 01:31:30.224,1.06465,1.0649
2013.03.27 01:31:31.775,1.06465,1.06489
2013.03.27 01:31:39.105,1.06465,1.06488
2013.03.27 01:31:48.554,1.06462,1.06488
2013.03.27 01:31:49.907,1.06461,1.06484
2013.03.27 01:31:51.347,1.06459,1.06484
2013.03.27 01:31:51.406,1.06457,1.06482
2013.03.27 01:31:51.646,1.06457,1.06481
2013.03.27 01:31:51.885,1.06452,1.06479
2013.03.27 01:31:53.150,1.06452,1.06478
2013.03.27 01:32:06.587,1.06452,1.06475
2013.03.27 01:32:13.028,1.06445,1.06474
2013.03.27 01:32:26.715,1.06453,1.06476
2013.03.27 01:32:27.025,1.06455,1.06477
2013.03.27 01:32:36.845,1.06454,1.0648
2013.03.27 01:32:38.185,1.06454,1.06481
2013.03.27 01:32:39.113,1.06454,1.0648
2013.03.27 01:32:41.104,1.06454,1.06481
2013.03.27 01:32:46.646,1.06451,1.06474
2013.03.27 01:32:46.705,1.06451,1.06474
2013.03.27 01:32:46.945,1.06449,1.06474
2013.03.27 01:32:47.883,1.06445,1.06471
2013.03.27 01:32:52.624,1.06449,1.06471
2013.03.27 01:32:52.685,1.06449,1.06474
2013.03.27 01:32:52.746,1.06449,1.06474
2013.03.27 01:32:54.375,1.06451,1.06474
2013.03.27 01:32:54.556,1.06446,1.06473
2013.03.27 01:32:56.435,1.06453,1.06474
2013.03.27 01:32:56.495,1.06453,1.06476
2013.03.27 01:32:56.676,1.06453,1.06478
2013.03.27 01:32:56.915,1.06453,1.06478
2013.03.27 01:33:08.594,1.06453,1.06478
2013.03.27 01:33:08.715,1.06451,1.06472
2013.03.27 01:33:08.776,1.06446,1.06469
2013.03.27 01:33:08.843,1.06445,1.06468
2013.03.27 01:33:08.920,1.06443,1.06468
2013.03.27 01:33:09.045,1.06443,1.06464
2013.03.27 01:33:09.168,1.0644,1.06464
2013.03.27 01:33:09.235,1.0644,1.06468
2013.03.27 01:33:10.685,1.06443,1.06468
2013.03.27 01:33:10.747,1.06445,1.06469
2013.03.27 01:33:13.874,1.06443,1.06469
2013.03.27 01:33:17.724,1.0644,1.06467
2013.03.27 01:33:28.676,1.06446,1.06469
2013.03.27 01:33:28.795,1.06443,1.06468
2013.03.27 01:33:35.104,1.06444,1.06468
2013.03.27 01:33:39.430,1.06442,1.06466
2013.03.27 01:33:42.434,1.06439,1.06465
2013.03.27 01:33:43.157,1.06439,1.06466
2013.03.27 01:33:46.123,1.06441,1.06465
2013.03.27 01:33:48.702,1.06441,1.06464
2013.03.27 01:34:05.394,1.06439,1.06464
2013.03.27 01:34:06.141,1.06439,1.06463
2013.03.27 01:34:08.797,1.06439,1.06463
2013.03.27 01:34:12.685,1.06439,1.06462
2013.03.27 01:34:13.049,1.06438,1.06459
2013.03.27 01:34:13.689,1.06438,1.06459
2013.03.27 01:34:14.256,1.06438,1.06462
2013.03.27 01:34:14.605,1.06438,1.06462
2013.03.27 01:34:14.905,1.06441,1.06464
2013.03.27 01:34:15.415,1.06441,1.06464
2013.03.27 01:34:15.536,1.06441,1.06463
2013.03.27 01:34:19.906,1.06439,1.06464
2013.03.27 01:34:26.365,1.06439,1.06464
2013.03.27 01:34:32.395,1.06439,1.06463
2013.03.27 01:34:34.604,1.06442,1.06463
2013.03.27 01:34:34.665,1.06442,1.06463
2013.03.27 01:34:35.242,1.06437,1.06462
2013.03.27 01:34:35.856,1.06437,1.06461
2013.03.27 01:34:41.025,1.06439,1.06463
2013.03.27 01:34:41.085,1.06439,1.06464
2013.03.27 01:34:41.446,1.06443,1.06467
2013.03.27 01:34:41.994,1.06443,1.06468
2013.03.27 01:34:42.512,1.06443,1.06468
2013.03.27 01:34:44.033,1.06443,1.06468
2013.03.27 01:34:45.301,1.06443,1.06469
2013.03.27 01:34:58.055,1.06449,1.06472
2013.03.27 01:34:58.176,1.06452,1.06474
2013.03.27 01:34:59.434,1.0645,1.06474
2013.03.27 01:35:08.926,1.06451,1.06474
2013.03.27 01:35:09.525,1.06449,1.06474
2013.03.27 01:35:10.065,1.06449,1.06472
2013.03.27 01:35:10.425,1.06449,1.06472
2013.03.27 01:35:13.375,1.06449,1.06472
2013.03.27 01:35:14.120,1.06449,1.06472
2013.03.27 01:35:16.859,1.06451,1.06474
2013.03.27 01:35:16.928,1.06451,1.06474
2013.03.27 01:35:17.175,1.0645,1.06474
2013.03.27 01:35:20.125,1.0645,1.06475
2013.03.27 01:35:34.166,1.06449,1.06473
2013.03.27 01:35:40.865,1.06452,1.06476
2013.03.27 01:35:41.390,1.06452,1.06476
2013.03.27 01:35:46.835,1.06452,1.06477
2013.03.27 01:35:47.411,1.06452,1.06476
2013.03.27 01:35:49.836,1.06451,1.06474
2013.03.27 01:35:50.406,1.06445,1.0647
2013.03.27 01:35:51.736,1.06445,1.06471
2013.03.27 01:35:52.415,1.06445,1.06471
2013.03.27 01:35:52.595,1.0645,1.06475
2013.03.27 01:35:58.859,1.0645,1.06477
2013.03.27 01:36:01.374,1.0645,1.06477
2013.03.27 01:36:12.554,1.06449,1.06476
2013.03.27 01:36:23.999,1.0645,1.06474
2013.03.27 01:36:24.065,1.06445,1.06466
2013.03.27 01:36:24.245,1.06442,1.06463
2013.03.27 01:36:24.306,1.06442,1.06461
2013.03.27 01:36:24.606,1.06431,1.06457
2013.03.27 01:36:24.845,1.06431,1.06457
2013.03.27 01:36:25.393,1.0643,1.06454
2013.03.27 01:36:26.635,1.06431,1.06457
2013.03.27 01:36:28.215,1.06432,1.06458
2013.03.27 01:36:35.635,1.06431,1.06458
2013.03.27 01:36:37.557,1.06429,1.06454
2013.03.27 01:36:37.615,1.06429,1.06454
2013.03.27 01:36:37.915,1.06433,1.06457
2013.03.27 01:36:38.925,1.06432,1.06457
2013.03.27 01:36:39.045,1.06432,1.06453
2013.03.27 01:36:39.407,1.06428,1.06453
2013.03.27 01:36:40.925,1.0643,1.06453
2013.03.27 01:36:41.105,1.0643,1.06453
2013.03.27 01:36:41.696,1.06427,1.06451
2013.03.27 01:36:46.147,1.06427,1.06451
2013.03.27 01:36:46.264,1.06427,1.06451
2013.03.27 01:36:46.626,1.06423,1.06447
2013.03.27 01:36:46.985,1.06422,1.06445
2013.03.27 01:36:47.045,1.06422,1.06447
2013.03.27 01:36:48.265,1.06422,1.06447
2013.03.27 01:36:53.206,1.06424,1.06447
2013.03.27 01:36:53.897,1.06427,1.06452
2013.03.27 01:36:54.615,1.0643,1.06455
2013.03.27 01:36:56.716,1.0643,1.06454
2013.03.27 01:36:57.225,1.0643,1.06456
2013.03.27 01:36:57.905,1.06435,1.06458
2013.03.27 01:36:58.219,1.06436,1.06456
2013.03.27 01:37:00.595,1.0643,1.06454
2013.03.27 01:37:03.129,1.06428,1.06453
2013.03.27 01:37:07.609,1.0643,1.06455
2013.03.27 01:37:08.602,1.0643,1.06455
2013.03.27 01:37:15.685,1.0643,1.06454
2013.03.27 01:37:16.105,1.0643,1.06455
2013.03.27 01:37:19.824,1.0643,1.06453
2013.03.27 01:37:20.607,1.06431,1.06457
2013.03.27 01:37:21.697,1.0643,1.06457
2013.03.27 01:37:26.874,1.06431,1.06457
2013.03.27 01:37:26.935,1.06431,1.06457
2013.03.27 01:37:32.955,1.06431,1.06457
2013.03.27 01:37:33.815,1.06431,1.06457
2013.03.27 01:37:34.376,1.06436,1.0646
2013.03.27 01:37:37.267,1.06436,1.06461
2013.03.27 01:37:37.815,1.06436,1.06461
2013.03.27 01:37:39.014,1.06436,1.06461
2013.03.27 01:37:44.775,1.06436,1.06461
2013.03.27 01:37:48.685,1.0644,1.06464
2013.03.27 01:37:49.125,1.0644,1.06463
2013.03.27 01:37:50.015,1.0644,1.06464
2013.03.27 01:37:51.395,1.0644,1.06465
2013.03.27 01:37:51.516,1.06441,1.06466
2013.03.27 01:37:51.755,1.06445,1.0647
2013.03.27 01:37:53.086,1.06445,1.06469
2013.03.27 01:37:55.154,1.06444,1.06469
2013.03.27 01:37:55.575,1.06444,1.06469
2013.03.27 01:37:56.874,1.06441,1.06466
2013.03.27 01:37:57.442,1.06441,1.06465
2013.03.27 01:37:58.007,1.06441,1.06466
2013.03.27 01:37:58.564,1.06441,1.06466
2013.03.27 01:37:59.115,1.06444,1.06469
2013.03.27 01:38:00.297,1.06444,1.06469
2013.03.27 01:38:00.545,1.06447,1.06472
2013.03.27 01:38:01.346,1.06447,1.06473
2013.03.27 01:38:02.695,1.06447,1.06472
2013.03.27 01:38:03.335,1.06443,1.06468
2013.03.27 01:38:10.325,1.06442,1.06468
2013.03.27 01:38:10.885,1.06441,1.06463
2013.03.27 01:38:14.577,1.06437,1.06462
2013.03.27 01:38:16.055,1.06435,1.06458
2013.03.27 01:38:16.415,1.06433,1.06459
2013.03.27 01:38:22.056,1.06433,1.06458
2013.03.27 01:38:26.713,1.06437,1.06458
2013.03.27 01:38:29.172,1.06438,1.06458
2013.03.27 01:38:29.373,1.06436,1.06458
2013.03.27 01:38:36.597,1.06438,1.06461
2013.03.27 01:38:36.696,1.06437,1.06461
2013.03.27 01:38:39.236,1.06437,1.06461
2013.03.27 01:38:40.097,1.06438,1.06463
2013.03.27 01:38:40.682,1.06437,1.06462
2013.03.27 01:38:47.636,1.06437,1.06462
2013.03.27 01:38:49.029,1.06436,1.06459
2013.03.27 01:38:54.185,1.06436,1.06459
2013.03.27 01:38:54.877,1.06432,1.06458
2013.03.27 01:38:56.348,1.06431,1.06457
2013.03.27 01:38:59.368,1.06432,1.06458
2013.03.27 01:39:03.086,1.06433,1.06458
2013.03.27 01:39:06.827,1.06433,1.06458
2013.03.27 01:39:08.045,1.06431,1.06458
2013.03.27 01:39:12.404,1.06432,1.06458
2013.03.27 01:39:13.045,1.06431,1.06455
2013.03.27 01:39:14.166,1.0643,1.06455
2013.03.27 01:39:14.285,1.06428,1.06455
2013.03.27 01:39:15.806,1.06429,1.06455
2013.03.27 01:39:20.117,1.06428,1.06455
2013.03.27 01:39:23.135,1.06429,1.06454
2013.03.27 01:39:23.195,1.0643,1.06456
2013.03.27 01:39:25.356,1.06431,1.06456
2013.03.27 01:39:29.365,1.06429,1.06456
2013.03.27 01:39:29.786,1.06429,1.06451
2013.03.27 01:39:32.335,1.06429,1.06451
2013.03.27 01:39:32.515,1.06429,1.06455
2013.03.27 01:39:35.706,1.06428,1.06454
2013.03.27 01:39:36.695,1.0643,1.06455
2013.03.27 01:39:36.815,1.0643,1.06455
2013.03.27 01:39:36.875,1.06428,1.06453
2013.03.27 01:39:37.055,1.06426,1.0645
2013.03.27 01:39:41.917,1.06426,1.06449
2013.03.27 01:39:46.746,1.06426,1.06451
2013.03.27 01:39:46.805,1.06425,1.06449
2013.03.27 01:39:47.315,1.06425,1.06449
2013.03.27 01:39:47.917,1.06425,1.06449
2013.03.27 01:39:53.095,1.06426,1.06449
2013.03.27 01:39:56.286,1.06427,1.06451
2013.03.27 01:39:56.546,1.06433,1.06456
2013.03.27 01:39:56.607,1.06433,1.06458
2013.03.27 01:39:56.905,1.06433,1.06458
2013.03.27 01:39:58.638,1.06433,1.06459
2013.03.27 01:40:19.578,1.06433,1.06459
2013.03.27 01:40:23.085,1.06434,1.06458
2013.03.27 01:40:31.895,1.06433,1.06459
2013.03.27 01:40:32.075,1.06436,1.06462
2013.03.27 01:40:34.618,1.06436,1.06459
2013.03.27 01:40:34.685,1.06436,1.06459
2013.03.27 01:40:34.985,1.06433,1.06458
2013.03.27 01:40:35.630,1.06432,1.06456
2013.03.27 01:40:36.075,1.06433,1.06458
2013.03.27 01:40:40.625,1.06434,1.06458
2013.03.27 01:40:41.355,1.06436,1.06458
2013.03.27 01:40:45.146,1.06435,1.06458
2013.03.27 01:40:45.205,1.06437,1.06462
2013.03.27 01:40:45.326,1.06437,1.06462
2013.03.27 01:40:45.645,1.06436,1.06462
2013.03.27 01:40:47.116,1.06437,1.06462
2013.03.27 01:40:53.069,1.06437,1.06461
2013.03.27 01:40:55.436,1.06437,1.06462
2013.03.27 01:40:55.945,1.06437,1.06463
2013.03.27 01:40:56.136,1.06437,1.06462
2013.03.27 01:40:56.315,1.06437,1.06464
2013.03.27 01:41:05.175,1.0644,1.06464
2013.03.27 01:41:05.235,1.0644,1.06465
2013.03.27 01:41:05.476,1.06445,1.0647
2013.03.27 01:41:07.635,1.06444,1.0647
2013.03.27 01:41:09.266,1.06443,1.06468
2013.03.27 01:41:09.866,1.06442,1.06465
2013.03.27 01:41:11.145,1.0644,1.06465
2013.03.27 01:41:12.226,1.06439,1.06463
2013.03.27 01:41:12.526,1.06441,1.06466
2013.03.27 01:41:13.257,1.06442,1.06468
2013.03.27 01:41:16.855,1.06442,1.06468
2013.03.27 01:41:17.095,1.06441,1.06467
2013.03.27 01:41:17.605,1.06442,1.06468
2013.03.27 01:41:23.599,1.06441,1.06467
2013.03.27 01:41:24.802,1.06441,1.06468
2013.03.27 01:41:25.105,1.06441,1.06467
2013.03.27 01:41:25.166,1.06441,1.06463
2013.03.27 01:41:26.528,1.06438,1.06462
2013.03.27 01:41:31.186,1.06436,1.06461
2013.03.27 01:41:33.139,1.06436,1.06459
2013.03.27 01:41:40.565,1.06434,1.06459
2013.03.27 01:41:40.626,1.06434,1.0646
2013.03.27 01:41:41.180,1.06434,1.06459
2013.03.27 01:41:47.817,1.06436,1.06462
2013.03.27 01:41:49.006,1.06436,1.06462
2013.03.27 01:41:49.065,1.06436,1.06461
2013.03.27 01:41:50.658,1.06435,1.06458
2013.03.27 01:41:50.835,1.06435,1.06457
2013.03.27 01:42:02.996,1.0643,1.06456
2013.03.27 01:42:04.118,1.0643,1.06455
2013.03.27 01:42:18.913,1.06431,1.06454
2013.03.27 01:42:27.606,1.06427,1.06453
2013.03.27 01:42:28.121,1.06425,1.06448
2013.03.27 01:42:28.446,1.06425,1.0645
2013.03.27 01:42:32.436,1.06424,1.06448
2013.03.27 01:42:37.556,1.06424,1.0645
2013.03.27 01:42:48.036,1.06428,1.06453
2013.03.27 01:42:51.390,1.06426,1.06451
2013.03.27 01:42:55.328,1.06426,1.06452
2013.03.27 01:43:08.110,1.06427,1.06451
2013.03.27 01:43:08.766,1.06427,1.06453
2013.03.27 01:43:28.116,1.06427,1.06453
2013.03.27 01:43:30.770,1.06427,1.06453
2013.03.27 01:43:37.385,1.06426,1.06453
2013.03.27 01:43:40.796,1.06426,1.06453
2013.03.27 01:43:45.117,1.06426,1.06452
2013.03.27 01:43:45.236,1.06427,1.06453
2013.03.27 01:43:55.365,1.06426,1.06453
2013.03.27 01:44:00.447,1.06426,1.06452
2013.03.27 01:44:01.446,1.06425,1.06453
2013.03.27 01:44:02.386,1.06424,1.0645
2013.03.27 01:44:05.415,1.06424,1.06452
2013.03.27 01:44:06.617,1.06426,1.06452
2013.03.27 01:44:06.795,1.06428,1.06453
2013.03.27 01:44:06.856,1.06428,1.06453
2013.03.27 01:44:07.096,1.06428,1.06453
2013.03.27 01:44:08.236,1.06431,1.06455
2013.03.27 01:44:13.057,1.06434,1.06459
2013.03.27 01:44:14.866,1.06432,1.06459
2013.03.27 01:44:15.609,1.06433,1.06459
2013.03.27 01:44:19.636,1.06432,1.06458
2013.03.27 01:44:33.186,1.06431,1.06458
2013.03.27 01:44:41.556,1.06431,1.06457
2013.03.27 01:44:45.756,1.06432,1.06457
2013.03.27 01:45:03.405,1.0643,1.06457
2013.03.27 01:45:05.369,1.06431,1.06457
2013.03.27 01:45:09.880,1.06432,1.06458
2013.03.27 01:45:13.257,1.06432,1.06458
2013.03.27 01:45:19.747,1.0643,1.06457
2013.03.27 01:45:24.864,1.06433,1.06458
2013.03.27 01:45:25.047,1.06434,1.06459
2013.03.27 01:45:25.590,1.06434,1.06461
2013.03.27 01:45:27.577,1.06434,1.06461
2013.03.27 01:45:28.126,1.06434,1.0646
2013.03.27 01:45:29.555,1.06436,1.06459
2013.03.27 01:45:30.244,1.06436,1.06457
2013.03.27 01:45:49.545,1.06431,1.06457
2013.03.27 01:45:50.381,1.06434,1.06459
2013.03.27 01:46:12.942,1.06432,1.06458
2013.03.27 01:46:13.300,1.06432,1.06457
2013.03.27 01:46:13.637,1.06427,1.06452
2013.03.27 01:46:14.626,1.06426,1.06451
2013.03.27 01:46:15.317,1.06427,1.06452
2013.03.27 01:46:18.285,1.06431,1.06455
2013.03.27 01:46:18.406,1.06431,1.06457
2013.03.27 01:46:20.767,1.06431,1.06458
2013.03.27 01:46:29.194,1.06433,1.06459
2013.03.27 01:46:34.596,1.06436,1.06461
2013.03.27 01:46:39.395,1.06437,1.06463
2013.03.27 01:46:39.516,1.06444,1.06468
2013.03.27 01:46:39.636,1.06447,1.06469
2013.03.27 01:46:40.150,1.06445,1.0647
2013.03.27 01:46:46.850,1.06445,1.0647
2013.03.27 01:46:59.737,1.06447,1.06471
2013.03.27 01:47:01.549,1.06447,1.06471
2013.03.27 01:47:02.087,1.06442,1.06468
2013.03.27 01:47:03.867,1.06442,1.06469
2013.03.27 01:47:12.109,1.06442,1.06467
2013.03.27 01:47:16.867,1.06445,1.0647
2013.03.27 01:47:16.927,1.06446,1.06471
2013.03.27 01:47:16.987,1.06446,1.06472
2013.03.27 01:47:17.407,1.06446,1.06472
2013.03.27 01:47:17.467,1.06444,1.06468
2013.03.27 01:47:17.886,1.06442,1.06465
2013.03.27 01:47:19.366,1.0644,1.06463
2013.03.27 01:47:19.666,1.06435,1.06456
2013.03.27 01:47:22.806,1.06431,1.06456
2013.03.27 01:47:23.329,1.06431,1.06456
2013.03.27 01:47:23.515,1.06434,1.06457
2013.03.27 01:47:24.256,1.06435,1.06461
2013.03.27 01:47:24.319,1.06435,1.06461
2013.03.27 01:47:24.959,1.06435,1.06461
2013.03.27 01:47:25.156,1.06435,1.06461
2013.03.27 01:47:25.336,1.06434,1.06457
2013.03.27 01:47:27.144,1.06431,1.06455
2013.03.27 01:47:28.836,1.06431,1.06455
2013.03.27 01:47:29.016,1.06435,1.0646
2013.03.27 01:47:29.076,1.06435,1.0646
2013.03.27 01:47:29.416,1.06435,1.06462
2013.03.27 01:47:30.419,1.06435,1.06462
2013.03.27 01:47:31.979,1.06439,1.06463
2013.03.27 01:47:39.906,1.06439,1.06465
2013.03.27 01:47:41.418,1.06439,1.06465
2013.03.27 01:47:44.169,1.06439,1.06465
2013.03.27 01:47:44.236,1.0644,1.06465
2013.03.27 01:47:54.064,1.06438,1.06463
2013.03.27 01:47:57.176,1.06436,1.06461
2013.03.27 01:47:57.357,1.06433,1.06459
2013.03.27 01:47:57.579,1.06435,1.06459
2013.03.27 01:47:58.863,1.06436,1.06459
2013.03.27 01:48:03.658,1.06437,1.0646
2013.03.27 01:48:03.877,1.06439,1.06463
2013.03.27 01:48:51.915,1.06438,1.06463
2013.03.27 01:48:54.875,1.06439,1.06463
2013.03.27 01:48:58.386,1.06439,1.06463
2013.03.27 01:48:59.764,1.06439,1.06463
2013.03.27 01:49:05.082,1.06437,1.06463
2013.03.27 01:49:10.555,1.06438,1.06465
2013.03.27 01:49:18.122,1.06436,1.06463
2013.03.27 01:49:19.600,1.06436,1.06461
2013.03.27 01:49:24.111,1.06437,1.06462
2013.03.27 01:49:44.166,1.06437,1.06461
2013.03.27 01:50:04.378,1.06442,1.06462
2013.03.27 01:50:04.496,1.06442,1.06464
2013.03.27 01:50:04.557,1.06442,1.06466
2013.03.27 01:50:04.917,1.0645,1.06474
2013.03.27 01:50:05.157,1.06447,1.06472
2013.03.27 01:50:25.006,1.06447,1.06472
2013.03.27 01:50:25.186,1.0645,1.06476
2013.03.27 01:50:26.557,1.06449,1.06476
2013.03.27 01:50:32.095,1.06449,1.06476
2013.03.27 01:50:33.606,1.06449,1.06474
2013.03.27 01:50:45.014,1.06447,1.06473
2013.03.27 01:50:53.956,1.06446,1.0647
2013.03.27 01:50:54.497,1.06445,1.06469
2013.03.27 01:50:55.837,1.06446,1.06469
2013.03.27 01:50:56.211,1.06447,1.0647
2013.03.27 01:51:13.366,1.0645,1.06474
2013.03.27 01:51:13.547,1.06457,1.0648
2013.03.27 01:51:13.677,1.06457,1.06481
2013.03.27 01:51:16.178,1.0646,1.06483
2013.03.27 01:51:17.240,1.06461,1.06484
2013.03.27 01:51:18.698,1.06462,1.06485
2013.03.27 01:51:38.566,1.06461,1.06485
2013.03.27 01:51:45.280,1.06461,1.06484
2013.03.27 01:51:53.807,1.06461,1.06485
2013.03.27 01:52:03.626,1.0646,1.06485
2013.03.27 01:52:04.164,1.06461,1.06486
2013.03.27 01:52:07.315,1.06459,1.06485
2013.03.27 01:52:07.979,1.06458,1.06483
2013.03.27 01:52:13.482,1.06458,1.06482
2013.03.27 01:52:15.326,1.06458,1.06483
2013.03.27 01:52:25.356,1.06458,1.06484
2013.03.27 01:52:26.146,1.06457,1.06482
2013.03.27 01:52:26.874,1.06458,1.06483
2013.03.27 01:52:27.316,1.06457,1.06482
2013.03.27 01:52:27.676,1.06453,1.06478
2013.03.27 01:52:28.290,1.06451,1.06476
2013.03.27 01:52:37.172,1.06449,1.06475
2013.03.27 01:52:49.627,1.06453,1.06477
2013.03.27 01:52:50.276,1.06453,1.06478
2013.03.27 01:52:50.816,1.06455,1.0648
2013.03.27 01:52:54.617,1.06455,1.06481
2013.03.27 01:52:56.639,1.06457,1.06481
2013.03.27 01:53:00.119,1.06456,1.06481
2013.03.27 01:53:00.813,1.06456,1.06482
2013.03.27 01:53:09.395,1.06457,1.06481
2013.03.27 01:53:10.877,1.06456,1.06481
2013.03.27 01:53:13.606,1.06457,1.06482
2013.03.27 01:53:13.847,1.06459,1.06483
2013.03.27 01:53:14.226,1.06458,1.06483
2013.03.27 01:53:14.824,1.06457,1.0648
2013.03.27 01:53:20.870,1.06456,1.0648
2013.03.27 01:53:22.206,1.06457,1.0648
2013.03.27 01:53:25.069,1.06457,1.0648
2013.03.27 01:53:34.007,1.06456,1.0648
2013.03.27 01:53:35.193,1.06456,1.06481
2013.03.27 01:53:43.823,1.06456,1.06481
2013.03.27 01:54:04.137,1.06456,1.06481
2013.03.27 01:54:14.396,1.06455,1.0648
2013.03.27 01:54:18.576,1.06458,1.06483
2013.03.27 01:54:20.758,1.06458,1.06483
2013.03.27 01:54:21.476,1.06458,1.06483
2013.03.27 01:54:21.986,1.06456,1.06481
2013.03.27 01:54:27.897,1.06454,1.0648
2013.03.27 01:54:30.896,1.06454,1.06481
2013.03.27 01:54:36.685,1.06459,1.06482
2013.03.27 01:54:56.428,1.06459,1.06484
2013.03.27 01:55:13.106,1.06462,1.06487
2013.03.27 01:55:36.756,1.06462,1.06488
2013.03.27 01:55:43.177,1.06461,1.06487
2013.03.27 01:55:44.306,1.06461,1.06486
2013.03.27 01:55:44.657,1.06459,1.06483
2013.03.27 01:56:12.880,1.06458,1.06483
2013.03.27 01:56:20.360,1.06458,1.06483
2013.03.27 01:56:29.557,1.06461,1.06485
2013.03.27 01:56:29.857,1.06464,1.06488
2013.03.27 01:56:58.917,1.06466,1.06487
2013.03.27 01:56:59.037,1.06466,1.06488
2013.03.27 01:56:59.098,1.06462,1.06486
2013.03.27 01:57:01.037,1.06462,1.06486
2013.03.27 01:57:11.025,1.06462,1.06486
2013.03.27 01:57:12.629,1.06462,1.06487
2013.03.27 01:57:15.999,1.06462,1.06485
2013.03.27 01:57:21.063,1.06459,1.06486
2013.03.27 01:57:29.966,1.06459,1.06484
2013.03.27 01:57:38.218,1.06459,1.06484
2013.03.27 01:57:39.006,1.06459,1.06484
2013.03.27 01:57:42.436,1.0646,1.06483
2013.03.27 01:57:45.289,1.0646,1.06484
2013.03.27 01:57:48.428,1.0646,1.06484
2013.03.27 01:57:50.476,1.0646,1.06484
2013.03.27 01:57:54.175,1.06459,1.06484
2013.03.27 01:58:09.578,1.06461,1.06484
2013.03.27 01:58:13.338,1.06457,1.06482
2013.03.27 01:58:17.858,1.06456,1.06479
2013.03.27 01:58:17.918,1.06456,1.06481
2013.03.27 01:58:18.098,1.06456,1.06479
2013.03.27 01:58:18.839,1.06456,1.06481
2013.03.27 01:58:20.097,1.06456,1.06479
2013.03.27 01:58:25.133,1.06455,1.06479
2013.03.27 01:58:32.896,1.06455,1.06477
2013.03.27 01:58:33.388,1.0645,1.06476
2013.03.27 01:58:33.736,1.0645,1.06473
2013.03.27 01:58:36.819,1.0645,1.06473
2013.03.27 01:58:37.402,1.0645,1.06472
2013.03.27 01:58:42.538,1.0645,1.06472
2013.03.27 01:58:42.657,1.0645,1.06474
2013.03.27 01:58:48.447,1.0645,1.06475
2013.03.27 01:58:48.966,1.06454,1.06477
2013.03.27 01:58:52.508,1.06454,1.06475
2013.03.27 01:58:54.671,1.06449,1.06476
2013.03.27 01:58:56.317,1.06449,1.06472
2013.03.27 01:59:03.427,1.06448,1.06472
2013.03.27 01:59:09.966,1.06448,1.06472
2013.03.27 01:59:16.319,1.06448,1.06472
2013.03.27 01:59:22.811,1.06447,1.06474
2013.03.27 01:59:27.877,1.06446,1.06471
2013.03.27 01:59:28.668,1.06446,1.06471
2013.03.27 01:59:32.997,1.06446,1.0647
2013.03.27 01:59:34.127,1.06446,1.0647
2013.03.27 01:59:34.657,1.06446,1.06471
2013.03.27 01:59:36.386,1.06445,1.0647
2013.03.27 01:59:43.647,1.06443,1.06469
2013.03.27 01:59:45.213,1.06446,1.0647
2013.03.27 01:59:58.638,1.06452,1.06475
2013.03.27 01:59:58.878,1.06456,1.06479
2013.03.27 01:59:59.387,1.06455,1.0648
2013.03.27 01:59:59.857,1.06455,1.06479
2013.03.27 02:00:05.738,1.06456,1.06479
2013.03.27 02:00:10.807,1.06457,1.06482
2013.03.27 02:00:10.908,1.06457,1.06483
2013.03.27 02:00:15.842,1.06459,1.06484
2013.03.27 02:00:23.678,1.06457,1.06482
2013.03.27 02:00:28.596,1.06457,1.06484
2013.03.27 02:00:31.948,1.06457,1.06483
2013.03.27 02:00:33.518,1.06457,1.06481
2013.03.27 02:00:35.437,1.06457,1.06483
2013.03.27 02:00:38.857,1.06457,1.06481
2013.03.27 02:00:41.378,1.06457,1.06483
2013.03.27 02:00:46.787,1.06457,1.06483
2013.03.27 02:00:58.586,1.06455,1.06481
2013.03.27 02:01:01.559,1.06456,1.06482
2013.03.27 02:01:14.940,1.06461,1.06488
2013.03.27 02:01:15.198,1.06464,1.06488
2013.03.27 02:01:15.688,1.06465,1.06488
2013.03.27 02:01:18.198,1.06467,1.06489
2013.03.27 02:01:18.318,1.06467,1.06492
2013.03.27 02:01:22.177,1.06467,1.06491
2013.03.27 02:01:22.598,1.06471,1.06494
2013.03.27 02:01:23.137,1.06471,1.06496
2013.03.27 02:01:23.571,1.06474,1.06499
2013.03.27 02:01:23.757,1.06476,1.06501
2013.03.27 02:01:27.847,1.06477,1.065
2013.03.27 02:01:30.609,1.06478,1.06502
2013.03.27 02:01:38.608,1.06477,1.065
2013.03.27 02:01:40.388,1.06478,1.06502
2013.03.27 02:01:40.786,1.06477,1.065
2013.03.27 02:01:43.799,1.06476,1.065
2013.03.27 02:01:43.867,1.06476,1.06502
2013.03.27 02:01:49.036,1.06477,1.065
2013.03.27 02:01:58.702,1.06477,1.065
2013.03.27 02:02:00.088,1.06478,1.06502
2013.03.27 02:02:03.958,1.06476,1.06502
2013.03.27 02:02:11.586,1.06475,1.06502
2013.03.27 02:02:12.356,1.06475,1.065
2013.03.27 02:02:34.157,1.06474,1.06499
2013.03.27 02:02:41.192,1.06476,1.065
2013.03.27 02:03:00.187,1.06476,1.06501
2013.03.27 02:03:12.555,1.06474,1.065
2013.03.27 02:03:14.979,1.06474,1.065
2013.03.27 02:03:15.826,1.06472,1.065
2013.03.27 02:03:16.388,1.06472,1.065
2013.03.27 02:03:24.247,1.06472,1.06496
2013.03.27 02:03:24.820,1.06471,1.06496
2013.03.27 02:03:28.131,1.0647,1.06496
2013.03.27 02:04:31.382,1.0647,1.06495
2013.03.27 02:04:31.958,1.06471,1.06496
2013.03.27 02:04:45.958,1.06472,1.06497
2013.03.27 02:05:05.278,1.06475,1.06496
2013.03.27 02:05:05.998,1.06475,1.06498
2013.03.27 02:05:06.538,1.06475,1.06498
2013.03.27 02:05:08.682,1.06475,1.06498
2013.03.27 02:05:09.228,1.06475,1.06498
2013.03.27 02:05:09.587,1.06476,1.06499
2013.03.27 02:05:10.908,1.06476,1.06499
2013.03.27 02:05:11.533,1.06476,1.06499
2013.03.27 02:05:12.448,1.06476,1.06499
2013.03.27 02:05:19.137,1.06474,1.06499
2013.03.27 02:05:19.438,1.06477,1.06499
2013.03.27 02:05:20.201,1.06478,1.06503
2013.03.27 02:05:20.607,1.06478,1.06503
2013.03.27 02:05:21.448,1.06476,1.065
2013.03.27 02:05:21.909,1.06478,1.06503
2013.03.27 02:05:22.269,1.06485,1.06505
2013.03.27 02:05:22.389,1.06485,1.06507
2013.03.27 02:05:22.918,1.06483,1.06507
2013.03.27 02:05:25.718,1.06483,1.06507
2013.03.27 02:05:26.078,1.06483,1.0651
2013.03.27 02:05:27.528,1.06483,1.0651
2013.03.27 02:05:27.648,1.06483,1.06507
2013.03.27 02:05:42.271,1.06482,1.06507
2013.03.27 02:05:48.068,1.06482,1.06507
2013.03.27 02:05:48.687,1.0649,1.06513
2013.03.27 02:05:55.060,1.0649,1.06513
2013.03.27 02:05:59.342,1.0649,1.06513
2013.03.27 02:06:00.673,1.06486,1.06509
2013.03.27 02:06:04.308,1.06485,1.06509
2013.03.27 02:06:04.669,1.06487,1.06509
2013.03.27 02:06:04.848,1.06486,1.06509
2013.03.27 02:06:05.088,1.06485,1.06509
2013.03.27 02:06:05.448,1.06491,1.0651
2013.03.27 02:06:05.999,1.06487,1.06508
2013.03.27 02:06:06.616,1.06486,1.06509
2013.03.27 02:06:07.372,1.06486,1.06508
2013.03.27 02:06:08.198,1.06485,1.06508
2013.03.27 02:06:08.258,1.06487,1.06508
2013.03.27 02:06:09.148,1.06487,1.06511
2013.03.27 02:06:09.448,1.06487,1.06511
2013.03.27 02:06:10.950,1.06487,1.06511
2013.03.27 02:06:11.500,1.06487,1.06509
2013.03.27 02:06:13.008,1.06486,1.06509
2013.03.27 02:06:14.358,1.06486,1.0651
2013.03.27 02:06:14.658,1.065,1.06521
2013.03.27 02:06:15.253,1.065,1.06521
2013.03.27 02:06:15.759,1.06498,1.06519
2013.03.27 02:06:15.999,1.06497,1.06519
2013.03.27 02:06:19.362,1.06497,1.06521
2013.03.27 02:06:19.488,1.065,1.06523
2013.03.27 02:06:19.847,1.065,1.06525
2013.03.27 02:06:25.678,1.065,1.06525
2013.03.27 02:06:27.838,1.065,1.06525
2013.03.27 02:06:27.900,1.065,1.06523
2013.03.27 02:06:28.179,1.065,1.06525
2013.03.27 02:06:33.378,1.065,1.06526
2013.03.27 02:06:38.658,1.065,1.06527
2013.03.27 02:06:51.267,1.06498,1.06524
2013.03.27 02:06:51.949,1.06499,1.06524
2013.03.27 02:06:54.078,1.06499,1.06524
2013.03.27 02:06:55.681,1.06501,1.06524
2013.03.27 02:06:58.399,1.06501,1.06525
2013.03.27 02:06:59.763,1.06501,1.06526
2013.03.27 02:07:04.358,1.06501,1.06525
2013.03.27 02:07:06.611,1.06499,1.06524
2013.03.27 02:07:08.591,1.06501,1.06525
2013.03.27 02:07:09.348,1.06499,1.06524
2013.03.27 02:07:10.333,1.06499,1.06522
2013.03.27 02:07:11.561,1.06497,1.06521
2013.03.27 02:07:17.041,1.065,1.06522
2013.03.27 02:07:17.619,1.06503,1.06524
2013.03.27 02:07:17.979,1.06505,1.06528
2013.03.27 02:07:18.038,1.06503,1.06528
2013.03.27 02:07:18.398,1.06506,1.06529
2013.03.27 02:07:18.869,1.06506,1.06528
2013.03.27 02:07:19.049,1.06507,1.0653
2013.03.27 02:07:19.872,1.06507,1.0653
2013.03.27 02:07:20.618,1.06507,1.0653
2013.03.27 02:07:21.098,1.06506,1.06528
2013.03.27 02:07:21.158,1.06506,1.06528
2013.03.27 02:07:22.620,1.06506,1.06528
2013.03.27 02:07:26.309,1.06506,1.06528
2013.03.27 02:07:40.820,1.06501,1.06525
2013.03.27 02:07:41.068,1.06501,1.06525
2013.03.27 02:07:41.371,1.06501,1.06525
2013.03.27 02:07:41.689,1.06498,1.06522
2013.03.27 02:07:44.121,1.06499,1.06523
2013.03.27 02:07:48.631,1.065,1.06523
2013.03.27 02:07:49.179,1.06502,1.06523
2013.03.27 02:07:49.938,1.06502,1.06523
2013.03.27 02:07:50.508,1.06502,1.06526
2013.03.27 02:07:50.810,1.06502,1.06527
2013.03.27 02:07:52.619,1.06503,1.06526
2013.03.27 02:07:54.579,1.06505,1.06527
2013.03.27 02:07:55.109,1.06506,1.06529
2013.03.27 02:07:55.681,1.06502,1.06526
2013.03.27 02:07:56.369,1.06502,1.06526
2013.03.27 02:08:04.989,1.06503,1.06527
2013.03.27 02:08:15.570,1.06501,1.06526
2013.03.27 02:08:19.080,1.06502,1.06525
2013.03.27 02:08:19.588,1.06501,1.06525
2013.03.27 02:08:45.369,1.06501,1.06528
2013.03.27 02:08:50.788,1.06502,1.06528
2013.03.27 02:08:55.473,1.06502,1.06527
2013.03.27 02:09:00.288,1.06501,1.06524
2013.03.27 02:09:10.048,1.06502,1.06524
2013.03.27 02:09:11.444,1.06501,1.06526
2013.03.27 02:09:16.609,1.06505,1.06528
2013.03.27 02:09:17.168,1.06507,1.06531
2013.03.27 02:09:21.289,1.06503,1.06529
2013.03.27 02:09:23.618,1.06503,1.06524
2013.03.27 02:09:25.579,1.06502,1.06526
2013.03.27 02:09:26.098,1.06501,1.06526
2013.03.27 02:09:33.906,1.06502,1.06526
2013.03.27 02:09:44.688,1.06501,1.06526
2013.03.27 02:09:45.217,1.06501,1.06526
2013.03.27 02:09:45.775,1.06501,1.06526
2013.03.27 02:09:55.856,1.06502,1.06526
2013.03.27 02:10:11.388,1.06501,1.06524
2013.03.27 02:10:13.599,1.065,1.06524
2013.03.27 02:10:14.316,1.065,1.06524
2013.03.27 02:10:21.193,1.065,1.06524
2013.03.27 02:10:21.668,1.06501,1.06524
2013.03.27 02:10:30.317,1.06499,1.06524
2013.03.27 02:10:47.282,1.06498,1.06523
2013.03.27 02:10:50.679,1.06498,1.06523
2013.03.27 02:11:08.258,1.06499,1.06524
2013.03.27 02:11:10.118,1.06499,1.06524
2013.03.27 02:11:10.952,1.06499,1.06523
2013.03.27 02:11:16.638,1.06499,1.06526
2013.03.27 02:11:19.498,1.06499,1.06526
2013.03.27 02:11:19.558,1.06499,1.06525
2013.03.27 02:11:22.489,1.06501,1.06525
2013.03.27 02:11:23.708,1.06499,1.06525
2013.03.27 02:11:26.046,1.065,1.06525
2013.03.27 02:11:26.558,1.06499,1.06525
2013.03.27 02:11:35.056,1.065,1.06522
2013.03.27 02:11:37.113,1.065,1.06522
2013.03.27 02:11:37.814,1.065,1.06524
2013.03.27 02:11:38.170,1.065,1.06525
2013.03.27 02:11:45.099,1.06499,1.06525
2013.03.27 02:11:50.960,1.065,1.06525
2013.03.27 02:12:00.140,1.06499,1.06523
2013.03.27 02:12:00.287,1.06499,1.06523
2013.03.27 02:12:00.817,1.065,1.06523
2013.03.27 02:12:10.647,1.06497,1.06521
2013.03.27 02:12:13.679,1.065,1.06522
2013.03.27 02:12:17.193,1.06497,1.06521
2013.03.27 02:12:23.138,1.065,1.06523
2013.03.27 02:12:28.059,1.06501,1.06524
2013.03.27 02:12:29.171,1.06501,1.06526
2013.03.27 02:12:30.116,1.06501,1.06528
2013.03.27 02:12:45.263,1.06501,1.06526
2013.03.27 02:12:46.959,1.06501,1.06528
2013.03.27 02:12:47.482,1.06505,1.06528
2013.03.27 02:12:47.730,1.06507,1.0653
