Time,Bid,Ask
2013.03.03 22:01:09.116,1.04787,1.04848
2013.03.03 22:01:09.742,1.04787,1.04844
2013.03.03 22:01:10.097,1.04786,1.04847
2013.03.03 22:01:10.155,1.04786,1.0485
2013.03.03 22:01:12.825,1.04782,1.04838
2013.03.03 22:01:17.435,1.04786,1.04849
2013.03.03 22:01:26.181,1.04782,1.04848
2013.03.03 22:01:30.144,1.04776,1.04839
2013.03.03 22:01:33.565,1.04776,1.04834
2013.03.03 22:01:36.577,1.04762,1.04814
2013.03.03 22:01:37.307,1.04773,1.04814
2013.03.03 22:01:37.850,1.04777,1.04833
2013.03.03 22:01:41.278,1.04776,1.04834
2013.03.03 22:01:42.605,1.04773,1.04813
2013.03.03 22:01:42.665,1.04769,1.04813
2013.03.03 22:01:42.845,1.04762,1.04813
2013.03.03 22:01:42.965,1.04762,1.04829
2013.03.03 22:01:43.396,1.04776,1.04831
2013.03.03 22:01:43.456,1.04776,1.04834
2013.03.03 22:02:43.494,1.04772,1.04842
2013.03.03 22:02:43.840,1.04771,1.0484
2013.03.03 22:03:04.275,1.04771,1.04841
2013.03.03 22:03:15.535,1.04772,1.0484
2013.03.03 22:03:17.565,1.04755,1.04877
2013.03.03 22:03:17.625,1.04767,1.0484
2013.03.03 22:03:18.037,1.04769,1.04838
2013.03.03 22:03:21.549,1.04768,1.04839
2013.03.03 22:03:57.632,1.04771,1.0484
2013.03.03 22:03:58.166,1.04771,1.04841
2013.03.03 22:04:38.625,1.04769,1.04842
2013.03.03 22:04:39.379,1.04768,1.04841
2013.03.03 22:04:58.806,1.04768,1.04842
2013.03.03 22:04:59.388,1.04771,1.04844
2013.03.03 22:05:03.895,1.04766,1.04844
2013.03.03 22:05:03.955,1.04764,1.0484
2013.03.03 22:05:17.058,1.04766,1.04838
2013.03.03 22:05:33.175,1.04762,1.04817
2013.03.03 22:05:33.299,1.04756,1.04815
2013.03.03 22:05:33.355,1.04751,1.04815
2013.03.03 22:06:25.506,1.04756,1.04815
2013.03.03 22:06:33.211,1.04756,1.04817
2013.03.03 22:06:46.236,1.04753,1.04815
2013.03.03 22:07:26.831,1.04754,1.04816
2013.03.03 22:07:27.440,1.04757,1.04816
2013.03.03 22:07:33.426,1.04757,1.04814
2013.03.03 22:07:33.666,1.04757,1.04816
2013.03.03 22:07:54.407,1.04762,1.04818
2013.03.03 22:07:58.617,1.04762,1.04818
2013.03.03 22:08:09.047,1.04762,1.04818
2013.03.03 22:08:09.177,1.04759,1.04811
2013.03.03 22:08:09.238,1.04757,1.04811
2013.03.03 22:08:13.357,1.04757,1.04811
2013.03.03 22:08:13.537,1.04752,1.04804
2013.03.03 22:08:13.597,1.04749,1.04804
2013.03.03 22:08:13.886,1.04749,1.04807
2013.03.03 22:08:14.008,1.04749,1.04814
2013.03.03 22:08:14.067,1.04752,1.04816
2013.03.03 22:08:14.127,1.04752,1.04828
2013.03.03 22:08:14.194,1.04752,1.04828
2013.03.03 22:08:50.785,1.04752,1.04827
2013.03.03 22:08:54.346,1.0475,1.04824
2013.03.03 22:08:54.406,1.04747,1.04824
2013.03.03 22:08:59.337,1.04747,1.04824
2013.03.03 22:08:59.710,1.04748,1.04811
2013.03.03 22:09:08.055,1.04748,1.04813
2013.03.03 22:09:08.397,1.04746,1.0482
2013.03.03 22:09:15.315,1.04746,1.04822
2013.03.03 22:09:23.587,1.04748,1.04822
2013.03.03 22:09:23.767,1.04753,1.04828
2013.03.03 22:09:24.167,1.0475,1.04811
2013.03.03 22:09:24.287,1.0475,1.0481
2013.03.03 22:09:24.609,1.0475,1.0481
2013.03.03 22:09:24.877,1.04743,1.04802
2013.03.03 22:09:24.937,1.04743,1.04802
2013.03.03 22:09:24.997,1.04745,1.04802
2013.03.03 22:09:25.117,1.04752,1.0481
2013.03.03 22:09:25.297,1.04752,1.04817
2013.03.03 22:09:25.357,1.04754,1.04828
2013.03.03 22:09:25.417,1.04754,1.04828
2013.03.03 22:09:25.544,1.04754,1.04826
2013.03.03 22:09:25.797,1.04751,1.0481
2013.03.03 22:09:30.077,1.04751,1.0481
2013.03.03 22:09:30.237,1.04746,1.04803
2013.03.03 22:09:30.357,1.04744,1.04803
2013.03.03 22:09:30.627,1.04746,1.04806
2013.03.03 22:09:30.807,1.04744,1.04807
2013.03.03 22:09:30.867,1.04741,1.04807
2013.03.03 22:09:30.987,1.04741,1.04824
2013.03.03 22:09:50.917,1.04742,1.04824
2013.03.03 22:10:11.147,1.04744,1.04826
2013.03.03 22:10:24.106,1.04746,1.04828
2013.03.03 22:10:31.208,1.04744,1.04826
2013.03.03 22:10:31.328,1.04725,1.04829
2013.03.03 22:10:31.507,1.04724,1.04829
2013.03.03 22:10:42.378,1.04724,1.04829
2013.03.03 22:10:42.498,1.04715,1.04821
2013.03.03 22:10:42.557,1.04712,1.0482
2013.03.03 22:10:42.617,1.04707,1.0482
2013.03.03 22:10:42.737,1.04706,1.0482
2013.03.03 22:10:44.537,1.04706,1.04818
2013.03.03 22:10:48.304,1.04706,1.04818
2013.03.03 22:10:48.578,1.047,1.04812
2013.03.03 22:10:56.831,1.04701,1.04812
2013.03.03 22:10:57.262,1.04707,1.04811
2013.03.03 22:11:10.817,1.04707,1.04811
2013.03.03 22:11:11.345,1.04707,1.04804
2013.03.03 22:11:12.659,1.04707,1.04805
2013.03.03 22:11:12.778,1.04707,1.04812
2013.03.03 22:11:12.897,1.04707,1.04812
2013.03.03 22:11:13.701,1.04707,1.04803
2013.03.03 22:11:15.687,1.04705,1.04796
2013.03.03 22:11:16.098,1.04707,1.04798
2013.03.03 22:11:16.221,1.04706,1.04803
2013.03.03 22:11:16.350,1.04705,1.04803
2013.03.03 22:11:20.817,1.04706,1.04798
2013.03.03 22:11:21.127,1.04706,1.04809
2013.03.03 22:11:21.419,1.04705,1.04808
2013.03.03 22:11:21.490,1.04702,1.04795
2013.03.03 22:11:23.341,1.04704,1.04797
2013.03.03 22:11:23.831,1.04706,1.04803
2013.03.03 22:11:24.148,1.04705,1.04802
2013.03.03 22:11:32.284,1.04707,1.04797
2013.03.03 22:11:32.657,1.04706,1.04805
2013.03.03 22:11:34.373,1.04706,1.04802
2013.03.03 22:11:35.181,1.04706,1.0479
2013.03.03 22:11:44.823,1.04706,1.0479
2013.03.03 22:11:45.651,1.04721,1.04783
2013.03.03 22:11:46.829,1.04721,1.04783
2013.03.03 22:11:47.247,1.04721,1.04783
2013.03.03 22:11:48.618,1.04726,1.04783
2013.03.03 22:11:48.738,1.04728,1.04783
2013.03.03 22:11:49.273,1.04728,1.04783
2013.03.03 22:11:50.839,1.04726,1.04783
2013.03.03 22:11:51.137,1.04727,1.04785
2013.03.03 22:11:52.358,1.04738,1.04792
2013.03.03 22:11:52.538,1.04737,1.04792
2013.03.03 22:11:52.598,1.04731,1.048
2013.03.03 22:11:52.658,1.04729,1.04802
2013.03.03 22:11:52.853,1.04729,1.048
2013.03.03 22:11:53.158,1.04738,1.04794
2013.03.03 22:11:55.398,1.04738,1.04791
2013.03.03 22:11:55.518,1.04732,1.04785
2013.03.03 22:11:58.800,1.04733,1.04786
2013.03.03 22:11:59.098,1.04732,1.04804
2013.03.03 22:11:59.382,1.04732,1.04801
2013.03.03 22:12:01.323,1.04732,1.04804
2013.03.03 22:12:08.009,1.04737,1.04798
2013.03.03 22:12:08.319,1.04737,1.0479
2013.03.03 22:12:08.543,1.04737,1.04793
2013.03.03 22:12:08.818,1.04732,1.04802
2013.03.03 22:12:08.878,1.04729,1.04802
2013.03.03 22:12:09.414,1.0473,1.04781
2013.03.03 22:12:19.568,1.04737,1.04789
2013.03.03 22:12:21.318,1.04737,1.04791
2013.03.03 22:12:21.568,1.04736,1.04804
2013.03.03 22:12:21.628,1.04734,1.04807
2013.03.03 22:12:21.853,1.04732,1.04805
2013.03.03 22:12:21.978,1.0473,1.04782
2013.03.03 22:12:24.538,1.04736,1.0479
2013.03.03 22:12:26.803,1.04737,1.04792
2013.03.03 22:12:27.068,1.04733,1.04805
2013.03.03 22:12:27.188,1.04727,1.0478
2013.03.03 22:12:30.874,1.04729,1.04782
2013.03.03 22:12:30.938,1.04736,1.04788
2013.03.03 22:12:30.999,1.04736,1.04789
2013.03.03 22:12:31.118,1.04737,1.04806
2013.03.03 22:12:31.248,1.04737,1.04808
2013.03.03 22:12:31.313,1.04735,1.04806
2013.03.03 22:12:31.438,1.04733,1.04785
2013.03.03 22:12:31.498,1.04732,1.04785
2013.03.03 22:12:34.070,1.04733,1.04785
2013.03.03 22:12:34.439,1.04745,1.04799
2013.03.03 22:12:34.498,1.04757,1.04799
2013.03.03 22:12:34.558,1.04757,1.04806
2013.03.03 22:12:35.292,1.04756,1.04804
2013.03.03 22:12:35.365,1.04758,1.04808
2013.03.03 22:12:35.442,1.04758,1.0481
2013.03.03 22:12:35.905,1.04756,1.0481
2013.03.03 22:12:37.688,1.04756,1.04814
2013.03.03 22:12:37.748,1.04758,1.04816
2013.03.03 22:12:42.868,1.04759,1.04816
2013.03.03 22:12:43.170,1.04766,1.04816
2013.03.03 22:12:46.879,1.04767,1.04818
2013.03.03 22:12:46.941,1.04766,1.04818
2013.03.03 22:12:52.169,1.04766,1.04818
2013.03.03 22:13:09.788,1.04766,1.04818
2013.03.03 22:13:21.111,1.04766,1.04818
2013.03.03 22:13:27.129,1.04768,1.04819
2013.03.03 22:13:32.388,1.04767,1.04819
2013.03.03 22:13:32.996,1.04767,1.04819
2013.03.03 22:13:43.420,1.04768,1.04819
2013.03.03 22:13:43.572,1.0477,1.04824
2013.03.03 22:13:43.691,1.04759,1.04811
2013.03.03 22:13:43.750,1.04758,1.04811
2013.03.03 22:13:43.808,1.04758,1.04811
2013.03.03 22:13:43.928,1.04751,1.04805
2013.03.03 22:13:54.608,1.04752,1.04807
2013.03.03 22:13:54.728,1.04754,1.04818
2013.03.03 22:13:54.788,1.04762,1.04822
2013.03.03 22:14:00.892,1.04761,1.04822
2013.03.03 22:14:02.439,1.04755,1.04817
2013.03.03 22:14:02.668,1.0475,1.04817
2013.03.03 22:14:02.728,1.04743,1.04817
2013.03.03 22:14:09.923,1.04743,1.04817
2013.03.03 22:14:09.978,1.04741,1.04809
2013.03.03 22:14:10.969,1.04747,1.04818
2013.03.03 22:14:12.061,1.04746,1.04818
2013.03.03 22:14:32.938,1.04747,1.04811
2013.03.03 22:14:53.442,1.04744,1.04809
2013.03.03 22:14:54.379,1.04744,1.04809
2013.03.03 22:14:54.738,1.04743,1.04797
2013.03.03 22:15:03.608,1.04739,1.04789
2013.03.03 22:15:03.730,1.04738,1.04789
2013.03.03 22:15:08.873,1.04737,1.04789
2013.03.03 22:15:13.878,1.04737,1.04789
2013.03.03 22:15:13.939,1.04737,1.04791
2013.03.03 22:15:16.416,1.04737,1.04797
2013.03.03 22:15:16.539,1.04745,1.04797
2013.03.03 22:15:17.928,1.04747,1.04798
2013.03.03 22:15:18.899,1.04751,1.04806
2013.03.03 22:15:19.018,1.04754,1.04806
2013.03.03 22:15:19.259,1.04757,1.04813
2013.03.03 22:15:19.319,1.04762,1.04815
2013.03.03 22:15:20.640,1.04762,1.04816
2013.03.03 22:15:20.758,1.04763,1.04819
2013.03.03 22:15:20.818,1.04765,1.04826
2013.03.03 22:15:23.118,1.04757,1.04826
2013.03.03 22:15:28.060,1.04756,1.04825
2013.03.03 22:15:28.238,1.04753,1.04807
2013.03.03 22:16:08.519,1.04752,1.04806
2013.03.03 22:16:13.831,1.04754,1.04808
2013.03.03 22:16:20.310,1.04754,1.04808
2013.03.03 22:16:20.490,1.04775,1.04821
2013.03.03 22:16:20.550,1.04775,1.04828
2013.03.03 22:16:21.060,1.04772,1.04825
2013.03.03 22:16:21.219,1.04772,1.04817
2013.03.03 22:16:25.839,1.04758,1.04813
2013.03.03 22:16:25.959,1.04764,1.04819
2013.03.03 22:16:26.340,1.04764,1.04825
2013.03.03 22:16:26.539,1.04771,1.04832
2013.03.03 22:16:26.598,1.04776,1.04832
2013.03.03 22:16:27.908,1.04766,1.04813
2013.03.03 22:16:28.148,1.04753,1.04812
2013.03.03 22:16:28.210,1.04756,1.04818
2013.03.03 22:16:28.328,1.04771,1.04825
2013.03.03 22:16:28.539,1.04765,1.04816
2013.03.03 22:16:30.648,1.04757,1.04816
2013.03.03 22:16:30.772,1.04756,1.04811
2013.03.03 22:16:30.889,1.04754,1.04811
2013.03.03 22:16:31.080,1.04761,1.04817
2013.03.03 22:16:31.139,1.04761,1.04822
2013.03.03 22:16:31.269,1.04761,1.04822
2013.03.03 22:16:40.821,1.04761,1.04822
2013.03.03 22:16:51.383,1.04762,1.04823
2013.03.03 22:16:54.628,1.04764,1.04824
2013.03.03 22:16:55.109,1.04764,1.04823
2013.03.03 22:17:02.129,1.04764,1.04824
2013.03.03 22:17:02.368,1.04771,1.04824
2013.03.03 22:17:22.541,1.04771,1.04825
2013.03.03 22:17:42.880,1.04771,1.04824
2013.03.03 22:17:45.578,1.0477,1.04824
2013.03.03 22:17:46.359,1.0477,1.04824
2013.03.03 22:17:46.538,1.04757,1.04819
2013.03.03 22:17:46.598,1.04755,1.04819
2013.03.03 22:17:49.538,1.04766,1.04819
2013.03.03 22:17:49.898,1.04764,1.04827
2013.03.03 22:17:50.078,1.0477,1.04833
2013.03.03 22:17:50.437,1.04754,1.04817
2013.03.03 22:17:57.618,1.04754,1.04817
2013.03.03 22:17:57.738,1.04752,1.04816
2013.03.03 22:17:57.799,1.04749,1.04811
2013.03.03 22:18:00.918,1.04749,1.04811
2013.03.03 22:18:01.038,1.04749,1.04811
2013.03.03 22:18:01.343,1.04754,1.04818
2013.03.03 22:18:04.438,1.04756,1.0482
2013.03.03 22:18:04.832,1.04754,1.04818
2013.03.03 22:18:32.289,1.04746,1.04805
2013.03.03 22:18:32.348,1.04746,1.04805
2013.03.03 22:18:33.041,1.04755,1.04817
2013.03.03 22:18:35.658,1.04755,1.04817
2013.03.03 22:18:35.718,1.04747,1.04808
2013.03.03 22:18:36.229,1.04747,1.04802
2013.03.03 22:18:54.828,1.04741,1.04802
2013.03.03 22:18:55.068,1.04747,1.04804
2013.03.03 22:18:55.128,1.04747,1.04809
2013.03.03 22:18:55.348,1.04749,1.04809
2013.03.03 22:18:56.133,1.04754,1.04816
2013.03.03 22:19:15.448,1.04752,1.04815
2013.03.03 22:19:35.528,1.04752,1.04817
2013.03.03 22:19:46.848,1.04755,1.04818
2013.03.03 22:19:47.248,1.04745,1.04808
2013.03.03 22:19:47.428,1.04745,1.04811
2013.03.03 22:19:47.547,1.04745,1.04815
2013.03.03 22:19:47.608,1.04753,1.04816
2013.03.03 22:19:47.878,1.04753,1.04815
2013.03.03 22:20:47.937,1.04753,1.04817
2013.03.03 22:20:49.193,1.04753,1.04817
2013.03.03 22:20:49.739,1.04755,1.04816
2013.03.03 22:20:54.633,1.04756,1.04816
2013.03.03 22:21:10.878,1.04762,1.04814
2013.03.03 22:21:15.338,1.04762,1.04816
2013.03.03 22:21:15.815,1.04764,1.04818
2013.03.03 22:21:23.599,1.0475,1.04799
2013.03.03 22:21:25.420,1.04752,1.04805
2013.03.03 22:21:25.538,1.04758,1.04817
2013.03.03 22:21:25.639,1.04758,1.04818
2013.03.03 22:21:26.154,1.04764,1.04819
2013.03.03 22:21:28.358,1.04764,1.04819
2013.03.03 22:21:32.099,1.04758,1.0481
2013.03.03 22:21:50.794,1.04758,1.0481
2013.03.03 22:21:52.199,1.04753,1.04805
2013.03.03 22:21:52.258,1.04751,1.04805
2013.03.03 22:21:55.645,1.04751,1.04805
2013.03.03 22:21:55.768,1.04746,1.04798
2013.03.03 22:21:59.237,1.04747,1.04805
2013.03.03 22:21:59.298,1.04751,1.04807
2013.03.03 22:22:19.368,1.04755,1.04809
2013.03.03 22:22:39.469,1.04754,1.04809
2013.03.03 22:23:21.456,1.04757,1.04816
2013.03.03 22:23:21.518,1.04761,1.04816
2013.03.03 22:23:29.668,1.04761,1.04815
2013.03.03 22:23:29.789,1.04754,1.04806
2013.03.03 22:23:50.319,1.0475,1.04802
2013.03.03 22:23:50.399,1.04748,1.04802
2013.03.03 22:24:11.424,1.04748,1.04804
2013.03.03 22:24:15.609,1.04771,1.04819
2013.03.03 22:24:15.789,1.04771,1.04822
2013.03.03 22:24:16.660,1.04769,1.04822
2013.03.03 22:24:16.779,1.04762,1.04815
2013.03.03 22:24:16.840,1.04753,1.04808
2013.03.03 22:24:18.559,1.04747,1.04805
2013.03.03 22:24:18.619,1.04746,1.048
2013.03.03 22:24:18.801,1.04736,1.04802
2013.03.03 22:24:31.022,1.04736,1.04802
2013.03.03 22:24:32.919,1.04736,1.048
2013.03.03 22:24:33.455,1.04737,1.04791
2013.03.03 22:24:33.757,1.04739,1.04793
2013.03.03 22:24:35.669,1.04746,1.04798
2013.03.03 22:24:35.730,1.04748,1.04798
2013.03.03 22:24:36.062,1.04748,1.04798
2013.03.03 22:24:36.319,1.04748,1.048
2013.03.03 22:24:36.619,1.04746,1.04798
2013.03.03 22:24:36.989,1.0474,1.04793
2013.03.03 22:24:37.375,1.04733,1.04787
2013.03.03 22:24:50.891,1.04733,1.04787
2013.03.03 22:24:57.418,1.04735,1.04789
2013.03.03 22:25:14.510,1.04735,1.0479
2013.03.03 22:25:17.488,1.04737,1.04792
2013.03.03 22:25:37.239,1.04737,1.04792
2013.03.03 22:25:37.830,1.04737,1.04792
2013.03.03 22:25:58.147,1.04738,1.04794
2013.03.03 22:26:00.688,1.04739,1.04793
2013.03.03 22:26:38.358,1.04742,1.04796
2013.03.03 22:26:58.139,1.04745,1.04797
2013.03.03 22:26:58.668,1.0475,1.04803
2013.03.03 22:26:59.010,1.0475,1.04803
2013.03.03 22:27:01.779,1.04744,1.04797
2013.03.03 22:27:22.429,1.04741,1.04796
2013.03.03 22:27:42.942,1.04741,1.04794
2013.03.03 22:27:59.028,1.04742,1.04796
2013.03.03 22:28:03.207,1.04743,1.04797
2013.03.03 22:28:08.449,1.04744,1.04804
2013.03.03 22:28:08.569,1.0475,1.04804
2013.03.03 22:28:28.358,1.0475,1.04803
2013.03.03 22:28:28.709,1.04741,1.04796
2013.03.03 22:28:29.149,1.04741,1.04793
2013.03.03 22:28:35.659,1.04741,1.04796
2013.03.03 22:29:43.599,1.04738,1.04792
2013.03.03 22:30:05.181,1.04734,1.04786
2013.03.03 22:30:43.600,1.04734,1.04787
2013.03.03 22:30:52.408,1.04733,1.04787
2013.03.03 22:31:07.822,1.04733,1.04784
2013.03.03 22:31:08.524,1.04734,1.04784
2013.03.03 22:31:11.030,1.04733,1.04784
2013.03.03 22:31:18.609,1.04733,1.04784
2013.03.03 22:31:18.850,1.04727,1.04777
2013.03.03 22:31:32.150,1.04727,1.04777
2013.03.03 22:31:48.310,1.04724,1.04774
2013.03.03 22:32:01.430,1.04718,1.04771
2013.03.03 22:32:02.045,1.04718,1.04771
2013.03.03 22:32:03.734,1.04718,1.04772
2013.03.03 22:32:04.352,1.04718,1.04771
2013.03.03 22:32:22.389,1.04722,1.04774
2013.03.03 22:32:22.921,1.04731,1.04781
2013.03.03 22:32:24.370,1.04731,1.04784
2013.03.03 22:32:24.609,1.04738,1.04789
2013.03.03 22:32:24.930,1.04744,1.04797
2013.03.03 22:32:45.429,1.04746,1.048
2013.03.03 22:32:52.899,1.04746,1.048
2013.03.03 22:32:55.630,1.04746,1.048
2013.03.03 22:32:55.750,1.04737,1.04789
2013.03.03 22:32:56.585,1.04735,1.04789
2013.03.03 22:32:56.870,1.04735,1.04789
2013.03.03 22:32:57.409,1.04735,1.04791
2013.03.03 22:32:57.472,1.04744,1.04796
2013.03.03 22:33:13.449,1.04745,1.04799
2013.03.03 22:33:15.813,1.04751,1.04803
2013.03.03 22:33:34.440,1.04748,1.04802
2013.03.03 22:33:48.042,1.04748,1.04802
2013.03.03 22:33:48.280,1.04742,1.04795
2013.03.03 22:33:48.860,1.04742,1.04795
2013.03.03 22:33:54.691,1.04734,1.04788
2013.03.03 22:33:55.205,1.04734,1.04788
2013.03.03 22:33:58.603,1.04734,1.04788
2013.03.03 22:34:00.201,1.0473,1.04782
2013.03.03 22:34:00.520,1.04727,1.04782
2013.03.03 22:34:03.811,1.04727,1.04782
2013.03.03 22:34:06.728,1.04727,1.04782
2013.03.03 22:34:10.650,1.04727,1.04782
2013.03.03 22:34:11.165,1.04727,1.04782
2013.03.03 22:34:18.072,1.04729,1.04784
2013.03.03 22:34:18.190,1.04738,1.04791
2013.03.03 22:34:18.430,1.04738,1.04794
2013.03.03 22:34:18.549,1.04739,1.04793
2013.03.03 22:34:26.140,1.04739,1.04793
2013.03.03 22:34:26.260,1.04746,1.048
2013.03.03 22:34:35.400,1.04746,1.048
2013.03.03 22:34:44.252,1.04746,1.048
2013.03.03 22:34:44.710,1.04748,1.048
2013.03.03 22:34:45.310,1.04754,1.04807
2013.03.03 22:34:48.325,1.04754,1.04807
2013.03.03 22:34:59.431,1.04754,1.04809
2013.03.03 22:35:05.400,1.04756,1.04809
2013.03.03 22:35:05.460,1.04758,1.04812
2013.03.03 22:35:08.082,1.04758,1.04812
2013.03.03 22:35:17.272,1.04752,1.04805
2013.03.03 22:35:17.331,1.0475,1.04805
2013.03.03 22:35:20.460,1.04751,1.04807
2013.03.03 22:35:22.510,1.0475,1.04805
2013.03.03 22:35:37.401,1.0475,1.04807
2013.03.03 22:35:58.530,1.04757,1.04811
2013.03.03 22:35:59.070,1.04755,1.04808
2013.03.03 22:36:05.520,1.04755,1.04809
2013.03.03 22:36:19.405,1.04755,1.0481
2013.03.03 22:36:21.230,1.04757,1.0481
2013.03.03 22:36:36.461,1.04757,1.0481
2013.03.03 22:36:36.520,1.0475,1.04803
2013.03.03 22:36:38.972,1.04745,1.04797
2013.03.03 22:36:40.771,1.04744,1.04797
2013.03.03 22:36:40.950,1.04745,1.04797
2013.03.03 22:36:41.577,1.0475,1.04803
2013.03.03 22:37:01.005,1.04748,1.048
2013.03.03 22:37:01.071,1.04746,1.048
2013.03.03 22:37:08.651,1.0474,1.04793
2013.03.03 22:37:08.711,1.04738,1.04793
2013.03.03 22:37:23.120,1.04738,1.04792
2013.03.03 22:37:23.674,1.04738,1.04792
2013.03.03 22:37:25.343,1.04738,1.04793
2013.03.03 22:37:25.471,1.0474,1.04794
2013.03.03 22:37:26.070,1.04746,1.04798
2013.03.03 22:37:26.631,1.04746,1.04798
2013.03.03 22:37:29.039,1.04746,1.04798
2013.03.03 22:37:40.600,1.04746,1.04798
2013.03.03 22:37:40.781,1.0474,1.04794
2013.03.03 22:37:51.590,1.04738,1.04792
2013.03.03 22:37:52.197,1.04738,1.04792
2013.03.03 22:37:56.150,1.04738,1.04792
2013.03.03 22:38:00.845,1.04738,1.04792
2013.03.03 22:38:02.871,1.04741,1.04796
2013.03.03 22:38:03.050,1.04741,1.04798
2013.03.03 22:38:03.290,1.04749,1.04802
2013.03.03 22:38:23.374,1.04749,1.04801
2013.03.03 22:38:28.600,1.04749,1.04801
2013.03.03 22:38:32.079,1.04749,1.04801
2013.03.03 22:38:44.480,1.04748,1.048
2013.03.03 22:38:47.410,1.04748,1.048
2013.03.03 22:38:47.770,1.04741,1.04793
2013.03.03 22:39:47.617,1.04739,1.04796
2013.03.03 22:39:55.451,1.04741,1.04794
2013.03.03 22:39:58.882,1.04739,1.04794
2013.03.03 22:39:59.560,1.04739,1.04794
2013.03.03 22:40:03.620,1.04739,1.04793
2013.03.03 22:40:04.232,1.04731,1.04785
2013.03.03 22:40:04.790,1.04731,1.04785
2013.03.03 22:40:12.287,1.04731,1.04785
2013.03.03 22:40:17.400,1.04731,1.04785
2013.03.03 22:41:17.466,1.04723,1.04779
2013.03.03 22:42:06.439,1.04724,1.04778
2013.03.03 22:42:27.431,1.04723,1.04779
2013.03.03 22:43:16.288,1.04723,1.04779
2013.03.03 22:43:28.490,1.04725,1.04781
2013.03.03 22:43:43.052,1.04725,1.04781
2013.03.03 22:43:48.982,1.04725,1.04781
2013.03.03 22:44:05.074,1.04729,1.04781
2013.03.03 22:44:05.668,1.04729,1.04781
2013.03.03 22:44:14.271,1.04733,1.04786
2013.03.03 22:44:19.141,1.04733,1.04786
2013.03.03 22:44:21.293,1.04733,1.04786
2013.03.03 22:44:42.911,1.04734,1.04787
2013.03.03 22:44:42.972,1.04737,1.04793
2013.03.03 22:44:43.032,1.04737,1.04793
2013.03.03 22:44:51.129,1.04739,1.04793
2013.03.03 22:44:51.485,1.04745,1.04797
2013.03.03 22:45:11.234,1.04745,1.04799
2013.03.03 22:45:31.241,1.04747,1.048
2013.03.03 22:45:43.126,1.04747,1.04803
2013.03.03 22:45:51.491,1.04747,1.04804
2013.03.03 22:46:11.950,1.04747,1.04804
2013.03.03 22:46:32.404,1.04747,1.04803
2013.03.03 22:46:40.932,1.04748,1.04801
2013.03.03 22:46:46.151,1.04748,1.04804
2013.03.03 22:46:53.409,1.04751,1.04804
2013.03.03 22:46:53.471,1.04753,1.04807
2013.03.03 22:47:35.511,1.04755,1.04808
2013.03.03 22:47:46.145,1.04755,1.04809
2013.03.03 22:47:56.241,1.04755,1.04811
2013.03.03 22:48:16.411,1.04754,1.0481
2013.03.03 22:48:37.473,1.04754,1.0481
2013.03.03 22:48:58.321,1.04755,1.04809
2013.03.03 22:49:18.462,1.04755,1.04812
2013.03.03 22:49:38.349,1.04753,1.0481
2013.03.03 22:49:38.472,1.04753,1.04808
2013.03.03 22:49:59.401,1.04751,1.04808
2013.03.03 22:50:20.497,1.04751,1.04806
2013.03.03 22:50:40.393,1.04752,1.04807
2013.03.03 22:50:40.451,1.04753,1.04807
2013.03.03 22:51:17.652,1.04753,1.04805
2013.03.03 22:51:17.904,1.04748,1.04799
2013.03.03 22:51:18.972,1.04748,1.04802
2013.03.03 22:51:22.241,1.04748,1.04802
2013.03.03 22:51:28.322,1.04749,1.04803
2013.03.03 22:51:28.382,1.04753,1.04805
2013.03.03 22:51:48.351,1.04753,1.04805
2013.03.03 22:52:08.421,1.0475,1.04805
2013.03.03 22:52:19.049,1.0475,1.04807
2013.03.03 22:52:28.456,1.04752,1.04811
2013.03.03 22:52:28.512,1.04756,1.04811
2013.03.03 22:52:49.071,1.04755,1.04811
2013.03.03 22:52:49.876,1.04753,1.0481
2013.03.03 22:53:09.191,1.04752,1.04809
2013.03.03 22:53:29.452,1.04752,1.04808
2013.03.03 22:53:30.891,1.04752,1.04805
2013.03.03 22:53:49.432,1.04755,1.04807
2013.03.03 22:53:55.541,1.04751,1.04804
2013.03.03 22:53:55.601,1.04749,1.04803
2013.03.03 22:54:01.163,1.04751,1.04803
2013.03.03 22:54:15.833,1.04749,1.04803
2013.03.03 22:54:16.422,1.04752,1.04804
2013.03.03 22:54:42.624,1.04754,1.04806
2013.03.03 22:54:57.492,1.04756,1.04809
2013.03.03 22:55:18.375,1.04755,1.04809
2013.03.03 22:55:38.389,1.04756,1.04808
2013.03.03 22:55:58.443,1.04754,1.04808
2013.03.03 22:56:14.623,1.04754,1.04808
2013.03.03 22:56:17.235,1.04752,1.04808
2013.03.03 22:56:19.110,1.04752,1.04808
2013.03.03 22:56:26.872,1.04756,1.04808
2013.03.03 22:56:36.292,1.04757,1.04809
2013.03.03 22:56:36.533,1.04764,1.04816
2013.03.03 22:56:36.666,1.04767,1.04817
2013.03.03 22:56:37.002,1.04769,1.04823
2013.03.03 22:56:51.104,1.04772,1.04823
2013.03.03 22:56:57.420,1.04776,1.04825
2013.03.03 22:56:59.632,1.04783,1.04833
2013.03.03 22:57:00.172,1.04777,1.04829
2013.03.03 22:57:02.982,1.04777,1.04836
2013.03.03 22:57:03.102,1.04776,1.04838
2013.03.03 22:57:03.163,1.04776,1.04838
2013.03.03 22:57:03.222,1.04775,1.04844
2013.03.03 22:57:03.342,1.04778,1.04849
2013.03.03 22:57:03.523,1.04781,1.04849
2013.03.03 22:57:03.582,1.04782,1.04849
2013.03.03 22:57:03.883,1.04782,1.0485
2013.03.03 22:57:06.122,1.04782,1.0485
2013.03.03 22:57:20.102,1.04782,1.04843
2013.03.03 22:57:20.342,1.04782,1.04847
2013.03.03 22:57:20.582,1.04786,1.04851
2013.03.03 22:57:20.890,1.04792,1.04847
2013.03.03 22:57:21.642,1.04782,1.04843
2013.03.03 22:57:26.155,1.04777,1.04841
2013.03.03 22:57:26.622,1.04783,1.04841
2013.03.03 22:57:26.682,1.04782,1.04848
2013.03.03 22:57:26.982,1.04795,1.04866
2013.03.03 22:57:27.163,1.04795,1.04864
2013.03.03 22:57:41.541,1.04782,1.0484
2013.03.03 22:57:42.143,1.04778,1.0484
2013.03.03 22:57:42.262,1.04778,1.04848
2013.03.03 22:57:42.323,1.04778,1.0484
2013.03.03 22:57:42.653,1.04787,1.0484
2013.03.03 22:57:42.833,1.04787,1.04836
2013.03.03 22:57:43.081,1.04793,1.0484
2013.03.03 22:57:43.262,1.04785,1.0484
2013.03.03 22:57:43.322,1.04781,1.0484
2013.03.03 22:57:43.892,1.04784,1.04843
2013.03.03 22:57:44.072,1.04777,1.04841
2013.03.03 22:57:44.252,1.04777,1.04843
2013.03.03 22:57:44.313,1.04777,1.04841
2013.03.03 22:57:44.672,1.04776,1.04841
2013.03.03 22:57:45.092,1.0478,1.04853
2013.03.03 22:57:45.152,1.0478,1.04853
2013.03.03 22:57:49.264,1.04781,1.04847
2013.03.03 22:57:49.602,1.04777,1.04846
2013.03.03 22:57:49.782,1.04771,1.04842
2013.03.03 22:57:53.495,1.04775,1.04823
2013.03.03 22:57:53.622,1.04774,1.04841
2013.03.03 22:58:06.601,1.04768,1.04836
2013.03.03 22:58:10.550,1.04761,1.04831
2013.03.03 22:58:10.933,1.04767,1.04833
2013.03.03 22:58:11.113,1.04767,1.04833
2013.03.03 22:58:23.310,1.04768,1.04833
2013.03.03 22:58:23.683,1.04768,1.04827
2013.03.03 22:58:23.802,1.04767,1.04834
2013.03.03 22:58:23.862,1.04767,1.04834
2013.03.03 22:58:27.419,1.04761,1.04825
2013.03.03 22:58:27.482,1.04761,1.04825
2013.03.03 22:58:27.662,1.04761,1.04825
2013.03.03 22:58:30.601,1.04756,1.04827
2013.03.03 22:58:43.591,1.04753,1.04822
2013.03.03 22:58:48.059,1.04748,1.04817
2013.03.03 22:58:54.111,1.04743,1.04816
2013.03.03 22:59:04.601,1.0475,1.04828
2013.03.03 22:59:13.182,1.04749,1.04823
2013.03.03 22:59:21.881,1.04752,1.04823
2013.03.03 22:59:22.061,1.04752,1.04822
2013.03.03 22:59:26.351,1.04751,1.04829
2013.03.03 22:59:26.532,1.0477,1.0483
2013.03.03 22:59:26.593,1.04769,1.04829
2013.03.03 22:59:26.952,1.04769,1.04825
2013.03.03 22:59:28.706,1.04769,1.04813
2013.03.03 22:59:28.862,1.04769,1.04827
2013.03.03 22:59:29.681,1.04766,1.04827
2013.03.03 22:59:29.922,1.04766,1.04827
2013.03.03 22:59:30.042,1.04766,1.04827
2013.03.03 22:59:33.882,1.04757,1.04827
2013.03.03 22:59:34.442,1.04756,1.04818
2013.03.03 22:59:34.502,1.04756,1.04814
2013.03.03 22:59:36.039,1.04756,1.04811
2013.03.03 22:59:36.665,1.04751,1.0481
2013.03.03 22:59:39.412,1.04744,1.04813
2013.03.03 22:59:40.222,1.04751,1.04813
2013.03.03 22:59:40.284,1.04752,1.04813
2013.03.03 22:59:41.808,1.04752,1.04809
2013.03.03 22:59:41.992,1.04745,1.04809
2013.03.03 22:59:42.363,1.04745,1.04808
2013.03.03 22:59:42.483,1.04745,1.04808
2013.03.03 22:59:44.362,1.04753,1.04818
2013.03.03 22:59:44.422,1.04749,1.04818
2013.03.03 22:59:52.041,1.04757,1.04819
2013.03.03 22:59:52.514,1.04758,1.0482
2013.03.03 22:59:55.442,1.04764,1.04821
2013.03.03 22:59:59.852,1.04758,1.04814
2013.03.03 23:00:00.028,1.04758,1.04816
2013.03.03 23:00:00.572,1.04759,1.04814
2013.03.03 23:00:01.071,1.04764,1.04814
2013.03.03 23:00:03.294,1.04771,1.04814
2013.03.03 23:00:03.772,1.04771,1.04818
2013.03.03 23:00:03.892,1.04771,1.04814
2013.03.03 23:00:04.323,1.04771,1.04819
2013.03.03 23:00:05.551,1.04771,1.04815
2013.03.03 23:00:08.682,1.04771,1.04823
2013.03.03 23:00:08.884,1.04771,1.04816
2013.03.03 23:00:09.944,1.04771,1.04825
2013.03.03 23:00:10.061,1.04771,1.04825
2013.03.03 23:00:10.242,1.04776,1.04825
2013.03.03 23:00:10.362,1.04776,1.04822
2013.03.03 23:00:10.743,1.04776,1.04818
2013.03.03 23:00:13.851,1.04778,1.04818
2013.03.03 23:00:14.875,1.04776,1.04818
2013.03.03 23:00:15.112,1.04776,1.04817
2013.03.03 23:00:17.429,1.04786,1.04825
2013.03.03 23:00:17.552,1.04786,1.04826
2013.03.03 23:00:17.672,1.04787,1.04834
2013.03.03 23:00:18.082,1.04787,1.04834
2013.03.03 23:00:18.442,1.04787,1.04826
2013.03.03 23:00:19.302,1.04787,1.04828
2013.03.03 23:00:20.173,1.04786,1.04828
2013.03.03 23:00:20.712,1.04786,1.04827
2013.03.03 23:00:20.804,1.04788,1.04827
2013.03.03 23:00:20.923,1.04788,1.04827
2013.03.03 23:00:21.172,1.04787,1.04828
2013.03.03 23:00:21.533,1.04787,1.04833
2013.03.03 23:00:21.592,1.04795,1.04833
2013.03.03 23:00:22.184,1.04785,1.04824
2013.03.03 23:00:23.902,1.04785,1.04824
2013.03.03 23:00:24.022,1.04786,1.04819
2013.03.03 23:00:24.142,1.04786,1.04818
2013.03.03 23:00:24.203,1.04786,1.04818
2013.03.03 23:00:26.112,1.04784,1.04825
2013.03.03 23:00:26.653,1.04784,1.04825
2013.03.03 23:00:38.658,1.04784,1.04848
2013.03.03 23:00:39.082,1.0479,1.04825
2013.03.03 23:00:41.839,1.04782,1.04823
2013.03.03 23:00:44.613,1.04792,1.04833
2013.03.03 23:00:46.128,1.0479,1.04827
2013.03.03 23:00:46.252,1.0479,1.04827
2013.03.03 23:00:49.081,1.04789,1.04848
2013.03.03 23:00:49.723,1.04796,1.04848
2013.03.03 23:00:50.142,1.04796,1.04826
2013.03.03 23:00:51.872,1.048,1.04826
2013.03.03 23:00:52.122,1.04796,1.04825
2013.03.03 23:01:01.053,1.04795,1.04823
2013.03.03 23:01:01.173,1.04795,1.04822
2013.03.03 23:01:01.543,1.04789,1.04814
2013.03.03 23:01:12.480,1.0478,1.04814
2013.03.03 23:01:12.604,1.04779,1.0481
2013.03.03 23:01:12.974,1.04772,1.0481
2013.03.03 23:01:13.033,1.04772,1.04807
2013.03.03 23:01:13.153,1.04781,1.0481
2013.03.03 23:01:13.233,1.04781,1.04814
2013.03.03 23:01:13.593,1.04774,1.04815
2013.03.03 23:01:13.953,1.04774,1.04818
2013.03.03 23:01:20.862,1.04766,1.04814
2013.03.03 23:01:21.042,1.04766,1.04807
2013.03.03 23:01:21.102,1.04772,1.0481
2013.03.03 23:01:21.343,1.04771,1.04818
2013.03.03 23:01:21.403,1.04771,1.04814
2013.03.03 23:01:22.852,1.04767,1.04814
2013.03.03 23:01:23.213,1.04771,1.04814
2013.03.03 23:01:23.612,1.04772,1.04818
2013.03.03 23:01:23.792,1.0478,1.04818
2013.03.03 23:01:25.062,1.04779,1.04819
2013.03.03 23:01:25.122,1.04775,1.04818
2013.03.03 23:01:25.183,1.04775,1.04818
2013.03.03 23:01:25.708,1.04775,1.04814
2013.03.03 23:01:26.484,1.04771,1.04815
2013.03.03 23:01:28.307,1.04774,1.04822
2013.03.03 23:01:28.483,1.04781,1.04822
2013.03.03 23:01:29.033,1.04782,1.04823
2013.03.03 23:01:29.236,1.04782,1.04821
2013.03.03 23:01:29.593,1.04779,1.04807
2013.03.03 23:01:30.233,1.04778,1.04807
2013.03.03 23:01:31.624,1.04778,1.04806
2013.03.03 23:01:31.813,1.04775,1.04806
2013.03.03 23:01:32.135,1.04776,1.04804
2013.03.03 23:01:36.774,1.04771,1.04804
2013.03.03 23:01:38.976,1.04771,1.04806
2013.03.03 23:01:39.152,1.04771,1.04807
2013.03.03 23:01:41.123,1.04774,1.04806
2013.03.03 23:01:41.183,1.04771,1.04807
2013.03.03 23:01:45.683,1.04774,1.04813
2013.03.03 23:01:46.192,1.04774,1.04806
2013.03.03 23:01:46.717,1.04774,1.04813
2013.03.03 23:01:48.367,1.04774,1.04807
2013.03.03 23:01:48.433,1.04772,1.04807
2013.03.03 23:01:51.344,1.04772,1.04814
2013.03.03 23:01:52.031,1.04777,1.04813
2013.03.03 23:01:52.099,1.04771,1.04807
2013.03.03 23:01:52.327,1.04771,1.04813
2013.03.03 23:01:52.653,1.04775,1.04814
2013.03.03 23:01:54.693,1.04779,1.04815
2013.03.03 23:01:55.243,1.04779,1.04815
2013.03.03 23:01:55.763,1.04779,1.04815
2013.03.03 23:01:58.037,1.04779,1.04819
2013.03.03 23:02:01.042,1.04779,1.04819
2013.03.03 23:02:02.073,1.04779,1.04819
2013.03.03 23:02:07.066,1.04779,1.04823
2013.03.03 23:02:07.373,1.04786,1.04818
2013.03.03 23:02:08.242,1.04786,1.04818
2013.03.03 23:02:08.308,1.04779,1.04818
2013.03.03 23:02:08.672,1.04779,1.04818
2013.03.03 23:02:10.043,1.04779,1.04815
2013.03.03 23:02:10.163,1.04778,1.04815
2013.03.03 23:02:10.843,1.04778,1.04819
2013.03.03 23:02:11.243,1.04777,1.04822
2013.03.03 23:02:11.895,1.04784,1.04824
2013.03.03 23:02:12.133,1.04784,1.04823
2013.03.03 23:02:12.552,1.04787,1.04824
2013.03.03 23:02:27.892,1.04789,1.0483
2013.03.03 23:02:28.014,1.04789,1.0483
2013.03.03 23:02:38.086,1.04791,1.04834
2013.03.03 23:02:38.203,1.04797,1.04834
2013.03.03 23:02:39.412,1.04797,1.04834
2013.03.03 23:02:42.715,1.04797,1.04835
2013.03.03 23:03:01.393,1.04807,1.04844
2013.03.03 23:03:02.596,1.04807,1.04844
2013.03.03 23:03:03.356,1.04807,1.04848
2013.03.03 23:03:07.162,1.04807,1.04845
2013.03.03 23:03:07.836,1.04806,1.04845
2013.03.03 23:03:07.953,1.04806,1.04844
2013.03.03 23:03:08.623,1.04806,1.04841
2013.03.03 23:03:10.340,1.04808,1.04841
2013.03.03 23:03:28.667,1.04807,1.04846
2013.03.03 23:03:28.735,1.04807,1.04846
2013.03.03 23:03:34.592,1.04805,1.04845
2013.03.03 23:03:34.963,1.04804,1.04846
2013.03.03 23:04:34.648,1.04796,1.04845
2013.03.03 23:04:38.452,1.04796,1.04853
2013.03.03 23:04:51.002,1.04796,1.04855
2013.03.03 23:04:51.533,1.048,1.0484
2013.03.03 23:04:51.712,1.048,1.0484
2013.03.03 23:04:51.902,1.04798,1.04835
2013.03.03 23:04:51.963,1.04798,1.04835
2013.03.03 23:04:52.083,1.048,1.04839
2013.03.03 23:04:57.412,1.048,1.04843
2013.03.03 23:04:57.532,1.04806,1.04845
2013.03.03 23:05:39.142,1.04806,1.04843
2013.03.03 23:05:42.623,1.04802,1.04842
2013.03.03 23:05:42.802,1.04801,1.04837
2013.03.03 23:05:42.983,1.04798,1.04837
2013.03.03 23:05:43.163,1.04791,1.04831
2013.03.03 23:05:43.681,1.04791,1.04825
2013.03.03 23:05:44.234,1.04791,1.0483
2013.03.03 23:05:45.449,1.04789,1.04828
2013.03.03 23:05:46.034,1.04787,1.04824
2013.03.03 23:05:59.724,1.04783,1.04824
2013.03.03 23:06:02.123,1.04783,1.04824
2013.03.03 23:06:02.446,1.04787,1.04823
2013.03.03 23:06:03.264,1.04787,1.04823
2013.03.03 23:06:05.459,1.04787,1.04823
2013.03.03 23:06:07.294,1.04786,1.04824
2013.03.03 23:06:07.653,1.04783,1.04819
2013.03.03 23:06:07.714,1.04783,1.04819
2013.03.03 23:06:11.133,1.04771,1.04819
2013.03.03 23:06:11.444,1.04771,1.04809
2013.03.03 23:06:11.753,1.04771,1.0481
2013.03.03 23:06:13.563,1.04771,1.04809
2013.03.03 23:06:14.197,1.04771,1.04809
2013.03.03 23:06:28.634,1.04771,1.04809
2013.03.03 23:06:32.634,1.04771,1.04814
2013.03.03 23:06:33.173,1.04775,1.04814
2013.03.03 23:06:34.544,1.04774,1.04814
2013.03.03 23:06:34.663,1.04771,1.04806
2013.03.03 23:06:34.854,1.04775,1.04813
2013.03.03 23:06:34.974,1.04775,1.04818
2013.03.03 23:06:35.033,1.04779,1.04818
2013.03.03 23:06:35.573,1.04779,1.04818
2013.03.03 23:06:44.823,1.0478,1.0482
2013.03.03 23:06:44.944,1.04781,1.04822
2013.03.03 23:06:45.063,1.04781,1.04822
2013.03.03 23:06:45.373,1.04792,1.04829
2013.03.03 23:06:45.713,1.04792,1.04829
2013.03.03 23:06:50.152,1.04788,1.04823
2013.03.03 23:06:50.273,1.04786,1.04815
2013.03.03 23:06:50.334,1.04782,1.04822
2013.03.03 23:06:50.573,1.04782,1.04824
2013.03.03 23:06:56.093,1.04782,1.04826
2013.03.03 23:06:56.273,1.04787,1.04826
2013.03.03 23:06:56.592,1.04791,1.04827
2013.03.03 23:06:57.893,1.04793,1.04823
2013.03.03 23:06:58.013,1.04788,1.04822
2013.03.03 23:06:59.413,1.04785,1.04822
2013.03.03 23:06:59.873,1.04782,1.04821
2013.03.03 23:06:59.993,1.04782,1.04821
2013.03.03 23:07:12.582,1.04782,1.04819
2013.03.03 23:07:38.876,1.04782,1.0482
2013.03.03 23:07:54.655,1.04787,1.04826
2013.03.03 23:07:54.903,1.04787,1.04828
2013.03.03 23:07:55.083,1.04791,1.04829
2013.03.03 23:07:55.325,1.04791,1.04829
2013.03.03 23:07:57.983,1.04792,1.04829
2013.03.03 23:08:01.953,1.04792,1.0483
2013.03.03 23:08:02.345,1.04792,1.0483
2013.03.03 23:08:54.761,1.04788,1.04832
2013.03.03 23:09:10.120,1.04791,1.0483
2013.03.03 23:09:10.243,1.04791,1.04834
2013.03.03 23:09:10.363,1.04792,1.04829
2013.03.03 23:09:10.543,1.04792,1.04833
2013.03.03 23:09:11.333,1.04792,1.04829
2013.03.03 23:09:16.014,1.0478,1.04823
2013.03.03 23:09:21.439,1.04781,1.04823
2013.03.03 23:09:22.128,1.04781,1.04823
2013.03.03 23:09:22.732,1.04781,1.04823
2013.03.03 23:09:23.333,1.04781,1.04826
2013.03.03 23:09:23.513,1.04792,1.04829
2013.03.03 23:09:24.094,1.04795,1.04829
2013.03.03 23:09:25.653,1.04795,1.04829
2013.03.03 23:09:38.883,1.04794,1.04833
2013.03.03 23:09:39.063,1.04794,1.04833
2013.03.03 23:09:50.443,1.04792,1.04829
2013.03.03 23:10:10.304,1.04792,1.04827
2013.03.03 23:10:22.694,1.04792,1.04826
2013.03.03 23:10:39.057,1.0479,1.04827
2013.03.03 23:10:41.875,1.04788,1.04827
2013.03.03 23:10:48.725,1.04791,1.04829
2013.03.03 23:10:50.444,1.0479,1.04827
2013.03.03 23:10:56.895,1.04792,1.04827
2013.03.03 23:10:57.314,1.04792,1.04824
2013.03.03 23:10:58.028,1.04792,1.04821
2013.03.03 23:11:24.207,1.04792,1.04824
2013.03.03 23:11:24.828,1.04792,1.04825
2013.03.03 23:11:28.816,1.04792,1.04825
2013.03.03 23:11:29.264,1.04792,1.04825
2013.03.03 23:11:35.115,1.04792,1.04824
2013.03.03 23:11:35.505,1.04792,1.04828
2013.03.03 23:11:40.614,1.04794,1.04828
2013.03.03 23:11:41.714,1.04792,1.04828
2013.03.03 23:11:41.774,1.04792,1.04828
2013.03.03 23:11:42.094,1.04792,1.04823
2013.03.03 23:11:42.475,1.04786,1.04823
2013.03.03 23:11:42.655,1.04786,1.04817
2013.03.03 23:11:43.174,1.04777,1.04814
2013.03.03 23:11:59.905,1.04777,1.04816
2013.03.03 23:12:00.745,1.04781,1.04818
2013.03.03 23:12:00.806,1.04781,1.04813
2013.03.03 23:12:03.288,1.04781,1.04813
2013.03.03 23:12:03.415,1.04785,1.04817
2013.03.03 23:12:03.482,1.04785,1.04817
2013.03.03 23:12:03.726,1.04792,1.04821
2013.03.03 23:12:03.837,1.04792,1.04821
2013.03.03 23:12:04.844,1.04792,1.04821
2013.03.03 23:12:11.628,1.04792,1.04821
2013.03.03 23:12:11.744,1.04792,1.04823
2013.03.03 23:12:20.484,1.04795,1.04827
2013.03.03 23:12:20.784,1.04792,1.04825
2013.03.03 23:12:21.100,1.04792,1.04826
2013.03.03 23:12:48.354,1.04791,1.04827
2013.03.03 23:12:48.476,1.04794,1.04829
2013.03.03 23:12:50.125,1.04794,1.04831
2013.03.03 23:13:01.067,1.04789,1.04826
2013.03.03 23:13:01.606,1.04792,1.04827
2013.03.03 23:13:03.074,1.04792,1.04826
2013.03.03 23:13:03.434,1.04792,1.04816
2013.03.03 23:13:03.614,1.04787,1.04816
2013.03.03 23:13:06.614,1.04782,1.04815
2013.03.03 23:13:06.795,1.04782,1.04811
2013.03.03 23:13:16.178,1.04774,1.04809
2013.03.03 23:13:16.704,1.0477,1.04806
2013.03.03 23:13:30.796,1.04769,1.04806
2013.03.03 23:13:31.308,1.04769,1.04806
2013.03.03 23:13:31.374,1.04769,1.04805
2013.03.03 23:13:31.614,1.04769,1.04803
2013.03.03 23:13:52.494,1.04764,1.04801
2013.03.03 23:14:01.694,1.04763,1.04797
2013.03.03 23:14:01.874,1.04762,1.04794
2013.03.03 23:14:01.994,1.04762,1.04797
2013.03.03 23:14:02.600,1.04764,1.04798
2013.03.03 23:14:09.894,1.04765,1.04802
2013.03.03 23:14:10.325,1.04765,1.04803
2013.03.03 23:14:11.825,1.04764,1.04801
2013.03.03 23:14:11.884,1.04764,1.04798
2013.03.03 23:14:12.069,1.04762,1.04798
2013.03.03 23:15:07.514,1.04767,1.04801
2013.03.03 23:15:08.036,1.04772,1.04801
2013.03.03 23:15:08.366,1.04778,1.04807
2013.03.03 23:15:16.065,1.04777,1.04806
2013.03.03 23:15:16.305,1.04782,1.04809
2013.03.03 23:15:16.545,1.04782,1.04809
2013.03.03 23:15:16.925,1.04782,1.04809
2013.03.03 23:15:20.315,1.04786,1.04809
2013.03.03 23:15:20.625,1.0478,1.04811
2013.03.03 23:15:24.375,1.0478,1.04811
2013.03.03 23:15:24.435,1.0478,1.04811
2013.03.03 23:15:31.655,1.04775,1.04807
2013.03.03 23:15:32.322,1.04773,1.04807
2013.03.03 23:15:35.815,1.04773,1.04807
2013.03.03 23:15:38.125,1.04781,1.04807
2013.03.03 23:15:41.866,1.04776,1.04805
2013.03.03 23:15:42.166,1.04774,1.048
2013.03.03 23:15:47.404,1.04767,1.04803
2013.03.03 23:15:47.464,1.04767,1.04803
2013.03.03 23:15:47.646,1.04771,1.04804
2013.03.03 23:15:47.706,1.04771,1.04808
2013.03.03 23:15:47.826,1.04777,1.04811
2013.03.03 23:15:47.946,1.0478,1.04816
2013.03.03 23:15:48.065,1.04784,1.04819
2013.03.03 23:15:48.125,1.04786,1.04821
2013.03.03 23:15:48.266,1.04786,1.04823
2013.03.03 23:15:48.605,1.04786,1.04821
2013.03.03 23:15:48.689,1.04786,1.04823
2013.03.03 23:15:49.806,1.04784,1.04821
2013.03.03 23:15:49.865,1.04782,1.04804
2013.03.03 23:15:49.987,1.04777,1.04806
2013.03.03 23:15:50.047,1.04775,1.04805
2013.03.03 23:15:50.166,1.04769,1.04804
2013.03.03 23:15:50.345,1.04774,1.04805
2013.03.03 23:15:50.466,1.04779,1.04815
2013.03.03 23:15:50.526,1.04779,1.04816
2013.03.03 23:15:50.599,1.04779,1.04813
2013.03.03 23:15:50.666,1.04776,1.04808
2013.03.03 23:15:50.726,1.04776,1.04804
2013.03.03 23:15:51.036,1.04783,1.04804
2013.03.03 23:15:51.215,1.04785,1.04814
2013.03.03 23:15:51.337,1.04783,1.04804
2013.03.03 23:15:51.405,1.04781,1.04807
2013.03.03 23:15:51.465,1.04774,1.04807
2013.03.03 23:15:53.304,1.04772,1.04807
2013.03.03 23:15:53.545,1.04777,1.04813
2013.03.03 23:15:53.666,1.04781,1.04806
2013.03.03 23:15:53.786,1.04775,1.04804
2013.03.03 23:15:53.845,1.04775,1.04804
2013.03.03 23:15:55.835,1.04771,1.04804
2013.03.03 23:15:56.196,1.04772,1.04807
2013.03.03 23:15:56.315,1.04777,1.04812
2013.03.03 23:15:56.436,1.04776,1.04811
2013.03.03 23:15:56.795,1.04777,1.0481
2013.03.03 23:15:56.916,1.04777,1.04816
2013.03.03 23:15:57.035,1.04782,1.04819
2013.03.03 23:15:57.235,1.04782,1.04819
2013.03.03 23:15:57.545,1.0478,1.04813
2013.03.03 23:16:00.345,1.04778,1.04813
2013.03.03 23:16:00.647,1.0478,1.04813
2013.03.03 23:16:00.885,1.04786,1.04818
2013.03.03 23:16:01.086,1.04786,1.0482
2013.03.03 23:16:03.905,1.04786,1.04818
2013.03.03 23:16:03.965,1.04786,1.04818
2013.03.03 23:16:04.145,1.04786,1.04814
2013.03.03 23:16:04.205,1.04786,1.04816
2013.03.03 23:16:04.386,1.04786,1.04816
2013.03.03 23:16:04.519,1.04786,1.04814
2013.03.03 23:16:04.645,1.04782,1.04816
2013.03.03 23:16:04.705,1.04782,1.04819
2013.03.03 23:16:04.834,1.04785,1.04817
2013.03.03 23:16:04.956,1.04785,1.04813
2013.03.03 23:16:05.195,1.04782,1.04819
2013.03.03 23:16:05.555,1.04782,1.04813
2013.03.03 23:16:05.915,1.04786,1.04813
2013.03.03 23:16:05.976,1.04782,1.04813
2013.03.03 23:16:06.229,1.04782,1.04819
2013.03.03 23:16:06.416,1.04786,1.04814
2013.03.03 23:16:06.595,1.04782,1.04817
2013.03.03 23:16:06.715,1.04782,1.04819
2013.03.03 23:16:06.836,1.04785,1.04817
2013.03.03 23:16:06.956,1.04782,1.04813
2013.03.03 23:16:07.135,1.04782,1.04816
2013.03.03 23:16:07.256,1.04782,1.04819
2013.03.03 23:16:07.392,1.04786,1.04816
2013.03.03 23:16:07.576,1.04782,1.04816
2013.03.03 23:16:07.935,1.04786,1.04819
2013.03.03 23:16:09.396,1.04786,1.0482
2013.03.03 23:16:10.305,1.04786,1.0482
2013.03.03 23:16:10.728,1.0479,1.04823
2013.03.03 23:16:19.026,1.04791,1.04823
2013.03.03 23:16:22.221,1.0479,1.04824
2013.03.03 23:16:24.636,1.04791,1.04823
2013.03.03 23:16:25.963,1.0479,1.04823
2013.03.03 23:16:31.236,1.0479,1.04823
2013.03.03 23:16:31.555,1.04787,1.04814
2013.03.03 23:16:31.615,1.04786,1.04814
2013.03.03 23:16:31.876,1.04786,1.04817
2013.03.03 23:16:31.996,1.04786,1.04818
2013.03.03 23:16:32.115,1.04786,1.04818
2013.03.03 23:16:32.235,1.04785,1.04816
2013.03.03 23:16:32.355,1.04782,1.04816
2013.03.03 23:16:32.655,1.04784,1.04821
2013.03.03 23:16:33.275,1.04784,1.04821
2013.03.03 23:16:33.685,1.04784,1.04821
2013.03.03 23:16:35.615,1.04784,1.04821
2013.03.03 23:16:39.581,1.04784,1.04821
2013.03.03 23:16:39.976,1.04784,1.04819
2013.03.03 23:16:42.676,1.04784,1.04821
2013.03.03 23:16:45.666,1.04782,1.04807
2013.03.03 23:16:45.786,1.04775,1.04807
2013.03.03 23:16:45.846,1.04775,1.04807
2013.03.03 23:16:46.087,1.0478,1.04813
2013.03.03 23:16:46.206,1.0478,1.04812
2013.03.03 23:16:46.327,1.0478,1.04812
2013.03.03 23:16:48.535,1.04782,1.04819
2013.03.03 23:16:48.595,1.04782,1.0482
2013.03.03 23:16:49.638,1.04782,1.04819
2013.03.03 23:16:49.815,1.04781,1.04815
2013.03.03 23:16:50.056,1.04783,1.04818
2013.03.03 23:16:50.127,1.04783,1.04818
2013.03.03 23:16:50.365,1.04788,1.04822
2013.03.03 23:17:10.485,1.0479,1.04823
2013.03.03 23:17:30.407,1.0479,1.04821
2013.03.03 23:17:31.092,1.04787,1.0482
2013.03.03 23:17:50.146,1.04786,1.0482
2013.03.03 23:17:51.321,1.04786,1.0482
2013.03.03 23:17:55.292,1.04788,1.04818
2013.03.03 23:17:55.595,1.04788,1.04818
2013.03.03 23:17:55.775,1.04791,1.04824
2013.03.03 23:17:56.380,1.04791,1.04824
2013.03.03 23:17:58.354,1.04791,1.04824
2013.03.03 23:17:58.415,1.04791,1.04822
2013.03.03 23:18:15.883,1.04787,1.04818
2013.03.03 23:18:15.946,1.04785,1.04816
2013.03.03 23:18:16.005,1.04785,1.04816
2013.03.03 23:18:16.326,1.04792,1.04821
2013.03.03 23:18:16.616,1.04792,1.04821
2013.03.03 23:18:21.415,1.04791,1.04818
2013.03.03 23:18:21.716,1.04786,1.04818
2013.03.03 23:18:21.835,1.04792,1.04824
2013.03.03 23:18:24.337,1.04792,1.04825
2013.03.03 23:18:24.456,1.04792,1.04825
2013.03.03 23:18:29.066,1.04792,1.04823
2013.03.03 23:18:29.706,1.04792,1.04823
2013.03.03 23:18:30.656,1.04797,1.04825
2013.03.03 23:18:30.716,1.04797,1.04828
2013.03.03 23:18:30.835,1.04797,1.04829
2013.03.03 23:18:31.686,1.04802,1.04829
2013.03.03 23:18:32.045,1.04811,1.04843
2013.03.03 23:18:32.166,1.04811,1.04843
2013.03.03 23:18:32.285,1.04811,1.0484
2013.03.03 23:18:32.832,1.0481,1.0484
2013.03.03 23:18:33.026,1.04804,1.04835
2013.03.03 23:18:33.165,1.04806,1.04838
2013.03.03 23:18:33.881,1.04806,1.04838
2013.03.03 23:18:48.135,1.04806,1.04838
2013.03.03 23:18:52.051,1.04803,1.04835
2013.03.03 23:18:53.326,1.04802,1.04832
2013.03.03 23:18:53.833,1.04802,1.04832
2013.03.03 23:18:59.145,1.04799,1.04832
2013.03.03 23:18:59.326,1.04798,1.04827
2013.03.03 23:18:59.855,1.04796,1.04827
2013.03.03 23:19:01.146,1.04796,1.04827
2013.03.03 23:19:10.235,1.04792,1.04822
2013.03.03 23:19:20.166,1.04793,1.04824
2013.03.03 23:19:20.710,1.04793,1.04824
2013.03.03 23:19:30.427,1.04793,1.04824
2013.03.03 23:19:40.056,1.04793,1.04824
2013.03.03 23:19:40.246,1.04793,1.04824
2013.03.03 23:19:51.186,1.04792,1.04823
2013.03.03 23:19:54.131,1.04789,1.04822
2013.03.03 23:19:54.375,1.04795,1.04824
2013.03.03 23:19:54.892,1.04795,1.04827
2013.03.03 23:19:56.126,1.04795,1.04824
2013.03.03 23:19:56.625,1.04795,1.04826
2013.03.03 23:19:58.345,1.04793,1.04825
2013.03.03 23:19:59.486,1.04793,1.04825
2013.03.03 23:20:26.855,1.04798,1.04828
2013.03.03 23:20:27.350,1.04798,1.0483
2013.03.03 23:20:27.831,1.04798,1.0483
2013.03.03 23:20:33.347,1.04798,1.0483
2013.03.03 23:20:34.287,1.04805,1.04833
2013.03.03 23:20:34.528,1.04803,1.04833
2013.03.03 23:20:35.047,1.04798,1.0483
2013.03.03 23:20:39.085,1.04798,1.0483
2013.03.03 23:20:41.142,1.04805,1.0483
2013.03.03 23:20:41.386,1.04798,1.0483
2013.03.03 23:20:43.896,1.04798,1.0483
2013.03.03 23:20:55.286,1.04803,1.04833
2013.03.03 23:20:59.806,1.04807,1.04837
2013.03.03 23:20:59.866,1.04807,1.04837
2013.03.03 23:20:59.927,1.04807,1.04839
2013.03.03 23:21:10.295,1.04812,1.04843
2013.03.03 23:21:26.071,1.04812,1.04843
2013.03.03 23:21:26.259,1.04815,1.04847
2013.03.03 23:21:26.485,1.04815,1.04847
2013.03.03 23:21:29.599,1.04815,1.04844
2013.03.03 23:21:33.366,1.04819,1.04846
2013.03.03 23:21:33.426,1.04819,1.04847
2013.03.03 23:21:33.546,1.04824,1.0485
2013.03.03 23:21:33.605,1.04814,1.04838
2013.03.03 23:21:33.666,1.04811,1.04838
2013.03.03 23:21:33.726,1.04817,1.04839
2013.03.03 23:21:33.847,1.04811,1.0484
2013.03.03 23:21:33.907,1.04813,1.0484
2013.03.03 23:21:33.966,1.04819,1.04845
2013.03.03 23:21:34.086,1.04823,1.04845
2013.03.03 23:21:34.386,1.0482,1.04849
2013.03.03 23:21:34.566,1.04825,1.04854
2013.03.03 23:21:34.906,1.04825,1.04854
2013.03.03 23:21:43.626,1.04825,1.04853
2013.03.03 23:21:45.156,1.04819,1.04852
2013.03.03 23:21:45.217,1.04824,1.04856
2013.03.03 23:21:52.106,1.04824,1.04856
2013.03.03 23:21:52.407,1.04831,1.04856
2013.03.03 23:21:52.946,1.0482,1.04851
2013.03.03 23:21:58.110,1.0482,1.04851
2013.03.03 23:21:58.356,1.0482,1.04849
2013.03.03 23:21:58.841,1.04814,1.04844
2013.03.03 23:22:00.445,1.04812,1.0484
2013.03.03 23:22:01.170,1.04812,1.0484
2013.03.03 23:22:04.107,1.04812,1.0484
2013.03.03 23:22:09.167,1.04819,1.04846
2013.03.03 23:22:09.286,1.04818,1.04847
2013.03.03 23:22:09.892,1.04821,1.0485
2013.03.03 23:22:10.716,1.04821,1.0485
2013.03.03 23:22:10.775,1.04818,1.04846
2013.03.03 23:22:10.836,1.04817,1.04844
2013.03.03 23:22:11.398,1.04813,1.04844
2013.03.03 23:22:12.218,1.04813,1.04844
2013.03.03 23:22:14.937,1.04813,1.04844
2013.03.03 23:22:15.116,1.04809,1.0484
2013.03.03 23:22:17.135,1.04809,1.04838
2013.03.03 23:22:17.197,1.04807,1.04838
2013.03.03 23:22:17.316,1.04807,1.04838
2013.03.03 23:22:17.866,1.04806,1.04834
2013.03.03 23:22:17.986,1.04806,1.04833
2013.03.03 23:22:18.297,1.04801,1.04831
2013.03.03 23:22:18.666,1.04797,1.04829
2013.03.03 23:22:18.726,1.04797,1.04829
2013.03.03 23:22:20.006,1.04802,1.04833
2013.03.03 23:22:20.361,1.04802,1.04831
2013.03.03 23:22:20.426,1.04798,1.04824
2013.03.03 23:22:20.606,1.04793,1.04825
2013.03.03 23:22:20.727,1.04795,1.04828
2013.03.03 23:22:20.786,1.04797,1.0483
2013.03.03 23:22:20.846,1.04797,1.0483
2013.03.03 23:22:21.206,1.04802,1.04834
2013.03.03 23:22:21.265,1.04802,1.04835
2013.03.03 23:22:29.204,1.04807,1.04839
2013.03.03 23:22:32.127,1.04807,1.04839
2013.03.03 23:22:32.186,1.04807,1.04838
2013.03.03 23:22:32.816,1.04803,1.04834
2013.03.03 23:22:33.365,1.04803,1.04834
2013.03.03 23:22:41.086,1.04806,1.04836
2013.03.03 23:22:41.268,1.04808,1.04839
2013.03.03 23:22:41.506,1.04813,1.04844
2013.03.03 23:22:41.627,1.04813,1.04844
2013.03.03 23:22:41.688,1.04813,1.04844
2013.03.03 23:22:41.866,1.04815,1.04844
2013.03.03 23:22:42.225,1.04812,1.04837
2013.03.03 23:22:42.286,1.04812,1.04841
2013.03.03 23:22:42.406,1.04812,1.04843
2013.03.03 23:22:42.465,1.04812,1.04843
2013.03.03 23:22:54.489,1.04807,1.0484
2013.03.03 23:22:56.912,1.04807,1.0484
2013.03.03 23:23:04.379,1.04807,1.04838
2013.03.03 23:23:04.736,1.04807,1.04838
2013.03.03 23:23:26.353,1.04808,1.0484
2013.03.03 23:23:37.038,1.04808,1.04841
2013.03.03 23:23:37.560,1.04812,1.04841
2013.03.03 23:23:43.347,1.04816,1.04841
2013.03.03 23:23:43.586,1.04816,1.04844
2013.03.03 23:23:45.345,1.04816,1.04845
2013.03.03 23:23:45.844,1.04816,1.04846
2013.03.03 23:23:50.375,1.04822,1.0485
2013.03.03 23:23:50.705,1.04822,1.04854
2013.03.03 23:23:50.765,1.04822,1.04854
2013.03.03 23:23:51.045,1.04822,1.04853
2013.03.03 23:23:54.106,1.04829,1.04853
2013.03.03 23:23:54.237,1.04829,1.04858
2013.03.03 23:23:56.126,1.04829,1.04861
2013.03.03 23:23:56.426,1.04833,1.04863
2013.03.03 23:23:56.807,1.04838,1.04865
2013.03.03 23:24:00.606,1.04833,1.04863
2013.03.03 23:24:00.666,1.04833,1.04863
2013.03.03 23:24:01.074,1.04829,1.0486
2013.03.03 23:25:00.853,1.04831,1.04865
2013.03.03 23:25:11.046,1.04829,1.04864
2013.03.03 23:25:14.445,1.04832,1.04863
2013.03.03 23:25:27.627,1.04828,1.04859
2013.03.03 23:25:27.686,1.04828,1.04859
2013.03.03 23:25:28.436,1.04826,1.04855
2013.03.03 23:25:35.106,1.04826,1.04854
2013.03.03 23:25:35.240,1.04826,1.04854
2013.03.03 23:25:41.378,1.04818,1.04849
2013.03.03 23:25:41.436,1.04818,1.04849
2013.03.03 23:25:49.666,1.04811,1.04836
2013.03.03 23:25:49.846,1.04808,1.04839
2013.03.03 23:25:50.086,1.04807,1.04837
2013.03.03 23:25:50.206,1.04807,1.04838
2013.03.03 23:25:50.507,1.04807,1.04838
2013.03.03 23:25:50.687,1.04807,1.04838
2013.03.03 23:25:51.457,1.04812,1.04842
2013.03.03 23:25:53.037,1.04812,1.04841
2013.03.03 23:25:53.301,1.04812,1.04841
2013.03.03 23:25:55.616,1.04812,1.04841
2013.03.03 23:25:55.747,1.04812,1.04843
2013.03.03 23:26:03.097,1.04812,1.04841
2013.03.03 23:26:03.297,1.04812,1.04839
2013.03.03 23:26:20.178,1.04809,1.0484
2013.03.03 23:26:35.410,1.04811,1.04843
2013.03.03 23:27:11.506,1.04819,1.0485
2013.03.03 23:27:11.715,1.04815,1.04847
2013.03.03 23:27:20.199,1.04814,1.04848
2013.03.03 23:27:32.957,1.04814,1.04847
2013.03.03 23:27:33.018,1.04812,1.0484
2013.03.03 23:27:33.077,1.04812,1.0484
2013.03.03 23:27:33.596,1.04811,1.0484
2013.03.03 23:27:34.345,1.04811,1.0484
2013.03.03 23:27:34.548,1.04811,1.04841
2013.03.03 23:27:35.596,1.04808,1.04841
2013.03.03 23:27:35.716,1.04808,1.04841
2013.03.03 23:27:36.018,1.04811,1.04841
2013.03.03 23:27:40.717,1.04811,1.04841
2013.03.03 23:27:41.007,1.04813,1.04844
2013.03.03 23:27:50.416,1.04815,1.04844
2013.03.03 23:28:04.737,1.04816,1.04844
2013.03.03 23:28:05.246,1.04814,1.04844
2013.03.03 23:28:09.966,1.0481,1.04844
2013.03.03 23:28:21.846,1.04811,1.04844
2013.03.03 23:28:23.637,1.0481,1.04844
2013.03.03 23:28:29.846,1.04811,1.04844
2013.03.03 23:28:32.863,1.04813,1.04844
2013.03.03 23:28:33.046,1.04813,1.04846
2013.03.03 23:28:33.177,1.04813,1.04846
2013.03.03 23:28:44.116,1.04817,1.04849
2013.03.03 23:28:44.296,1.04817,1.04849
2013.03.03 23:28:48.846,1.04815,1.04849
2013.03.03 23:28:49.038,1.04815,1.04845
2013.03.03 23:28:49.397,1.04815,1.04843
2013.03.03 23:28:50.526,1.04813,1.04843
2013.03.03 23:28:50.586,1.04812,1.04843
2013.03.03 23:28:53.106,1.04813,1.04844
2013.03.03 23:28:53.286,1.04813,1.04846
2013.03.03 23:29:00.548,1.04816,1.04848
2013.03.03 23:29:08.188,1.04808,1.04837
2013.03.03 23:29:08.257,1.04808,1.04835
2013.03.03 23:29:08.450,1.04806,1.04835
2013.03.03 23:29:08.827,1.04807,1.04836
2013.03.03 23:29:08.946,1.04807,1.04837
2013.03.03 23:29:09.067,1.04809,1.04842
2013.03.03 23:29:09.127,1.04809,1.04842
2013.03.03 23:29:09.837,1.04817,1.04848
2013.03.03 23:29:09.896,1.04817,1.04848
2013.03.03 23:29:10.136,1.0482,1.04849
2013.03.03 23:29:10.257,1.0482,1.04849
2013.03.03 23:29:11.606,1.0482,1.04849
2013.03.03 23:29:11.787,1.0482,1.04853
2013.03.03 23:29:14.206,1.0482,1.04853
2013.03.03 23:29:14.756,1.04824,1.04854
2013.03.03 23:29:15.116,1.04821,1.04853
2013.03.03 23:29:16.793,1.04822,1.04857
2013.03.03 23:29:17.106,1.04825,1.04856
2013.03.03 23:29:17.289,1.04819,1.04852
2013.03.03 23:29:17.467,1.04822,1.04855
2013.03.03 23:29:17.769,1.04824,1.04857
2013.03.03 23:29:19.664,1.04824,1.04858
2013.03.03 23:29:22.138,1.04825,1.04858
2013.03.03 23:29:22.196,1.04825,1.04858
2013.03.03 23:29:22.257,1.04829,1.04861
2013.03.03 23:29:22.883,1.0483,1.04862
2013.03.03 23:29:23.007,1.0483,1.04862
2013.03.03 23:29:30.527,1.04835,1.04865
2013.03.03 23:29:50.279,1.04832,1.04868
2013.03.03 23:29:55.065,1.04831,1.04869
2013.03.03 23:30:01.876,1.04831,1.04869
2013.03.03 23:30:01.996,1.04831,1.0487
2013.03.03 23:30:04.302,1.04832,1.04869
2013.03.03 23:30:04.547,1.04834,1.0487
2013.03.03 23:30:10.518,1.0484,1.04871
2013.03.03 23:30:14.517,1.04841,1.04871
2013.03.03 23:30:14.951,1.0484,1.04871
2013.03.03 23:30:30.046,1.04841,1.04873
2013.03.03 23:30:30.167,1.0484,1.04871
2013.03.03 23:30:30.347,1.04834,1.04868
2013.03.03 23:30:30.407,1.04835,1.04867
2013.03.03 23:30:30.467,1.04835,1.04868
2013.03.03 23:30:31.129,1.04832,1.04866
2013.03.03 23:30:31.202,1.04832,1.04862
2013.03.03 23:30:31.757,1.04829,1.0486
2013.03.03 23:30:32.086,1.04826,1.04859
2013.03.03 23:30:33.476,1.04828,1.04861
2013.03.03 23:30:33.536,1.04831,1.04867
2013.03.03 23:30:43.387,1.04832,1.04864
2013.03.03 23:30:43.448,1.04829,1.04861
2013.03.03 23:30:43.572,1.04826,1.04859
2013.03.03 23:30:43.816,1.04826,1.04858
2013.03.03 23:30:53.016,1.04832,1.04859
2013.03.03 23:31:01.948,1.04832,1.04855
2013.03.03 23:31:02.008,1.04827,1.04855
2013.03.03 23:31:03.378,1.04824,1.04854
2013.03.03 23:31:03.438,1.04821,1.04854
2013.03.03 23:31:04.837,1.04821,1.04853
2013.03.03 23:31:05.025,1.04821,1.04845
2013.03.03 23:31:16.167,1.04822,1.04849
2013.03.03 23:31:16.468,1.04821,1.04848
2013.03.03 23:31:17.477,1.04819,1.04845
2013.03.03 23:31:17.537,1.04817,1.04845
2013.03.03 23:31:20.977,1.04817,1.04839
2013.03.03 23:31:21.537,1.04811,1.04834
2013.03.03 23:31:41.429,1.04808,1.04834
2013.03.03 23:31:41.488,1.04806,1.04834
2013.03.03 23:32:02.412,1.04808,1.04834
2013.03.03 23:32:03.687,1.04808,1.04839
2013.03.03 23:32:18.727,1.04808,1.04834
2013.03.03 23:32:21.147,1.04808,1.04829
2013.03.03 23:32:21.327,1.04804,1.04829
2013.03.03 23:32:22.688,1.04804,1.04829
2013.03.03 23:32:30.269,1.04802,1.04829
2013.03.03 23:32:41.507,1.048,1.04829
2013.03.03 23:33:00.966,1.04797,1.04829
2013.03.03 23:33:01.026,1.04796,1.04829
2013.03.03 23:33:04.320,1.04797,1.04829
2013.03.03 23:33:04.517,1.04799,1.04829
2013.03.03 23:33:24.646,1.04798,1.0483
2013.03.03 23:33:24.766,1.04798,1.04829
2013.03.03 23:33:29.167,1.048,1.04829
2013.03.03 23:33:29.286,1.048,1.04829
2013.03.03 23:33:46.087,1.04797,1.0483
2013.03.03 23:33:46.695,1.04793,1.04825
2013.03.03 23:33:49.858,1.04791,1.04825
2013.03.03 23:33:49.927,1.04791,1.04825
2013.03.03 23:33:49.987,1.0479,1.04822
2013.03.03 23:33:50.396,1.04787,1.04819
2013.03.03 23:33:50.712,1.04787,1.04819
2013.03.03 23:33:52.537,1.04783,1.04814
2013.03.03 23:34:12.750,1.04787,1.04817
2013.03.03 23:34:33.427,1.04785,1.04814
2013.03.03 23:34:38.648,1.04783,1.04814
2013.03.03 23:34:38.952,1.04783,1.0481
2013.03.03 23:34:44.537,1.04779,1.04808
2013.03.03 23:34:51.657,1.04779,1.04808
2013.03.03 23:34:53.897,1.04784,1.04814
2013.03.03 23:34:54.018,1.04784,1.04814
2013.03.03 23:35:01.857,1.04782,1.04813
2013.03.03 23:35:01.977,1.04781,1.04808
2013.03.03 23:35:02.137,1.0478,1.04809
2013.03.03 23:35:02.327,1.04785,1.04814
2013.03.03 23:35:02.387,1.04783,1.04814
2013.03.03 23:35:02.447,1.04783,1.04815
2013.03.03 23:35:03.107,1.04782,1.0481
2013.03.03 23:35:03.614,1.0478,1.0481
2013.03.03 23:35:03.888,1.04778,1.0481
2013.03.03 23:35:04.008,1.04778,1.0481
2013.03.03 23:35:05.127,1.0478,1.0481
2013.03.03 23:35:05.307,1.0478,1.0481
2013.03.03 23:35:30.117,1.04777,1.04809
2013.03.03 23:35:30.297,1.04774,1.04803
2013.03.03 23:35:30.356,1.04774,1.04806
2013.03.03 23:35:30.538,1.04774,1.04806
2013.03.03 23:35:30.597,1.04777,1.04808
2013.03.03 23:35:41.258,1.04777,1.04809
2013.03.03 23:36:00.918,1.04782,1.04809
2013.03.03 23:36:02.544,1.04781,1.04809
2013.03.03 23:36:16.938,1.04782,1.04809
2013.03.03 23:36:17.927,1.04779,1.04809
2013.03.03 23:36:20.608,1.04779,1.0481
2013.03.03 23:36:20.669,1.04779,1.04812
2013.03.03 23:36:21.596,1.04782,1.04815
2013.03.03 23:36:21.657,1.04782,1.04808
2013.03.03 23:36:22.807,1.04783,1.04815
2013.03.03 23:36:22.988,1.04783,1.04816
2013.03.03 23:37:00.998,1.04786,1.04817
2013.03.03 23:37:26.367,1.04781,1.04815
2013.03.03 23:37:27.196,1.04782,1.04814
2013.03.03 23:37:41.257,1.04781,1.04814
2013.03.03 23:38:06.582,1.04781,1.04815
2013.03.03 23:38:23.067,1.04778,1.0481
2013.03.03 23:38:23.187,1.04778,1.0481
2013.03.03 23:38:23.497,1.04778,1.04809
2013.03.03 23:38:42.137,1.04778,1.0481
2013.03.03 23:38:42.257,1.04778,1.0481
2013.03.03 23:38:50.583,1.04781,1.04812
2013.03.03 23:38:50.707,1.04781,1.04809
2013.03.03 23:39:50.852,1.0478,1.04813
2013.03.03 23:39:55.093,1.04781,1.04813
2013.03.03 23:39:55.221,1.04781,1.04814
2013.03.03 23:40:46.447,1.04786,1.04815
2013.03.03 23:40:50.187,1.04788,1.04817
2013.03.03 23:40:50.247,1.04788,1.04818
2013.03.03 23:40:59.293,1.04792,1.04821
2013.03.03 23:40:59.478,1.04792,1.04823
2013.03.03 23:41:06.718,1.04792,1.04819
2013.03.03 23:42:06.693,1.04788,1.0482
2013.03.03 23:42:16.728,1.04788,1.04815
2013.03.03 23:42:19.637,1.04785,1.04814
2013.03.03 23:42:19.698,1.04785,1.04809
2013.03.03 23:42:22.628,1.04776,1.04806
2013.03.03 23:42:22.688,1.04776,1.04805
2013.03.03 23:42:42.237,1.04774,1.04804
2013.03.03 23:42:54.887,1.04774,1.04805
2013.03.03 23:42:55.008,1.04774,1.04806
2013.03.03 23:43:13.209,1.04776,1.04805
2013.03.03 23:43:13.328,1.04776,1.04804
2013.03.03 23:44:13.211,1.04773,1.04804
2013.03.03 23:44:26.439,1.04772,1.04804
2013.03.03 23:44:27.021,1.0477,1.04804
2013.03.03 23:44:33.407,1.04772,1.04802
2013.03.03 23:44:33.757,1.04772,1.04799
2013.03.03 23:44:43.198,1.04767,1.04798
2013.03.03 23:44:43.317,1.04767,1.04794
2013.03.03 23:44:43.642,1.04767,1.04798
2013.03.03 23:45:12.179,1.04767,1.04798
2013.03.03 23:45:12.238,1.04767,1.04793
2013.03.03 23:45:39.117,1.04762,1.04792
2013.03.03 23:45:39.298,1.0476,1.04789
2013.03.03 23:45:50.307,1.04759,1.04787
2013.03.03 23:45:50.428,1.04759,1.04785
2013.03.03 23:45:50.857,1.04759,1.04787
2013.03.03 23:45:50.978,1.04756,1.04784
2013.03.03 23:45:51.038,1.04756,1.04784
2013.03.03 23:45:51.098,1.04757,1.04786
2013.03.03 23:45:51.218,1.04757,1.04787
2013.03.03 23:45:56.138,1.04757,1.04784
2013.03.03 23:45:56.868,1.04755,1.04784
2013.03.03 23:45:57.048,1.04754,1.04778
2013.03.03 23:45:57.618,1.04752,1.04778
2013.03.03 23:45:58.540,1.04752,1.04778
2013.03.03 23:46:00.908,1.04751,1.04778
2013.03.03 23:46:07.617,1.04751,1.0478
2013.03.03 23:46:07.678,1.04754,1.04782
2013.03.03 23:46:08.368,1.04756,1.04785
2013.03.03 23:46:08.488,1.0476,1.04788
2013.03.03 23:46:17.689,1.04755,1.04787
2013.03.03 23:46:17.931,1.04755,1.04777
2013.03.03 23:46:24.448,1.04751,1.04777
2013.03.03 23:46:25.887,1.04752,1.04779
2013.03.03 23:46:25.949,1.04752,1.04783
2013.03.03 23:46:57.792,1.04751,1.0478
2013.03.03 23:46:57.875,1.04751,1.04782
2013.03.03 23:46:58.259,1.04753,1.04779
2013.03.03 23:47:02.418,1.04753,1.04772
2013.03.03 23:47:02.477,1.0475,1.04772
2013.03.03 23:47:02.538,1.04748,1.04772
2013.03.03 23:47:09.938,1.0475,1.04775
2013.03.03 23:47:10.044,1.0475,1.04778
2013.03.03 23:47:22.778,1.04752,1.04779
2013.03.03 23:47:24.068,1.04746,1.04777
2013.03.03 23:47:24.308,1.04746,1.04775
2013.03.03 23:47:24.548,1.04743,1.04774
2013.03.03 23:47:33.098,1.04742,1.04774
2013.03.03 23:47:33.278,1.04742,1.04768
2013.03.03 23:47:34.034,1.04742,1.04768
2013.03.03 23:47:35.378,1.04742,1.04772
2013.03.03 23:47:40.550,1.04742,1.04771
2013.03.03 23:47:40.779,1.04742,1.04769
2013.03.03 23:48:00.898,1.04741,1.04769
2013.03.03 23:48:01.240,1.04741,1.04762
2013.03.03 23:48:01.709,1.04742,1.04768
2013.03.03 23:48:02.228,1.04742,1.0477
2013.03.03 23:48:04.170,1.04741,1.0477
2013.03.03 23:48:04.522,1.04741,1.04763
2013.03.03 23:48:09.078,1.04739,1.04763
2013.03.03 23:48:10.968,1.04734,1.04758
2013.03.03 23:48:11.512,1.04734,1.04758
2013.03.03 23:48:36.771,1.04734,1.04758
2013.03.03 23:48:50.779,1.04736,1.04764
2013.03.03 23:48:51.284,1.04736,1.04764
2013.03.03 23:48:52.709,1.04737,1.04764
2013.03.03 23:48:56.094,1.04737,1.04764
2013.03.03 23:48:56.159,1.04737,1.04758
2013.03.03 23:48:56.696,1.04737,1.04758
2013.03.03 23:49:53.478,1.04737,1.04763
2013.03.03 23:49:53.838,1.0474,1.04767
2013.03.03 23:49:53.898,1.0474,1.04768
2013.03.03 23:50:14.446,1.04747,1.04772
2013.03.03 23:50:17.258,1.04752,1.04778
2013.03.03 23:50:17.458,1.04754,1.04779
2013.03.03 23:50:18.396,1.04757,1.04781
2013.03.03 23:50:18.456,1.04757,1.04783
2013.03.03 23:50:21.562,1.04754,1.04781
2013.03.03 23:50:21.867,1.04751,1.04776
2013.03.03 23:50:21.986,1.04751,1.04773
2013.03.03 23:50:29.007,1.04748,1.04772
2013.03.03 23:50:29.090,1.04746,1.04772
2013.03.03 23:50:32.867,1.04748,1.04773
2013.03.03 23:50:32.928,1.04748,1.04775
2013.03.03 23:50:34.636,1.04752,1.04778
2013.03.03 23:50:35.636,1.04753,1.04779
2013.03.03 23:50:36.827,1.04756,1.04783
2013.03.03 23:50:36.886,1.04756,1.04779
2013.03.03 23:50:37.066,1.04752,1.04778
2013.03.03 23:50:37.616,1.04753,1.04779
2013.03.03 23:50:37.676,1.04753,1.0478
2013.03.03 23:50:45.596,1.04756,1.04781
2013.03.03 23:50:45.657,1.04751,1.04777
2013.03.03 23:50:45.957,1.04751,1.04773
2013.03.03 23:50:46.218,1.04748,1.04772
2013.03.03 23:50:46.837,1.04747,1.04772
2013.03.03 23:51:06.556,1.04748,1.04773
2013.03.03 23:51:24.636,1.04746,1.0477
2013.03.03 23:51:25.557,1.04743,1.0477
2013.03.03 23:51:25.737,1.0474,1.04766
2013.03.03 23:51:26.097,1.04738,1.04762
2013.03.03 23:51:26.736,1.0474,1.04766
2013.03.03 23:51:29.060,1.04738,1.04763
2013.03.03 23:51:29.177,1.04738,1.04763
2013.03.03 23:51:39.736,1.04738,1.04759
2013.03.03 23:51:40.343,1.04738,1.04759
2013.03.03 23:51:40.467,1.04738,1.04759
2013.03.03 23:51:40.906,1.04736,1.04759
2013.03.03 23:51:44.861,1.04736,1.04759
2013.03.03 23:51:45.186,1.04736,1.04754
2013.03.03 23:51:45.247,1.04736,1.04758
2013.03.03 23:51:49.956,1.04731,1.04754
2013.03.03 23:51:50.016,1.04728,1.04754
2013.03.03 23:51:50.267,1.04728,1.04753
2013.03.03 23:51:52.559,1.04731,1.04755
2013.03.03 23:51:52.887,1.0474,1.04764
2013.03.03 23:51:52.947,1.04738,1.04764
2013.03.03 23:51:53.007,1.04738,1.04758
2013.03.03 23:51:53.247,1.04738,1.04762
2013.03.03 23:51:57.284,1.04738,1.04758
2013.03.03 23:52:00.417,1.04734,1.04758
2013.03.03 23:52:03.706,1.04732,1.04758
2013.03.03 23:52:03.826,1.0473,1.04758
2013.03.03 23:52:19.927,1.04734,1.04758
2013.03.03 23:52:26.247,1.04732,1.04758
2013.03.03 23:52:29.646,1.04731,1.04758
2013.03.03 23:52:30.496,1.04731,1.04758
2013.03.03 23:52:31.436,1.04728,1.04755
2013.03.03 23:52:31.856,1.04731,1.04757
2013.03.03 23:52:31.916,1.04734,1.04758
2013.03.03 23:52:38.336,1.04734,1.04761
2013.03.03 23:52:38.398,1.04734,1.04759
2013.03.03 23:52:39.357,1.04732,1.04755
2013.03.03 23:52:39.418,1.0473,1.04755
2013.03.03 23:52:40.706,1.04727,1.04752
2013.03.03 23:52:41.167,1.0473,1.04754
2013.03.03 23:52:41.728,1.0473,1.04754
2013.03.03 23:52:42.588,1.0473,1.04754
2013.03.03 23:52:47.624,1.04727,1.04754
2013.03.03 23:52:47.867,1.04723,1.04748
2013.03.03 23:52:47.927,1.04723,1.04748
2013.03.03 23:52:48.227,1.04721,1.04747
2013.03.03 23:52:52.366,1.04716,1.04744
2013.03.03 23:52:52.546,1.04716,1.04741
2013.03.03 23:52:56.016,1.04716,1.04739
2013.03.03 23:52:56.276,1.04716,1.04741
2013.03.03 23:53:14.506,1.04717,1.04739
2013.03.03 23:53:14.846,1.04713,1.04739
2013.03.03 23:53:14.908,1.04711,1.04739
2013.03.03 23:53:15.399,1.04713,1.04739
2013.03.03 23:53:15.576,1.04712,1.04739
2013.03.03 23:53:15.837,1.04712,1.04738
2013.03.03 23:53:19.676,1.04711,1.04732
2013.03.03 23:53:19.797,1.04709,1.04732
2013.03.03 23:53:20.058,1.04707,1.04732
2013.03.03 23:53:20.647,1.04709,1.04732
2013.03.03 23:53:20.707,1.04709,1.04734
2013.03.03 23:53:20.827,1.04707,1.04732
2013.03.03 23:53:21.007,1.04707,1.04732
2013.03.03 23:53:25.426,1.04707,1.04728
2013.03.03 23:53:25.667,1.04702,1.04728
2013.03.03 23:53:26.757,1.04701,1.04724
2013.03.03 23:53:28.427,1.04696,1.04721
2013.03.03 23:53:28.546,1.04692,1.04718
2013.03.03 23:53:28.606,1.04692,1.04718
2013.03.03 23:53:28.728,1.04692,1.04717
2013.03.03 23:53:30.787,1.0469,1.0471
2013.03.03 23:53:31.507,1.04692,1.0471
2013.03.03 23:53:33.867,1.04692,1.04708
2013.03.03 23:53:34.418,1.04691,1.04708
2013.03.03 23:53:37.506,1.0469,1.04711
2013.03.03 23:53:41.676,1.04692,1.04717
2013.03.03 23:53:47.048,1.04692,1.04717
2013.03.03 23:53:47.167,1.04692,1.04718
2013.03.03 23:53:47.406,1.04692,1.04717
2013.03.03 23:53:47.956,1.04692,1.04717
2013.03.03 23:53:48.707,1.04692,1.04716
2013.03.03 23:53:49.428,1.04687,1.04713
2013.03.03 23:53:49.618,1.04686,1.04712
2013.03.03 23:53:49.679,1.04686,1.04712
2013.03.03 23:53:49.736,1.04686,1.04708
2013.03.03 23:53:50.410,1.04686,1.04708
2013.03.03 23:53:54.066,1.04686,1.04708
2013.03.03 23:54:02.293,1.04686,1.04708
2013.03.03 23:54:05.328,1.04686,1.04708
2013.03.03 23:54:05.447,1.04686,1.0471
2013.03.03 23:54:05.566,1.04687,1.0471
2013.03.03 23:54:06.117,1.04687,1.0471
2013.03.03 23:54:06.477,1.0469,1.0471
2013.03.03 23:54:07.977,1.0469,1.04709
2013.03.03 23:54:08.096,1.04688,1.04709
2013.03.03 23:54:08.867,1.04685,1.04709
2013.03.03 23:54:18.096,1.04688,1.04712
2013.03.03 23:54:18.216,1.04688,1.04712
2013.03.03 23:54:25.146,1.04689,1.04711
2013.03.03 23:54:25.207,1.0469,1.04711
2013.03.03 23:54:25.622,1.0469,1.04709
2013.03.03 23:54:42.318,1.0469,1.04715
2013.03.03 23:54:46.987,1.04692,1.04716
2013.03.03 23:54:47.416,1.04691,1.04719
2013.03.03 23:54:47.536,1.04693,1.0472
2013.03.03 23:55:01.196,1.04691,1.04716
2013.03.03 23:55:01.257,1.04689,1.04716
2013.03.03 23:55:02.768,1.04691,1.04716
2013.03.03 23:55:03.088,1.04694,1.04719
2013.03.03 23:55:08.869,1.04694,1.04721
2013.03.03 23:55:08.927,1.04694,1.04721
2013.03.03 23:55:21.907,1.04696,1.04721
2013.03.03 23:55:22.998,1.04697,1.04722
2013.03.03 23:55:27.128,1.04702,1.04723
2013.03.03 23:55:27.246,1.04702,1.04726
2013.03.03 23:55:27.539,1.04703,1.04729
2013.03.03 23:55:27.607,1.04707,1.04733
2013.03.03 23:55:28.026,1.04709,1.04733
2013.03.03 23:55:31.426,1.04711,1.04734
2013.03.03 23:55:31.815,1.04714,1.04738
2013.03.03 23:55:33.288,1.04717,1.04744
2013.03.03 23:55:39.059,1.04718,1.04744
2013.03.03 23:55:39.116,1.04719,1.04744
2013.03.03 23:55:39.177,1.04721,1.04744
2013.03.03 23:55:39.478,1.04727,1.0475
2013.03.03 23:55:40.037,1.04727,1.0475
2013.03.03 23:55:46.877,1.04727,1.0475
2013.03.03 23:55:47.237,1.04727,1.0475
2013.03.03 23:55:47.558,1.04727,1.0475
2013.03.03 23:55:49.379,1.04729,1.0475
2013.03.03 23:55:49.437,1.0473,1.04756
2013.03.03 23:56:05.357,1.04727,1.04752
2013.03.03 23:56:13.090,1.0473,1.04757
2013.03.03 23:56:16.607,1.04727,1.04753
2013.03.03 23:56:25.076,1.04727,1.04753
2013.03.03 23:56:29.857,1.04725,1.04753
2013.03.03 23:56:30.096,1.04727,1.04753
2013.03.03 23:56:30.647,1.04723,1.04747
2013.03.03 23:56:34.275,1.04723,1.04747
2013.03.03 23:56:34.516,1.04723,1.04747
2013.03.03 23:56:44.406,1.04723,1.04747
2013.03.03 23:56:45.122,1.04723,1.04746
2013.03.03 23:56:46.339,1.04723,1.04746
2013.03.03 23:56:47.176,1.04716,1.04742
2013.03.03 23:56:49.304,1.04716,1.04742
2013.03.03 23:56:49.768,1.04712,1.04738
2013.03.03 23:56:50.277,1.04712,1.04738
2013.03.03 23:57:10.576,1.04714,1.04738
2013.03.03 23:57:29.054,1.04714,1.04738
2013.03.03 23:57:29.367,1.04714,1.04738
2013.03.03 23:57:29.427,1.04714,1.04739
2013.03.03 23:57:29.487,1.04714,1.04739
2013.03.03 23:57:29.605,1.04714,1.04738
2013.03.03 23:57:29.947,1.04714,1.04738
2013.03.03 23:57:31.090,1.04712,1.04736
2013.03.03 23:57:44.344,1.04716,1.04738
2013.03.03 23:57:44.527,1.04716,1.04738
2013.03.03 23:57:51.334,1.04712,1.04736
2013.03.03 23:57:51.653,1.04712,1.04736
2013.03.03 23:57:51.999,1.04712,1.04736
2013.03.03 23:58:02.547,1.04712,1.04736
2013.03.03 23:58:02.946,1.04713,1.04738
2013.03.03 23:58:18.499,1.04713,1.0474
2013.03.03 23:58:47.877,1.04712,1.04738
2013.03.03 23:58:47.998,1.04714,1.04738
2013.03.03 23:58:53.938,1.04717,1.0474
2013.03.03 23:58:56.016,1.04717,1.04738
2013.03.03 23:59:02.167,1.04722,1.04738
2013.03.03 23:59:02.226,1.04724,1.04747
2013.03.03 23:59:04.636,1.0472,1.04738
2013.03.03 23:59:05.221,1.04716,1.04738
2013.03.03 23:59:12.247,1.04717,1.0474
2013.03.03 23:59:12.508,1.04714,1.0474
2013.03.03 23:59:24.138,1.04714,1.0474
2013.03.03 23:59:24.317,1.04714,1.04739
2013.03.03 23:59:25.986,1.0471,1.04734
2013.03.03 23:59:26.332,1.04712,1.04734
2013.03.03 23:59:26.456,1.04712,1.04734
2013.03.03 23:59:29.907,1.04716,1.04736
2013.03.03 23:59:30.027,1.0472,1.04746
2013.03.03 23:59:30.867,1.0472,1.04745
2013.03.03 23:59:32.387,1.0472,1.04745
2013.03.03 23:59:32.943,1.0472,1.04747
2013.03.03 23:59:34.967,1.04719,1.04747
2013.03.03 23:59:37.112,1.0472,1.04747
2013.03.03 23:59:37.178,1.04734,1.04758
2013.03.03 23:59:37.237,1.04734,1.04761
2013.03.03 23:59:37.312,1.04728,1.04754
2013.03.03 23:59:37.377,1.04731,1.04758
2013.03.03 23:59:37.497,1.04731,1.04758
2013.03.03 23:59:37.687,1.04731,1.04758
2013.03.03 23:59:37.747,1.04728,1.04754
2013.03.03 23:59:37.867,1.04726,1.04752
2013.03.03 23:59:42.627,1.04726,1.04753
2013.03.03 23:59:43.167,1.04728,1.04754
2013.03.03 23:59:44.031,1.04726,1.0475
2013.03.03 23:59:46.128,1.04727,1.04749
2013.03.03 23:59:46.188,1.04727,1.04752
2013.03.03 23:59:46.340,1.04732,1.04752