Time,Bid,Ask
2013.03.13 00:00:02.037,1.05957,1.05981
2013.03.13 00:00:03.480,1.05958,1.05981
2013.03.13 00:00:04.255,1.0596,1.05981
2013.03.13 00:00:05.062,1.05959,1.05981
2013.03.13 00:00:13.018,1.0596,1.05981
2013.03.13 00:00:13.576,1.05959,1.05981
2013.03.13 00:00:14.121,1.05958,1.05981
2013.03.13 00:00:14.896,1.05959,1.05981
2013.03.13 00:00:23.116,1.0596,1.05981
2013.03.13 00:00:23.296,1.0596,1.05984
2013.03.13 00:00:26.856,1.0596,1.05988
2013.03.13 00:00:27.036,1.05965,1.05988
2013.03.13 00:00:27.903,1.05964,1.05988
2013.03.13 00:00:28.527,1.05966,1.05988
2013.03.13 00:00:36.712,1.05965,1.05988
2013.03.13 00:00:39.936,1.05965,1.0599
2013.03.13 00:00:43.166,1.05965,1.0599
2013.03.13 00:00:43.340,1.05967,1.0599
2013.03.13 00:00:43.647,1.05967,1.0599
2013.03.13 00:00:44.019,1.05965,1.0599
2013.03.13 00:00:44.136,1.05965,1.0599
2013.03.13 00:00:45.530,1.05965,1.0599
2013.03.13 00:00:45.597,1.05964,1.0599
2013.03.13 00:00:46.102,1.05964,1.0599
2013.03.13 00:00:46.828,1.05964,1.0599
2013.03.13 00:00:49.080,1.05964,1.0599
2013.03.13 00:00:58.466,1.05965,1.05989
2013.03.13 00:01:02.056,1.05961,1.05984
2013.03.13 00:01:02.357,1.05961,1.05984
2013.03.13 00:01:02.477,1.05961,1.05986
2013.03.13 00:01:02.936,1.0596,1.05986
2013.03.13 00:01:03.380,1.05962,1.05986
2013.03.13 00:01:03.449,1.05962,1.05986
2013.03.13 00:01:04.444,1.05962,1.05986
2013.03.13 00:01:05.758,1.05962,1.05986
2013.03.13 00:01:05.841,1.0596,1.05986
2013.03.13 00:01:06.927,1.0596,1.05986
2013.03.13 00:01:07.601,1.05962,1.05986
2013.03.13 00:01:07.987,1.05965,1.05988
2013.03.13 00:01:08.167,1.05966,1.05991
2013.03.13 00:01:08.227,1.05967,1.05991
2013.03.13 00:01:08.547,1.05967,1.05991
2013.03.13 00:01:10.616,1.05967,1.05991
2013.03.13 00:01:16.296,1.05968,1.05993
2013.03.13 00:01:16.797,1.05969,1.05993
2013.03.13 00:01:18.720,1.05967,1.05991
2013.03.13 00:01:19.384,1.05967,1.05991
2013.03.13 00:01:20.129,1.05967,1.05991
2013.03.13 00:01:21.576,1.05967,1.05991
2013.03.13 00:01:21.699,1.05967,1.05991
2013.03.13 00:01:24.035,1.05966,1.05988
2013.03.13 00:01:24.491,1.05966,1.05988
2013.03.13 00:01:25.022,1.05966,1.05988
2013.03.13 00:01:27.075,1.05962,1.05986
2013.03.13 00:01:42.778,1.05962,1.05986
2013.03.13 00:01:42.847,1.05966,1.05988
2013.03.13 00:01:43.680,1.05966,1.05989
2013.03.13 00:01:44.226,1.05966,1.0599
2013.03.13 00:01:50.377,1.05969,1.05991
2013.03.13 00:01:50.887,1.0597,1.05991
2013.03.13 00:01:54.332,1.05966,1.0599
2013.03.13 00:01:56.611,1.05966,1.0599
2013.03.13 00:01:56.917,1.05966,1.05987
2013.03.13 00:01:57.217,1.05963,1.05987
2013.03.13 00:02:00.246,1.05959,1.05985
2013.03.13 00:02:21.600,1.05959,1.05981
2013.03.13 00:02:22.149,1.05959,1.05982
2013.03.13 00:02:29.398,1.0596,1.05982
2013.03.13 00:02:42.076,1.0596,1.05983
2013.03.13 00:02:53.616,1.05956,1.05982
2013.03.13 00:02:53.869,1.05956,1.05981
2013.03.13 00:02:54.423,1.05955,1.05979
2013.03.13 00:02:57.027,1.05956,1.05979
2013.03.13 00:02:57.987,1.05956,1.05979
2013.03.13 00:02:59.067,1.05956,1.05983
2013.03.13 00:02:59.632,1.05957,1.05983
2013.03.13 00:02:59.909,1.05957,1.05983
2013.03.13 00:03:00.367,1.05959,1.05984
2013.03.13 00:03:00.487,1.05961,1.05984
2013.03.13 00:03:01.027,1.05963,1.05987
2013.03.13 00:03:06.436,1.05963,1.05987
2013.03.13 00:03:08.967,1.05963,1.05986
2013.03.13 00:03:10.707,1.05963,1.05986
2013.03.13 00:03:10.856,1.05963,1.05986
2013.03.13 00:03:12.357,1.05963,1.05987
2013.03.13 00:03:12.915,1.05963,1.05987
2013.03.13 00:03:13.595,1.05963,1.05987
2013.03.13 00:03:14.265,1.05963,1.05987
2013.03.13 00:03:14.830,1.05963,1.05987
2013.03.13 00:03:15.697,1.05963,1.05987
2013.03.13 00:03:16.667,1.05965,1.05988
2013.03.13 00:03:17.612,1.05963,1.05987
2013.03.13 00:03:18.129,1.05963,1.05987
2013.03.13 00:03:19.789,1.05963,1.05987
2013.03.13 00:03:20.345,1.05963,1.05987
2013.03.13 00:03:21.747,1.05963,1.05987
2013.03.13 00:03:28.277,1.05962,1.05983
2013.03.13 00:03:28.459,1.05962,1.05983
2013.03.13 00:03:28.707,1.05958,1.05983
2013.03.13 00:03:29.699,1.05958,1.05983
2013.03.13 00:03:30.022,1.0596,1.05983
2013.03.13 00:03:33.236,1.05958,1.05983
2013.03.13 00:03:35.928,1.05958,1.05983
2013.03.13 00:03:36.829,1.05961,1.05983
2013.03.13 00:03:37.030,1.05958,1.05983
2013.03.13 00:03:37.148,1.05961,1.05983
2013.03.13 00:03:37.667,1.0596,1.05983
2013.03.13 00:03:38.461,1.05961,1.05983
2013.03.13 00:03:44.028,1.05962,1.05983
2013.03.13 00:03:44.648,1.05961,1.05983
2013.03.13 00:03:47.237,1.0596,1.05983
2013.03.13 00:03:47.858,1.05958,1.05982
2013.03.13 00:03:48.568,1.05957,1.0598
2013.03.13 00:03:48.737,1.05957,1.0598
2013.03.13 00:03:50.461,1.05957,1.0598
2013.03.13 00:03:50.697,1.05961,1.05983
2013.03.13 00:03:50.758,1.05962,1.05985
2013.03.13 00:03:50.938,1.05962,1.05985
2013.03.13 00:03:51.178,1.05962,1.05985
2013.03.13 00:03:51.518,1.05962,1.05985
2013.03.13 00:03:52.076,1.05961,1.05985
2013.03.13 00:03:58.258,1.05962,1.05985
2013.03.13 00:03:58.965,1.05962,1.05985
2013.03.13 00:04:01.183,1.05962,1.05985
2013.03.13 00:04:08.772,1.05965,1.0599
2013.03.13 00:04:08.904,1.05966,1.0599
2013.03.13 00:04:11.188,1.05966,1.0599
2013.03.13 00:04:21.957,1.05966,1.05989
2013.03.13 00:04:23.527,1.05966,1.05989
2013.03.13 00:04:24.048,1.05966,1.05989
2013.03.13 00:04:26.191,1.05965,1.05989
2013.03.13 00:04:26.467,1.05966,1.05989
2013.03.13 00:04:28.007,1.05966,1.05989
2013.03.13 00:04:32.328,1.05966,1.05989
2013.03.13 00:04:32.930,1.05966,1.05989
2013.03.13 00:04:33.757,1.05966,1.05988
2013.03.13 00:04:33.878,1.05964,1.05988
2013.03.13 00:04:33.946,1.05962,1.05988
2013.03.13 00:04:34.488,1.05961,1.05984
2013.03.13 00:04:34.728,1.05964,1.05988
2013.03.13 00:04:34.788,1.05964,1.05988
2013.03.13 00:04:34.967,1.05965,1.05988
2013.03.13 00:04:35.796,1.05967,1.05988
2013.03.13 00:04:36.698,1.05964,1.05988
2013.03.13 00:04:36.817,1.05964,1.05988
2013.03.13 00:04:37.178,1.05962,1.05988
2013.03.13 00:04:37.737,1.05962,1.05988
2013.03.13 00:04:39.127,1.05962,1.05988
2013.03.13 00:04:39.558,1.05962,1.05988
2013.03.13 00:04:40.228,1.05962,1.05988
2013.03.13 00:04:40.737,1.05961,1.05984
2013.03.13 00:04:42.315,1.05958,1.05984
2013.03.13 00:04:42.828,1.05958,1.05984
2013.03.13 00:04:43.343,1.05958,1.05984
2013.03.13 00:04:43.418,1.05959,1.05984
2013.03.13 00:04:43.921,1.0596,1.05984
2013.03.13 00:04:45.627,1.05958,1.05984
2013.03.13 00:04:45.705,1.05958,1.05984
2013.03.13 00:04:46.238,1.05956,1.05979
2013.03.13 00:04:46.844,1.05956,1.05979
2013.03.13 00:04:53.469,1.05956,1.05979
2013.03.13 00:04:53.857,1.05953,1.05979
2013.03.13 00:04:58.888,1.05953,1.05976
2013.03.13 00:04:59.248,1.05954,1.05978
2013.03.13 00:04:59.308,1.05956,1.05979
2013.03.13 00:04:59.849,1.05957,1.05979
2013.03.13 00:05:04.540,1.05957,1.05981
2013.03.13 00:05:04.917,1.0596,1.05981
2013.03.13 00:05:04.977,1.0596,1.05983
2013.03.13 00:05:05.037,1.0596,1.05984
2013.03.13 00:05:08.047,1.05958,1.05984
2013.03.13 00:05:08.587,1.05958,1.05984
2013.03.13 00:05:09.797,1.05958,1.05984
2013.03.13 00:05:11.448,1.05958,1.05984
2013.03.13 00:05:11.938,1.05958,1.05984
2013.03.13 00:05:12.177,1.0596,1.05984
2013.03.13 00:05:12.238,1.05962,1.05984
2013.03.13 00:05:12.607,1.05962,1.05988
2013.03.13 00:05:14.090,1.05964,1.05988
2013.03.13 00:05:18.007,1.05963,1.05988
2013.03.13 00:05:18.177,1.05964,1.05988
2013.03.13 00:05:21.051,1.05967,1.05993
2013.03.13 00:05:21.977,1.05968,1.05993
2013.03.13 00:05:22.358,1.05967,1.05993
2013.03.13 00:05:22.568,1.05967,1.05993
2013.03.13 00:05:22.699,1.05968,1.05993
2013.03.13 00:05:25.206,1.05969,1.05993
2013.03.13 00:05:25.751,1.05968,1.05993
2013.03.13 00:05:28.183,1.05969,1.05993
2013.03.13 00:05:31.701,1.05968,1.05993
2013.03.13 00:05:32.207,1.05969,1.05994
2013.03.13 00:05:32.267,1.0597,1.05994
2013.03.13 00:05:32.915,1.05969,1.05994
2013.03.13 00:05:34.556,1.05968,1.05993
2013.03.13 00:05:34.677,1.05967,1.05993
2013.03.13 00:05:34.917,1.05967,1.05993
2013.03.13 00:05:35.466,1.05967,1.05993
2013.03.13 00:05:36.877,1.05969,1.05994
2013.03.13 00:05:38.999,1.05967,1.05993
2013.03.13 00:05:45.157,1.05964,1.05988
2013.03.13 00:05:48.047,1.05967,1.05993
2013.03.13 00:05:49.626,1.05966,1.05993
2013.03.13 00:05:50.397,1.05966,1.05993
2013.03.13 00:05:52.460,1.05967,1.05993
2013.03.13 00:05:54.051,1.05969,1.05993
2013.03.13 00:05:55.187,1.05969,1.05993
2013.03.13 00:05:55.375,1.05969,1.05993
2013.03.13 00:06:02.468,1.05973,1.05996
2013.03.13 00:06:02.587,1.05972,1.05996
2013.03.13 00:06:03.315,1.05972,1.05996
2013.03.13 00:06:06.478,1.05973,1.05996
2013.03.13 00:06:17.678,1.05976,1.06002
2013.03.13 00:06:17.737,1.05977,1.06002
2013.03.13 00:06:18.157,1.05976,1.06002
2013.03.13 00:06:19.017,1.05977,1.06002
2013.03.13 00:06:20.451,1.05977,1.06002
2013.03.13 00:06:21.798,1.05978,1.06002
2013.03.13 00:06:21.860,1.05982,1.06006
2013.03.13 00:06:21.918,1.05982,1.06006
2013.03.13 00:06:22.273,1.05983,1.06006
2013.03.13 00:06:22.699,1.05983,1.06007
2013.03.13 00:06:22.868,1.05986,1.06009
2013.03.13 00:06:23.167,1.05988,1.06009
2013.03.13 00:06:23.227,1.05986,1.06009
2013.03.13 00:06:23.537,1.05988,1.06009
2013.03.13 00:06:23.839,1.05992,1.06011
2013.03.13 00:06:24.099,1.05992,1.06013
2013.03.13 00:06:24.647,1.05994,1.06018
2013.03.13 00:06:24.709,1.05994,1.06018
2013.03.13 00:06:25.169,1.05992,1.06013
2013.03.13 00:06:25.288,1.05988,1.06011
2013.03.13 00:06:25.347,1.05988,1.0601
2013.03.13 00:06:25.717,1.05985,1.06009
2013.03.13 00:06:28.996,1.05983,1.06006
2013.03.13 00:06:29.117,1.05978,1.06004
2013.03.13 00:06:32.898,1.05972,1.05998
2013.03.13 00:06:33.017,1.05972,1.05998
2013.03.13 00:06:33.078,1.05973,1.05998
2013.03.13 00:06:33.782,1.05972,1.05999
2013.03.13 00:06:43.085,1.05972,1.05998
2013.03.13 00:06:43.637,1.05972,1.05996
2013.03.13 00:06:44.807,1.05972,1.05998
2013.03.13 00:06:45.108,1.05976,1.05999
2013.03.13 00:06:49.298,1.05973,1.05999
2013.03.13 00:06:52.248,1.05976,1.05999
2013.03.13 00:06:53.870,1.05976,1.06
2013.03.13 00:06:55.932,1.05976,1.06
2013.03.13 00:06:56.719,1.05976,1.06
2013.03.13 00:06:57.369,1.05976,1.06
2013.03.13 00:06:58.107,1.05977,1.06003
2013.03.13 00:06:58.347,1.05977,1.06003
2013.03.13 00:07:00.439,1.05977,1.06003
2013.03.13 00:07:03.878,1.05977,1.06003
2013.03.13 00:07:04.149,1.05977,1.06003
2013.03.13 00:07:04.538,1.05977,1.06003
2013.03.13 00:07:04.778,1.05981,1.06004
2013.03.13 00:07:05.258,1.05981,1.06008
2013.03.13 00:07:12.929,1.05982,1.06009
2013.03.13 00:07:13.328,1.05986,1.06013
2013.03.13 00:07:13.589,1.05987,1.06013
2013.03.13 00:07:13.711,1.05987,1.06012
2013.03.13 00:07:14.278,1.05982,1.06008
2013.03.13 00:07:14.869,1.05982,1.06008
2013.03.13 00:07:15.227,1.05985,1.06008
2013.03.13 00:07:15.767,1.05987,1.06012
2013.03.13 00:07:15.889,1.05987,1.06012
2013.03.13 00:07:16.416,1.05987,1.06012
2013.03.13 00:07:17.988,1.05987,1.06012
2013.03.13 00:07:20.048,1.05988,1.06014
2013.03.13 00:07:20.595,1.05988,1.06012
2013.03.13 00:07:21.159,1.05988,1.06013
2013.03.13 00:07:21.668,1.05988,1.06012
2013.03.13 00:07:22.028,1.05988,1.06012
2013.03.13 00:07:22.147,1.05987,1.06012
2013.03.13 00:07:22.575,1.05986,1.06012
2013.03.13 00:07:23.168,1.05986,1.06012
2013.03.13 00:07:23.677,1.05986,1.06012
2013.03.13 00:07:30.055,1.05986,1.06012
2013.03.13 00:07:30.637,1.05986,1.06012
2013.03.13 00:07:39.311,1.05986,1.06012
2013.03.13 00:07:45.278,1.05986,1.06012
2013.03.13 00:08:04.817,1.05991,1.06015
2013.03.13 00:08:05.198,1.05995,1.0602
2013.03.13 00:08:05.727,1.05992,1.06015
2013.03.13 00:08:06.291,1.05991,1.06015
2013.03.13 00:08:08.114,1.05991,1.06015
2013.03.13 00:08:08.357,1.05991,1.06015
2013.03.13 00:08:08.597,1.05991,1.06015
2013.03.13 00:08:08.838,1.05992,1.06015
2013.03.13 00:08:09.695,1.05991,1.06015
2013.03.13 00:08:11.357,1.05992,1.06015
2013.03.13 00:08:11.964,1.05992,1.06015
2013.03.13 00:08:13.185,1.05992,1.06015
2013.03.13 00:08:13.757,1.05992,1.06015
2013.03.13 00:08:14.568,1.05992,1.06015
2013.03.13 00:08:14.878,1.05992,1.06015
2013.03.13 00:08:15.538,1.05992,1.06015
2013.03.13 00:08:15.657,1.0599,1.06015
2013.03.13 00:08:16.397,1.05992,1.06015
2013.03.13 00:08:20.047,1.05991,1.06015
2013.03.13 00:08:20.119,1.05991,1.06015
2013.03.13 00:08:20.417,1.05989,1.06013
2013.03.13 00:08:20.718,1.05991,1.06013
2013.03.13 00:08:21.289,1.0599,1.06014
2013.03.13 00:08:22.928,1.05986,1.06011
2013.03.13 00:08:23.458,1.05986,1.06011
2013.03.13 00:08:24.064,1.0599,1.06013
2013.03.13 00:08:24.835,1.05986,1.06011
2013.03.13 00:08:25.159,1.05984,1.06011
2013.03.13 00:08:26.128,1.05983,1.06009
2013.03.13 00:08:26.188,1.05981,1.06007
2013.03.13 00:08:26.617,1.05979,1.06004
2013.03.13 00:08:27.157,1.0598,1.06004
2013.03.13 00:08:27.697,1.0598,1.06004
2013.03.13 00:08:29.739,1.05981,1.06004
2013.03.13 00:08:30.189,1.05986,1.06009
2013.03.13 00:08:30.569,1.05987,1.06009
2013.03.13 00:08:30.749,1.05987,1.06009
2013.03.13 00:08:31.307,1.05987,1.06009
2013.03.13 00:08:32.107,1.05985,1.06009
2013.03.13 00:08:32.227,1.05984,1.06006
2013.03.13 00:08:32.757,1.0598,1.06006
2013.03.13 00:08:33.316,1.0598,1.06006
2013.03.13 00:08:33.977,1.0598,1.06006
2013.03.13 00:08:34.528,1.05982,1.06006
2013.03.13 00:08:35.077,1.05982,1.06006
2013.03.13 00:08:35.198,1.05986,1.06011
2013.03.13 00:08:35.737,1.05987,1.06013
2013.03.13 00:08:36.058,1.05987,1.06013
2013.03.13 00:08:37.148,1.05986,1.06013
2013.03.13 00:08:37.208,1.05986,1.0601
2013.03.13 00:08:37.567,1.05982,1.06007
2013.03.13 00:08:37.815,1.05987,1.06013
2013.03.13 00:08:37.938,1.05987,1.06013
2013.03.13 00:08:38.461,1.05987,1.06013
2013.03.13 00:08:40.928,1.05987,1.06011
2013.03.13 00:08:40.998,1.05985,1.06008
2013.03.13 00:08:41.658,1.05982,1.06008
2013.03.13 00:08:42.177,1.05982,1.06008
2013.03.13 00:08:46.209,1.05981,1.06007
2013.03.13 00:08:46.498,1.05981,1.06007
2013.03.13 00:08:46.749,1.05981,1.06007
2013.03.13 00:08:46.868,1.05983,1.06008
2013.03.13 00:08:47.168,1.05986,1.06012
2013.03.13 00:08:47.479,1.05984,1.06012
2013.03.13 00:08:47.718,1.05986,1.06012
2013.03.13 00:08:48.587,1.05988,1.06014
2013.03.13 00:08:48.708,1.05991,1.06018
2013.03.13 00:08:48.888,1.0599,1.06017
2013.03.13 00:08:49.069,1.05991,1.06017
2013.03.13 00:08:49.307,1.0599,1.06014
2013.03.13 00:08:49.707,1.0599,1.06013
2013.03.13 00:08:50.117,1.05991,1.06015
2013.03.13 00:08:50.744,1.05991,1.06017
2013.03.13 00:08:50.815,1.05991,1.06017
2013.03.13 00:08:50.878,1.05988,1.06011
2013.03.13 00:08:51.259,1.05985,1.06011
2013.03.13 00:08:51.438,1.05986,1.06011
2013.03.13 00:08:51.873,1.05988,1.06015
2013.03.13 00:08:54.114,1.05991,1.06015
2013.03.13 00:08:54.577,1.05988,1.06015
2013.03.13 00:08:55.326,1.05988,1.06015
2013.03.13 00:08:55.964,1.05988,1.06015
2013.03.13 00:09:00.237,1.05986,1.0601
2013.03.13 00:09:01.659,1.05988,1.06016
2013.03.13 00:09:02.202,1.05988,1.06016
2013.03.13 00:09:03.417,1.0599,1.06016
2013.03.13 00:09:07.094,1.05988,1.06016
2013.03.13 00:09:07.637,1.0599,1.06016
2013.03.13 00:09:07.878,1.05991,1.06016
2013.03.13 00:09:08.178,1.05995,1.06021
2013.03.13 00:09:08.428,1.05995,1.06021
2013.03.13 00:09:09.209,1.05991,1.06016
2013.03.13 00:09:09.757,1.05992,1.06016
2013.03.13 00:09:11.042,1.05992,1.06016
2013.03.13 00:09:11.688,1.05991,1.06016
2013.03.13 00:09:16.208,1.05991,1.06016
2013.03.13 00:09:28.917,1.05996,1.06021
2013.03.13 00:09:29.227,1.05997,1.06021
2013.03.13 00:09:29.599,1.05997,1.06022
2013.03.13 00:09:29.718,1.05997,1.06022
2013.03.13 00:09:30.083,1.05997,1.06019
2013.03.13 00:09:31.347,1.06003,1.06022
2013.03.13 00:09:31.986,1.06003,1.06021
2013.03.13 00:09:33.177,1.05999,1.06021
2013.03.13 00:09:35.637,1.05997,1.06019
2013.03.13 00:09:35.817,1.05997,1.06019
2013.03.13 00:09:36.292,1.05997,1.06019
2013.03.13 00:09:36.794,1.05999,1.06022
2013.03.13 00:09:37.158,1.05999,1.06022
2013.03.13 00:09:37.447,1.05999,1.06022
2013.03.13 00:09:38.352,1.05999,1.06022
2013.03.13 00:09:41.769,1.05999,1.06022
2013.03.13 00:09:42.618,1.05999,1.06022
2013.03.13 00:09:42.677,1.05997,1.06019
2013.03.13 00:09:42.978,1.05997,1.06019
2013.03.13 00:09:44.052,1.05999,1.06022
2013.03.13 00:09:44.297,1.05999,1.06021
2013.03.13 00:09:44.357,1.05999,1.06022
2013.03.13 00:09:44.610,1.05998,1.06022
2013.03.13 00:09:45.097,1.05998,1.06021
2013.03.13 00:09:45.397,1.05997,1.06019
2013.03.13 00:09:45.758,1.05993,1.0602
2013.03.13 00:09:46.308,1.05993,1.06017
2013.03.13 00:09:46.608,1.05993,1.06018
2013.03.13 00:09:47.168,1.05993,1.0602
2013.03.13 00:09:48.520,1.05994,1.0602
2013.03.13 00:09:49.103,1.05993,1.0602
2013.03.13 00:09:49.167,1.05994,1.06021
2013.03.13 00:09:49.564,1.05993,1.0602
2013.03.13 00:09:50.348,1.05998,1.06021
2013.03.13 00:09:50.589,1.05998,1.0602
2013.03.13 00:09:50.887,1.05996,1.06021
2013.03.13 00:09:50.949,1.05997,1.06021
2013.03.13 00:09:51.470,1.05997,1.06021
2013.03.13 00:09:51.929,1.05995,1.0602
2013.03.13 00:09:59.288,1.05996,1.06021
2013.03.13 00:10:00.427,1.05996,1.06021
2013.03.13 00:10:01.053,1.05996,1.06021
2013.03.13 00:10:03.709,1.05997,1.06021
2013.03.13 00:10:04.958,1.05997,1.06021
2013.03.13 00:10:07.646,1.05996,1.0602
2013.03.13 00:10:08.546,1.05992,1.06018
2013.03.13 00:10:09.655,1.05995,1.06018
2013.03.13 00:10:11.978,1.05992,1.06018
2013.03.13 00:10:16.309,1.05995,1.06019
2013.03.13 00:10:16.429,1.05996,1.06019
2013.03.13 00:10:16.989,1.05995,1.06019
2013.03.13 00:10:17.318,1.05991,1.06017
2013.03.13 00:10:17.859,1.05991,1.06017
2013.03.13 00:10:18.827,1.05991,1.06016
2013.03.13 00:10:22.687,1.05991,1.06017
2013.03.13 00:10:23.018,1.05991,1.06017
2013.03.13 00:10:23.137,1.05997,1.06018
2013.03.13 00:10:23.405,1.05997,1.06018
2013.03.13 00:10:23.657,1.05997,1.06018
2013.03.13 00:10:24.828,1.05997,1.06018
2013.03.13 00:10:25.577,1.05991,1.06017
2013.03.13 00:10:26.312,1.05997,1.06021
2013.03.13 00:10:26.978,1.06,1.06021
2013.03.13 00:10:31.607,1.05997,1.06021
2013.03.13 00:10:33.849,1.05997,1.06021
2013.03.13 00:10:37.657,1.05997,1.06021
2013.03.13 00:10:37.717,1.05996,1.06021
2013.03.13 00:10:38.068,1.05994,1.06021
2013.03.13 00:10:38.690,1.05994,1.06021
2013.03.13 00:10:39.518,1.05994,1.06018
2013.03.13 00:10:40.170,1.05994,1.06018
2013.03.13 00:10:44.458,1.05994,1.0602
2013.03.13 00:10:46.978,1.05995,1.0602
2013.03.13 00:11:04.576,1.05996,1.0602
2013.03.13 00:11:13.629,1.05996,1.06021
2013.03.13 00:11:14.049,1.06001,1.06021
2013.03.13 00:11:14.375,1.06002,1.06022
2013.03.13 00:11:14.887,1.06002,1.06021
2013.03.13 00:11:15.188,1.06006,1.06021
2013.03.13 00:11:15.727,1.06002,1.06021
2013.03.13 00:11:16.269,1.06001,1.06021
2013.03.13 00:11:20.197,1.06,1.06022
2013.03.13 00:11:20.746,1.05998,1.06021
2013.03.13 00:11:23.638,1.05998,1.06021
2013.03.13 00:11:23.698,1.05998,1.06017
2013.03.13 00:11:23.759,1.05996,1.06017
2013.03.13 00:11:24.308,1.05992,1.06015
2013.03.13 00:11:24.368,1.05991,1.06015
2013.03.13 00:11:25.026,1.05991,1.06015
2013.03.13 00:11:26.248,1.05991,1.06015
2013.03.13 00:11:26.457,1.05991,1.06015
2013.03.13 00:11:28.827,1.05993,1.06017
2013.03.13 00:11:29.839,1.05991,1.06017
2013.03.13 00:11:30.608,1.05992,1.06017
2013.03.13 00:11:32.908,1.05992,1.06015
2013.03.13 00:11:33.536,1.05991,1.06015
2013.03.13 00:11:35.258,1.05991,1.06015
2013.03.13 00:11:35.806,1.05991,1.06015
2013.03.13 00:11:36.435,1.05991,1.06015
2013.03.13 00:11:38.878,1.05987,1.06008
2013.03.13 00:11:38.998,1.05986,1.06008
2013.03.13 00:11:39.358,1.05987,1.06011
2013.03.13 00:11:39.417,1.05987,1.06011
2013.03.13 00:11:39.809,1.05989,1.06013
2013.03.13 00:11:40.489,1.0599,1.06013
2013.03.13 00:11:42.277,1.05991,1.06013
2013.03.13 00:11:42.828,1.0599,1.06013
2013.03.13 00:11:49.548,1.05987,1.06013
2013.03.13 00:11:56.607,1.0599,1.06014
2013.03.13 00:12:00.057,1.0599,1.06014
2013.03.13 00:12:20.270,1.0599,1.06014
2013.03.13 00:12:20.773,1.05989,1.06014
2013.03.13 00:12:21.637,1.05989,1.06011
2013.03.13 00:12:21.835,1.05987,1.06009
2013.03.13 00:12:22.441,1.05986,1.06009
2013.03.13 00:12:25.175,1.05987,1.06009
2013.03.13 00:12:25.309,1.05987,1.06013
2013.03.13 00:12:30.158,1.05986,1.06012
2013.03.13 00:12:30.677,1.05986,1.06012
2013.03.13 00:12:36.917,1.05987,1.06012
2013.03.13 00:12:39.698,1.05987,1.06014
2013.03.13 00:12:39.938,1.0599,1.06012
2013.03.13 00:12:40.615,1.05989,1.06012
2013.03.13 00:12:42.631,1.05988,1.06012
2013.03.13 00:12:45.938,1.0599,1.06012
2013.03.13 00:12:46.372,1.05987,1.06012
2013.03.13 00:12:48.029,1.0599,1.06012
2013.03.13 00:12:50.139,1.05989,1.06012
2013.03.13 00:12:51.257,1.0599,1.06012
2013.03.13 00:12:51.821,1.05991,1.06012
2013.03.13 00:12:51.985,1.05989,1.06012
2013.03.13 00:12:53.017,1.0599,1.06014
2013.03.13 00:13:01.577,1.05991,1.06017
2013.03.13 00:13:08.789,1.05992,1.06018
2013.03.13 00:13:12.898,1.05993,1.06018
2013.03.13 00:13:13.458,1.05994,1.06018
2013.03.13 00:13:15.277,1.05994,1.06018
2013.03.13 00:13:16.411,1.05998,1.06018
2013.03.13 00:13:18.888,1.05998,1.06018
2013.03.13 00:13:22.887,1.05997,1.06019
2013.03.13 00:13:25.437,1.05998,1.06019
2013.03.13 00:13:25.699,1.05998,1.06019
2013.03.13 00:13:26.496,1.05998,1.06019
2013.03.13 00:13:29.656,1.05998,1.06019
2013.03.13 00:13:31.969,1.05999,1.06019
2013.03.13 00:13:33.129,1.05998,1.06019
2013.03.13 00:13:33.786,1.05996,1.06019
2013.03.13 00:13:34.537,1.05996,1.06019
2013.03.13 00:13:35.105,1.05996,1.06019
2013.03.13 00:13:35.972,1.05996,1.06019
2013.03.13 00:13:36.039,1.05996,1.06018
2013.03.13 00:13:36.278,1.05993,1.06015
2013.03.13 00:13:36.648,1.05997,1.06018
2013.03.13 00:13:39.248,1.05997,1.06018
2013.03.13 00:13:43.229,1.05996,1.06018
2013.03.13 00:13:44.037,1.05996,1.06018
2013.03.13 00:13:46.168,1.05994,1.06018
2013.03.13 00:13:46.288,1.05993,1.06018
2013.03.13 00:13:46.820,1.05994,1.06018
2013.03.13 00:13:53.338,1.05996,1.06018
2013.03.13 00:13:54.027,1.05995,1.06018
2013.03.13 00:13:55.978,1.05995,1.06018
2013.03.13 00:13:56.706,1.05995,1.06015
2013.03.13 00:14:00.429,1.05995,1.06014
2013.03.13 00:14:00.728,1.05993,1.06014
2013.03.13 00:14:03.248,1.05992,1.06014
2013.03.13 00:14:10.930,1.05992,1.06014
2013.03.13 00:14:36.378,1.05992,1.06013
2013.03.13 00:14:44.794,1.05991,1.06013
2013.03.13 00:14:54.998,1.05991,1.06012
2013.03.13 00:15:04.457,1.05991,1.06012
2013.03.13 00:15:06.077,1.0599,1.06012
2013.03.13 00:15:06.852,1.0599,1.06009
2013.03.13 00:15:21.788,1.0599,1.06008
2013.03.13 00:15:21.970,1.05984,1.06005
2013.03.13 00:15:22.208,1.05983,1.06005
2013.03.13 00:15:22.720,1.05982,1.06002
2013.03.13 00:15:23.278,1.05981,1.06002
2013.03.13 00:15:27.591,1.05982,1.06002
2013.03.13 00:15:28.249,1.05982,1.06002
2013.03.13 00:15:30.402,1.05982,1.06005
2013.03.13 00:15:37.718,1.05982,1.06008
2013.03.13 00:15:38.332,1.05982,1.0601
2013.03.13 00:15:39.036,1.05982,1.0601
2013.03.13 00:15:44.530,1.05982,1.06009
2013.03.13 00:15:47.605,1.05982,1.06008
2013.03.13 00:16:05.459,1.05984,1.06008
2013.03.13 00:16:06.208,1.05984,1.06008
2013.03.13 00:16:13.250,1.05984,1.06008
2013.03.13 00:16:18.210,1.05984,1.06008
2013.03.13 00:16:19.539,1.05983,1.06008
2013.03.13 00:16:19.898,1.05982,1.06005
2013.03.13 00:16:20.198,1.05982,1.06005
2013.03.13 00:16:22.629,1.05982,1.0601
2013.03.13 00:16:22.809,1.05982,1.06009
2013.03.13 00:16:31.748,1.05982,1.06009
2013.03.13 00:16:34.948,1.05982,1.06008
2013.03.13 00:16:35.298,1.0598,1.06002
2013.03.13 00:16:35.358,1.05978,1.06002
2013.03.13 00:16:35.418,1.05976,1.06002
2013.03.13 00:16:37.718,1.05976,1.06002
2013.03.13 00:16:38.249,1.05975,1.06002
2013.03.13 00:16:39.189,1.05975,1.06002
2013.03.13 00:16:47.229,1.05976,1.06002
2013.03.13 00:16:47.478,1.05976,1.06002
2013.03.13 00:16:48.157,1.05976,1.06002
2013.03.13 00:16:49.458,1.05976,1.06002
2013.03.13 00:16:57.718,1.05976,1.06002
2013.03.13 00:17:16.270,1.05976,1.06001
2013.03.13 00:17:16.589,1.05978,1.06003
2013.03.13 00:17:21.248,1.05978,1.06003
2013.03.13 00:17:21.718,1.05976,1.06001
2013.03.13 00:17:22.867,1.05976,1.06001
2013.03.13 00:17:23.318,1.05977,1.06003
2013.03.13 00:17:23.898,1.05979,1.06003
2013.03.13 00:17:34.170,1.05982,1.06003
2013.03.13 00:17:34.229,1.05982,1.06003
2013.03.13 00:17:36.815,1.05981,1.06004
2013.03.13 00:17:37.358,1.0598,1.06004
2013.03.13 00:17:38.599,1.0598,1.06004
2013.03.13 00:17:40.719,1.0598,1.06004
2013.03.13 00:17:55.971,1.05979,1.05987
2013.03.13 00:17:56.434,1.05975,1.06001
2013.03.13 00:17:56.918,1.05975,1.05999
2013.03.13 00:17:57.248,1.05975,1.05996
2013.03.13 00:17:57.489,1.05975,1.05999
2013.03.13 00:17:58.298,1.05975,1.05999
2013.03.13 00:18:00.439,1.05975,1.05999
2013.03.13 00:18:00.558,1.05975,1.05999
2013.03.13 00:18:00.808,1.05975,1.05999
2013.03.13 00:18:00.953,1.05975,1.05999
2013.03.13 00:18:01.258,1.0597,1.05994
2013.03.13 00:18:01.618,1.0597,1.05994
2013.03.13 00:18:09.388,1.0597,1.05991
2013.03.13 00:18:09.508,1.0597,1.05991
2013.03.13 00:18:10.289,1.05964,1.0599
2013.03.13 00:18:10.938,1.05964,1.05989
2013.03.13 00:18:14.718,1.05964,1.0599
2013.03.13 00:18:15.238,1.05964,1.0599
2013.03.13 00:18:15.315,1.05964,1.05988
2013.03.13 00:18:15.498,1.0596,1.05985
2013.03.13 00:18:15.799,1.0596,1.05984
2013.03.13 00:18:15.919,1.0596,1.05983
2013.03.13 00:18:16.459,1.0596,1.05983
2013.03.13 00:18:17.024,1.05954,1.05979
2013.03.13 00:18:17.698,1.05954,1.05978
2013.03.13 00:18:26.876,1.05954,1.05978
2013.03.13 00:18:27.160,1.05954,1.05978
2013.03.13 00:18:27.459,1.05954,1.05978
2013.03.13 00:18:27.639,1.05948,1.05972
2013.03.13 00:18:28.208,1.05948,1.05972
2013.03.13 00:18:28.648,1.05948,1.05972
2013.03.13 00:18:29.420,1.05948,1.05972
2013.03.13 00:18:30.748,1.05948,1.05972
2013.03.13 00:18:31.436,1.05948,1.05972
2013.03.13 00:18:33.378,1.05948,1.05972
2013.03.13 00:18:36.488,1.05948,1.05972
2013.03.13 00:18:37.255,1.05948,1.05972
2013.03.13 00:18:37.916,1.05948,1.05972
2013.03.13 00:18:45.958,1.05948,1.05961
2013.03.13 00:18:46.319,1.05948,1.0597
2013.03.13 00:18:46.382,1.05946,1.05969
2013.03.13 00:18:46.516,1.05946,1.05969
2013.03.13 00:18:46.581,1.05942,1.05968
2013.03.13 00:18:47.129,1.05942,1.05963
2013.03.13 00:18:47.371,1.05941,1.05963
2013.03.13 00:18:47.705,1.05944,1.05966
2013.03.13 00:18:47.888,1.05945,1.05966
2013.03.13 00:18:48.128,1.05945,1.05966
2013.03.13 00:18:48.569,1.05945,1.05966
2013.03.13 00:18:49.798,1.0595,1.05974
2013.03.13 00:18:49.858,1.0595,1.05974
2013.03.13 00:18:50.229,1.05949,1.05973
2013.03.13 00:18:50.658,1.0595,1.05974
2013.03.13 00:18:50.790,1.05949,1.0597
2013.03.13 00:18:51.168,1.0595,1.05974
2013.03.13 00:18:51.419,1.05949,1.05967
2013.03.13 00:18:51.738,1.0595,1.05974
2013.03.13 00:18:52.280,1.0595,1.05975
2013.03.13 00:18:52.400,1.0595,1.05973
2013.03.13 00:18:52.639,1.05947,1.05968
2013.03.13 00:18:53.145,1.0595,1.05973
2013.03.13 00:18:53.866,1.0595,1.05973
2013.03.13 00:18:54.410,1.0595,1.05973
2013.03.13 00:18:55.179,1.0595,1.05973
2013.03.13 00:18:55.541,1.05948,1.05967
2013.03.13 00:18:56.061,1.05945,1.05967
2013.03.13 00:18:59.269,1.05945,1.05967
2013.03.13 00:19:01.222,1.05945,1.05967
2013.03.13 00:19:08.528,1.05944,1.05971
2013.03.13 00:19:08.769,1.05945,1.05971
2013.03.13 00:19:09.328,1.05945,1.05971
2013.03.13 00:19:10.349,1.05944,1.05971
2013.03.13 00:19:10.530,1.0595,1.05971
2013.03.13 00:19:11.091,1.0595,1.05974
2013.03.13 00:19:12.498,1.05944,1.05971
2013.03.13 00:19:12.643,1.05944,1.0597
2013.03.13 00:19:13.420,1.05944,1.0597
2013.03.13 00:19:13.488,1.05944,1.05971
2013.03.13 00:19:16.242,1.0595,1.05972
2013.03.13 00:19:16.429,1.05951,1.05977
2013.03.13 00:19:17.020,1.05947,1.05974
2013.03.13 00:19:24.017,1.05946,1.05973
2013.03.13 00:19:24.199,1.05947,1.05973
2013.03.13 00:19:24.798,1.05947,1.05972
2013.03.13 00:19:25.050,1.05947,1.05972
2013.03.13 00:19:25.667,1.05947,1.05971
2013.03.13 00:19:28.199,1.05947,1.05972
2013.03.13 00:19:36.448,1.05947,1.05971
2013.03.13 00:19:37.875,1.05944,1.05972
2013.03.13 00:19:38.949,1.05946,1.05972
2013.03.13 00:19:39.570,1.05944,1.05971
2013.03.13 00:19:39.630,1.05944,1.05971
2013.03.13 00:19:40.349,1.05944,1.05971
2013.03.13 00:19:47.310,1.0594,1.05966
2013.03.13 00:19:49.648,1.05944,1.0597
2013.03.13 00:19:50.926,1.05944,1.0597
2013.03.13 00:19:52.051,1.05944,1.0597
2013.03.13 00:19:52.892,1.05944,1.0597
2013.03.13 00:19:52.958,1.05944,1.0597
2013.03.13 00:19:53.322,1.05949,1.05975
2013.03.13 00:19:53.920,1.05949,1.05976
2013.03.13 00:19:54.475,1.05949,1.05976
2013.03.13 00:19:56.190,1.05949,1.05976
2013.03.13 00:19:56.308,1.05954,1.05978
2013.03.13 00:19:56.850,1.05954,1.0598
2013.03.13 00:19:56.910,1.05954,1.05979
2013.03.13 00:19:57.149,1.05949,1.05976
2013.03.13 00:19:57.508,1.05948,1.05975
2013.03.13 00:19:58.044,1.05948,1.05975
2013.03.13 00:19:59.019,1.05948,1.05972
2013.03.13 00:19:59.378,1.05947,1.05971
2013.03.13 00:20:03.089,1.05944,1.05971
2013.03.13 00:20:03.766,1.05943,1.05971
2013.03.13 00:20:04.106,1.05943,1.05971
2013.03.13 00:20:05.365,1.05944,1.05971
2013.03.13 00:20:11.303,1.05945,1.05971
2013.03.13 00:20:11.380,1.05951,1.05976
2013.03.13 00:20:11.559,1.05951,1.05977
2013.03.13 00:20:13.569,1.05951,1.05977
2013.03.13 00:20:13.989,1.05951,1.05975
2013.03.13 00:20:14.548,1.05945,1.05971
2013.03.13 00:20:15.165,1.05945,1.05971
2013.03.13 00:20:15.718,1.05943,1.05969
2013.03.13 00:20:16.949,1.05944,1.0597
2013.03.13 00:20:30.279,1.05946,1.05971
2013.03.13 00:20:30.914,1.05946,1.05971
2013.03.13 00:20:33.579,1.05946,1.05971
2013.03.13 00:20:34.418,1.05946,1.05972
2013.03.13 00:20:37.934,1.05945,1.0597
2013.03.13 00:20:50.699,1.05944,1.05969
2013.03.13 00:20:50.887,1.05946,1.05969
2013.03.13 00:20:51.159,1.05943,1.05967
2013.03.13 00:20:51.399,1.05944,1.05966
2013.03.13 00:20:52.899,1.05943,1.05966
2013.03.13 00:20:53.909,1.05942,1.05963
2013.03.13 00:20:54.447,1.05941,1.05963
2013.03.13 00:20:55.190,1.05941,1.05963
2013.03.13 00:21:01.668,1.05939,1.05957
2013.03.13 00:21:01.729,1.05938,1.05956
2013.03.13 00:21:04.009,1.05936,1.05956
2013.03.13 00:21:04.550,1.05932,1.05956
2013.03.13 00:21:04.910,1.05932,1.05956
2013.03.13 00:21:04.984,1.05931,1.05956
2013.03.13 00:21:05.299,1.05932,1.05956
2013.03.13 00:21:05.419,1.05931,1.05956
2013.03.13 00:21:05.947,1.05931,1.05956
2013.03.13 00:21:06.439,1.05932,1.05954
2013.03.13 00:21:06.980,1.05931,1.05956
2013.03.13 00:21:07.221,1.05932,1.05954
2013.03.13 00:21:07.529,1.05927,1.05951
2013.03.13 00:21:07.649,1.05927,1.05953
2013.03.13 00:21:08.190,1.05931,1.05957
2013.03.13 00:21:08.549,1.05931,1.05957
2013.03.13 00:21:09.166,1.05931,1.05957
2013.03.13 00:21:09.934,1.05931,1.05957
2013.03.13 00:21:10.398,1.05931,1.05956
2013.03.13 00:21:11.342,1.05931,1.05956
2013.03.13 00:21:12.332,1.05931,1.05956
2013.03.13 00:21:12.399,1.05931,1.05954
2013.03.13 00:21:12.918,1.05926,1.05949
2013.03.13 00:21:13.479,1.05926,1.05949
2013.03.13 00:21:14.020,1.05926,1.05949
2013.03.13 00:21:15.099,1.05922,1.05943
2013.03.13 00:21:15.579,1.05922,1.05943
2013.03.13 00:21:15.889,1.05924,1.05946
2013.03.13 00:21:19.394,1.05922,1.05946
2013.03.13 00:21:21.200,1.05917,1.05942
2013.03.13 00:21:21.320,1.05915,1.05941
2013.03.13 00:21:22.082,1.05915,1.05941
2013.03.13 00:21:22.695,1.05915,1.05941
2013.03.13 00:21:23.399,1.05915,1.05941
2013.03.13 00:21:30.174,1.05915,1.05941
2013.03.13 00:21:31.275,1.05915,1.05941
2013.03.13 00:21:31.769,1.05915,1.05941
2013.03.13 00:21:32.969,1.05922,1.05946
2013.03.13 00:21:33.390,1.05922,1.05946
2013.03.13 00:21:33.569,1.05921,1.05946
2013.03.13 00:21:33.721,1.05923,1.05947
2013.03.13 00:21:33.899,1.05922,1.05949
2013.03.13 00:21:33.959,1.05922,1.05949
2013.03.13 00:21:34.140,1.05922,1.05949
2013.03.13 00:21:34.999,1.05924,1.05949
2013.03.13 00:21:35.070,1.05922,1.05946
2013.03.13 00:21:35.872,1.05922,1.05946
2013.03.13 00:21:36.200,1.05919,1.05946
2013.03.13 00:21:36.499,1.05922,1.05946
2013.03.13 00:21:36.859,1.05923,1.05948
2013.03.13 00:21:37.169,1.05927,1.05951
2013.03.13 00:21:37.929,1.05921,1.05947
2013.03.13 00:21:38.409,1.05919,1.05943
2013.03.13 00:21:38.727,1.05919,1.05941
2013.03.13 00:21:44.429,1.05922,1.05943
2013.03.13 00:21:44.489,1.05922,1.05942
2013.03.13 00:21:47.203,1.05916,1.0594
2013.03.13 00:21:47.864,1.05916,1.0594
2013.03.13 00:21:51.937,1.05916,1.0594
2013.03.13 00:21:52.189,1.05916,1.0594
2013.03.13 00:21:52.379,1.05916,1.0594
2013.03.13 00:21:53.861,1.05916,1.0594
2013.03.13 00:21:54.242,1.05916,1.0594
2013.03.13 00:21:54.853,1.05916,1.0594
2013.03.13 00:21:56.175,1.05916,1.0594
2013.03.13 00:21:56.669,1.0592,1.05946
2013.03.13 00:21:56.789,1.05923,1.05946
2013.03.13 00:21:56.969,1.05926,1.0595
2013.03.13 00:21:57.518,1.05926,1.0595
2013.03.13 00:21:58.539,1.05926,1.05952
2013.03.13 00:21:58.659,1.05927,1.05952
2013.03.13 00:21:59.210,1.05927,1.05953
2013.03.13 00:21:59.769,1.0593,1.05956
2013.03.13 00:22:00.768,1.0593,1.05956
2013.03.13 00:22:01.071,1.05925,1.05949
2013.03.13 00:22:01.311,1.05925,1.05949
2013.03.13 00:22:01.928,1.05925,1.05949
2013.03.13 00:22:02.572,1.05924,1.05949
2013.03.13 00:22:04.379,1.05922,1.05945
2013.03.13 00:22:09.128,1.0592,1.05945
2013.03.13 00:22:10.851,1.05919,1.05945
2013.03.13 00:22:11.329,1.0592,1.05945
2013.03.13 00:22:11.759,1.05924,1.05949
2013.03.13 00:22:12.399,1.05925,1.05949
2013.03.13 00:22:16.008,1.05925,1.05949
2013.03.13 00:22:20.104,1.05925,1.05949
2013.03.13 00:22:20.420,1.05925,1.05949
2013.03.13 00:22:20.627,1.05929,1.05955
2013.03.13 00:22:20.929,1.05932,1.05955
2013.03.13 00:22:20.989,1.05932,1.05957
2013.03.13 00:22:21.178,1.05932,1.05956
2013.03.13 00:22:21.926,1.05935,1.05959
2013.03.13 00:22:23.080,1.05935,1.05958
2013.03.13 00:22:23.140,1.05935,1.05958
2013.03.13 00:22:23.389,1.0593,1.05956
2013.03.13 00:22:23.687,1.0593,1.05954
2013.03.13 00:22:23.929,1.0593,1.05956
2013.03.13 00:22:27.209,1.0593,1.05955
2013.03.13 00:22:27.754,1.0593,1.05956
2013.03.13 00:22:28.879,1.0593,1.05955
2013.03.13 00:22:29.741,1.0593,1.05954
2013.03.13 00:22:30.278,1.0593,1.05954
2013.03.13 00:22:30.881,1.0593,1.05953
2013.03.13 00:22:31.629,1.0593,1.05954
2013.03.13 00:22:32.159,1.0593,1.05954
2013.03.13 00:22:32.709,1.0593,1.05954
2013.03.13 00:22:33.318,1.0593,1.05954
2013.03.13 00:22:34.841,1.0593,1.05954
2013.03.13 00:22:35.614,1.0593,1.05954
2013.03.13 00:22:36.100,1.0593,1.05954
2013.03.13 00:22:37.872,1.0593,1.05954
2013.03.13 00:22:38.378,1.05928,1.0595
2013.03.13 00:22:39.399,1.05927,1.05948
2013.03.13 00:22:39.459,1.05927,1.05948
2013.03.13 00:22:40.000,1.05919,1.05943
2013.03.13 00:22:40.240,1.05919,1.05943
2013.03.13 00:22:40.406,1.05919,1.05943
2013.03.13 00:22:41.692,1.05919,1.05943
2013.03.13 00:22:42.020,1.05914,1.05938
2013.03.13 00:22:42.869,1.05915,1.05938
2013.03.13 00:22:44.169,1.05914,1.05938
2013.03.13 00:22:44.759,1.05914,1.05938
2013.03.13 00:22:44.879,1.05914,1.05938
2013.03.13 00:22:45.301,1.05912,1.05933
2013.03.13 00:22:45.600,1.05915,1.05938
2013.03.13 00:22:45.721,1.05915,1.05939
2013.03.13 00:22:46.419,1.05911,1.05934
2013.03.13 00:22:46.940,1.05911,1.05936
2013.03.13 00:22:47.470,1.05911,1.05934
2013.03.13 00:22:47.709,1.05916,1.05937
2013.03.13 00:22:47.962,1.05915,1.05938
2013.03.13 00:22:48.558,1.05912,1.05934
2013.03.13 00:22:48.627,1.05909,1.05934
2013.03.13 00:22:48.929,1.05907,1.0593
2013.03.13 00:22:49.558,1.05907,1.0593
2013.03.13 00:22:50.444,1.05907,1.0593
2013.03.13 00:22:57.080,1.05908,1.05929
2013.03.13 00:22:57.335,1.05911,1.05931
2013.03.13 00:22:57.400,1.05912,1.05934
2013.03.13 00:22:57.469,1.05914,1.05934
2013.03.13 00:22:57.529,1.05914,1.05937
2013.03.13 00:22:57.770,1.05914,1.0594
2013.03.13 00:22:57.889,1.05914,1.05941
2013.03.13 00:22:58.016,1.05919,1.05943
2013.03.13 00:22:58.379,1.05922,1.05945
2013.03.13 00:22:58.499,1.05924,1.05948
2013.03.13 00:22:59.038,1.05924,1.05949
2013.03.13 00:22:59.159,1.05924,1.0595
2013.03.13 00:22:59.518,1.05924,1.0595
2013.03.13 00:23:00.982,1.05924,1.0595
2013.03.13 00:23:01.841,1.05924,1.0595
2013.03.13 00:23:02.021,1.05924,1.05948
2013.03.13 00:23:02.464,1.05924,1.05948
2013.03.13 00:23:03.360,1.05918,1.05945
2013.03.13 00:23:03.561,1.05919,1.05943
2013.03.13 00:23:03.625,1.05918,1.05943
2013.03.13 00:23:04.119,1.05917,1.05939
2013.03.13 00:23:04.359,1.05915,1.05939
2013.03.13 00:23:04.860,1.05915,1.05939
2013.03.13 00:23:08.584,1.05915,1.05939
2013.03.13 00:23:09.509,1.05915,1.05939
2013.03.13 00:23:09.749,1.05915,1.05939
2013.03.13 00:23:11.356,1.05915,1.05939
2013.03.13 00:23:12.149,1.05915,1.05939
2013.03.13 00:23:16.439,1.05915,1.05939
2013.03.13 00:23:16.920,1.05922,1.05946
2013.03.13 00:23:16.980,1.05921,1.05946
2013.03.13 00:23:17.220,1.05922,1.05947
2013.03.13 00:23:17.459,1.05922,1.05948
2013.03.13 00:23:17.639,1.05923,1.05948
2013.03.13 00:23:17.879,1.05926,1.05951
2013.03.13 00:23:18.179,1.05926,1.05949
2013.03.13 00:23:18.510,1.05921,1.05947
2013.03.13 00:23:19.312,1.05921,1.05945
2013.03.13 00:23:19.393,1.05921,1.05946
2013.03.13 00:23:21.704,1.05921,1.05945
2013.03.13 00:23:22.975,1.05921,1.05946
2013.03.13 00:23:24.389,1.05921,1.05947
2013.03.13 00:23:25.409,1.05921,1.05947
2013.03.13 00:23:26.003,1.05925,1.05951
2013.03.13 00:23:26.069,1.05925,1.05951
2013.03.13 00:23:26.130,1.05925,1.05951
2013.03.13 00:23:26.476,1.05925,1.05953
2013.03.13 00:23:30.299,1.05925,1.05953
2013.03.13 00:23:32.639,1.05925,1.05953
2013.03.13 00:23:33.185,1.05925,1.05953
2013.03.13 00:23:33.709,1.05931,1.05955
2013.03.13 00:23:34.356,1.05931,1.05956
2013.03.13 00:23:34.796,1.05931,1.05955
2013.03.13 00:23:35.199,1.05931,1.05958
2013.03.13 00:23:35.737,1.05931,1.05958
2013.03.13 00:23:35.809,1.05931,1.05956
2013.03.13 00:23:36.169,1.05935,1.05961
2013.03.13 00:23:36.939,1.05935,1.05961
2013.03.13 00:23:37.581,1.05935,1.05961
2013.03.13 00:23:37.939,1.05935,1.05962
2013.03.13 00:23:38.940,1.05936,1.05962
2013.03.13 00:23:39.299,1.05934,1.05961
2013.03.13 00:23:39.888,1.05934,1.05961
2013.03.13 00:23:40.160,1.05935,1.05961
2013.03.13 00:23:40.280,1.05932,1.05956
2013.03.13 00:23:40.788,1.05931,1.05956
2013.03.13 00:23:41.667,1.0593,1.05956
2013.03.13 00:23:41.909,1.0593,1.05956
2013.03.13 00:23:42.423,1.05926,1.05953
2013.03.13 00:23:42.619,1.05926,1.05953
2013.03.13 00:23:42.678,1.05926,1.05952
2013.03.13 00:23:43.120,1.05926,1.05953
2013.03.13 00:23:43.490,1.05928,1.05951
2013.03.13 00:23:44.330,1.05932,1.05956
2013.03.13 00:23:44.449,1.05933,1.05956
2013.03.13 00:23:44.689,1.05932,1.05956
2013.03.13 00:23:44.989,1.05928,1.05951
2013.03.13 00:23:45.349,1.05931,1.05952
2013.03.13 00:23:45.409,1.05931,1.05954
2013.03.13 00:23:45.650,1.05931,1.05957
2013.03.13 00:23:46.010,1.05931,1.05957
2013.03.13 00:23:47.363,1.05931,1.05955
2013.03.13 00:23:47.429,1.05931,1.05953
2013.03.13 00:23:47.800,1.05931,1.05953
2013.03.13 00:23:47.979,1.05931,1.05957
2013.03.13 00:23:48.758,1.05931,1.05957
2013.03.13 00:23:48.939,1.05931,1.05957
2013.03.13 00:23:49.180,1.05931,1.05957
2013.03.13 00:23:50.058,1.05931,1.05957
2013.03.13 00:23:50.179,1.05931,1.05954
2013.03.13 00:23:50.299,1.05931,1.05954
2013.03.13 00:23:51.111,1.05931,1.05954
2013.03.13 00:23:51.692,1.05931,1.05954
2013.03.13 00:23:52.559,1.05931,1.05954
2013.03.13 00:23:52.689,1.05931,1.05957
2013.03.13 00:23:52.928,1.05932,1.05958
2013.03.13 00:23:53.129,1.05932,1.05958
2013.03.13 00:23:53.459,1.05931,1.05957
2013.03.13 00:23:53.709,1.05931,1.05958
2013.03.13 00:23:53.893,1.05931,1.05957
2013.03.13 00:23:55.650,1.05931,1.05957
2013.03.13 00:23:56.169,1.05931,1.05957
2013.03.13 00:23:57.019,1.05931,1.05957
2013.03.13 00:23:57.210,1.05931,1.05958
2013.03.13 00:23:57.450,1.05931,1.05957
2013.03.13 00:23:57.749,1.05931,1.05957
2013.03.13 00:23:58.179,1.05931,1.05957
2013.03.13 00:24:06.370,1.05928,1.05953
2013.03.13 00:24:06.967,1.05928,1.05953
2013.03.13 00:24:07.630,1.05928,1.05953
2013.03.13 00:24:09.501,1.05928,1.05953
2013.03.13 00:24:10.528,1.05928,1.05953
2013.03.13 00:24:21.308,1.05926,1.05953
2013.03.13 00:24:21.629,1.05927,1.05952
2013.03.13 00:24:21.929,1.05926,1.05952
2013.03.13 00:24:21.989,1.05926,1.05952
2013.03.13 00:24:22.619,1.05926,1.05952
2013.03.13 00:24:30.619,1.05923,1.05947
2013.03.13 00:24:32.449,1.05919,1.05941
2013.03.13 00:24:32.752,1.05913,1.05937
2013.03.13 00:24:34.341,1.05912,1.05937
2013.03.13 00:24:34.520,1.05912,1.05936
2013.03.13 00:24:34.990,1.05912,1.05937
2013.03.13 00:24:36.384,1.05912,1.05936
2013.03.13 00:24:36.456,1.05912,1.05936
2013.03.13 00:24:36.624,1.05912,1.05936
2013.03.13 00:24:36.999,1.05912,1.05936
2013.03.13 00:24:37.180,1.05912,1.05936
2013.03.13 00:24:37.615,1.05912,1.05938
2013.03.13 00:24:37.679,1.05912,1.05938
2013.03.13 00:24:42.829,1.05912,1.05938
2013.03.13 00:24:43.509,1.05912,1.05937
2013.03.13 00:24:43.709,1.05912,1.05936
2013.03.13 00:24:46.900,1.05912,1.05936
2013.03.13 00:24:47.420,1.05912,1.05936
2013.03.13 00:24:47.479,1.05912,1.05938
2013.03.13 00:24:59.232,1.05912,1.05938
2013.03.13 00:25:09.660,1.05912,1.05938
2013.03.13 00:25:10.200,1.05912,1.05938
2013.03.13 00:25:33.759,1.05913,1.05939
2013.03.13 00:25:50.659,1.05913,1.05939
2013.03.13 00:25:51.654,1.05913,1.05939
2013.03.13 00:25:52.969,1.05913,1.05939
2013.03.13 00:25:57.289,1.05912,1.05936
2013.03.13 00:25:57.837,1.05912,1.05937
2013.03.13 00:25:58.299,1.05912,1.05936
2013.03.13 00:25:58.658,1.05912,1.05936
2013.03.13 00:26:00.469,1.05917,1.05941
2013.03.13 00:26:11.230,1.05917,1.05941
2013.03.13 00:26:11.550,1.05916,1.05941
2013.03.13 00:26:18.979,1.05917,1.05941
2013.03.13 00:26:33.378,1.05914,1.05939
2013.03.13 00:26:40.229,1.05914,1.05939
2013.03.13 00:27:06.228,1.05914,1.05939
2013.03.13 00:27:08.545,1.05914,1.05939
2013.03.13 00:27:18.975,1.05914,1.05939
2013.03.13 00:27:25.146,1.05916,1.0594
2013.03.13 00:27:46.939,1.05916,1.05939
2013.03.13 00:27:51.696,1.05916,1.05939
2013.03.13 00:27:54.348,1.05917,1.05943
2013.03.13 00:27:55.039,1.05917,1.05943
2013.03.13 00:27:55.219,1.05922,1.05945
2013.03.13 00:27:55.340,1.05923,1.05946
2013.03.13 00:28:00.650,1.05923,1.05947
2013.03.13 00:28:02.076,1.05923,1.05947
2013.03.13 00:28:02.260,1.05926,1.05952
2013.03.13 00:28:03.463,1.05925,1.05948
2013.03.13 00:28:03.659,1.05922,1.05948
2013.03.13 00:28:03.720,1.05922,1.05948
2013.03.13 00:28:12.639,1.05922,1.05948
2013.03.13 00:28:14.240,1.05922,1.05948
2013.03.13 00:28:17.340,1.05922,1.05948
2013.03.13 00:28:21.280,1.0592,1.05944
2013.03.13 00:28:21.400,1.0592,1.05944
2013.03.13 00:28:24.129,1.05922,1.05948
2013.03.13 00:28:25.529,1.05922,1.05948
2013.03.13 00:28:25.588,1.05923,1.05948
2013.03.13 00:28:25.730,1.05923,1.05948
2013.03.13 00:28:30.203,1.05923,1.05948
2013.03.13 00:28:30.319,1.05922,1.05948
2013.03.13 00:28:41.971,1.05922,1.05948
2013.03.13 00:28:44.259,1.05922,1.05948
2013.03.13 00:29:00.559,1.05923,1.05943
2013.03.13 00:29:04.551,1.05923,1.05949
2013.03.13 00:29:27.459,1.05922,1.05944
2013.03.13 00:29:30.270,1.05922,1.05948
2013.03.13 00:29:31.008,1.05922,1.05947
2013.03.13 00:29:33.239,1.05922,1.05949
2013.03.13 00:29:33.720,1.05922,1.05949
2013.03.13 00:29:34.409,1.05923,1.05949
2013.03.13 00:29:34.920,1.05923,1.05949
2013.03.13 00:29:35.379,1.05922,1.05949
2013.03.13 00:29:38.309,1.05922,1.05948
2013.03.13 00:29:41.936,1.05922,1.05949
2013.03.13 00:29:43.719,1.05922,1.05949
2013.03.13 00:29:45.234,1.05922,1.05949
2013.03.13 00:29:47.650,1.05921,1.05948
2013.03.13 00:29:47.709,1.0592,1.05948
2013.03.13 00:29:48.013,1.05917,1.05945
2013.03.13 00:29:48.080,1.05916,1.05941
2013.03.13 00:29:48.714,1.05916,1.05941
2013.03.13 00:29:50.272,1.05915,1.05941
2013.03.13 00:29:51.196,1.05915,1.05941
2013.03.13 00:29:51.540,1.05909,1.05936
2013.03.13 00:29:51.789,1.05909,1.05936
2013.03.13 00:29:51.971,1.05908,1.05936
2013.03.13 00:29:52.210,1.05908,1.05935
2013.03.13 00:29:52.361,1.05905,1.05932
2013.03.13 00:29:52.421,1.05904,1.05932
2013.03.13 00:29:52.660,1.05903,1.05929
2013.03.13 00:29:53.179,1.05903,1.05932
2013.03.13 00:29:55.122,1.05899,1.05932
2013.03.13 00:29:56.914,1.05896,1.05934
2013.03.13 00:29:57.430,1.05899,1.05935
2013.03.13 00:29:57.490,1.05901,1.05939
2013.03.13 00:29:57.909,1.05904,1.05938
2013.03.13 00:29:58.410,1.05909,1.05946
2013.03.13 00:29:58.764,1.05909,1.05948
2013.03.13 00:29:58.889,1.05911,1.05948
2013.03.13 00:30:00.042,1.05911,1.05949
2013.03.13 00:30:00.099,1.05911,1.05949
2013.03.13 00:30:00.554,1.0591,1.05945
2013.03.13 00:30:01.116,1.05907,1.05943
2013.03.13 00:30:01.490,1.05913,1.05945
2013.03.13 00:30:01.550,1.05913,1.05949
2013.03.13 00:30:01.610,1.05915,1.05944
2013.03.13 00:30:01.911,1.05914,1.05947
2013.03.13 00:30:02.030,1.05914,1.0595
2013.03.13 00:30:02.449,1.05914,1.05951
2013.03.13 00:30:04.613,1.05914,1.0595
2013.03.13 00:30:05.563,1.05914,1.05951
2013.03.13 00:30:06.032,1.05914,1.05949
2013.03.13 00:30:07.779,1.05913,1.05948
2013.03.13 00:30:08.421,1.05913,1.05948
2013.03.13 00:30:08.774,1.05907,1.05941
2013.03.13 00:30:09.220,1.05906,1.05937
2013.03.13 00:30:09.400,1.05903,1.05937
2013.03.13 00:30:09.460,1.05903,1.05937
2013.03.13 00:30:09.761,1.05902,1.05933
2013.03.13 00:30:10.299,1.05894,1.05928
2013.03.13 00:30:10.601,1.05891,1.05921
2013.03.13 00:30:10.783,1.05887,1.05921
2013.03.13 00:30:10.850,1.05889,1.05921
2013.03.13 00:30:11.154,1.05889,1.05915
2013.03.13 00:30:11.461,1.05881,1.05912
2013.03.13 00:30:11.522,1.05881,1.05912
2013.03.13 00:30:11.640,1.05881,1.05913
2013.03.13 00:30:12.074,1.05881,1.05916
2013.03.13 00:30:12.152,1.05879,1.05912
2013.03.13 00:30:12.210,1.05879,1.05912
2013.03.13 00:30:12.750,1.05878,1.05913
2013.03.13 00:30:13.202,1.05878,1.05913
2013.03.13 00:30:13.973,1.05878,1.05913
2013.03.13 00:30:14.143,1.05877,1.05913
2013.03.13 00:30:14.210,1.05877,1.05913
2013.03.13 00:30:14.569,1.05876,1.05909
2013.03.13 00:30:14.752,1.05874,1.05909
2013.03.13 00:30:14.940,1.05879,1.05911
2013.03.13 00:30:15.420,1.05879,1.05912
2013.03.13 00:30:15.480,1.05881,1.05915
2013.03.13 00:30:15.660,1.05882,1.05917
2013.03.13 00:30:16.348,1.05882,1.05917
2013.03.13 00:30:16.855,1.05882,1.05916
2013.03.13 00:30:17.369,1.05885,1.0592
2013.03.13 00:30:17.730,1.05885,1.0592
2013.03.13 00:30:17.849,1.05882,1.05918
2013.03.13 00:30:17.970,1.05887,1.05914
2013.03.13 00:30:18.487,1.05887,1.05914
2013.03.13 00:30:19.080,1.05887,1.05914
2013.03.13 00:30:19.688,1.05887,1.05914
2013.03.13 00:30:20.348,1.05887,1.05914
2013.03.13 00:30:20.700,1.05884,1.05911
2013.03.13 00:30:21.326,1.05884,1.05911
2013.03.13 00:30:21.834,1.05884,1.05911
2013.03.13 00:30:22.140,1.05888,1.05915
2013.03.13 00:30:22.201,1.05888,1.05917
2013.03.13 00:30:22.501,1.05895,1.05918
2013.03.13 00:30:22.679,1.05895,1.05918
2013.03.13 00:30:22.920,1.05895,1.05922
2013.03.13 00:30:23.219,1.05897,1.05922
2013.03.13 00:30:23.730,1.05901,1.05928
2013.03.13 00:30:24.091,1.05906,1.05928
2013.03.13 00:30:24.330,1.05901,1.05924
2013.03.13 00:30:24.450,1.05901,1.05924
2013.03.13 00:30:24.631,1.05894,1.05922
2013.03.13 00:30:24.690,1.05894,1.05922
2013.03.13 00:30:25.188,1.05894,1.05921
2013.03.13 00:30:25.730,1.05894,1.05921
2013.03.13 00:30:26.239,1.05894,1.05921
2013.03.13 00:30:26.759,1.05894,1.05919
2013.03.13 00:30:27.300,1.05892,1.05917
2013.03.13 00:30:27.360,1.05891,1.05917
2013.03.13 00:30:30.584,1.05891,1.05917
2013.03.13 00:30:30.843,1.05891,1.05915
2013.03.13 00:30:31.174,1.0589,1.05911
2013.03.13 00:30:31.701,1.05889,1.05912
2013.03.13 00:30:40.220,1.05886,1.05912
2013.03.13 00:30:40.400,1.05886,1.05909
2013.03.13 00:30:40.460,1.05885,1.05909
2013.03.13 00:30:41.777,1.05886,1.05911
2013.03.13 00:30:43.270,1.05885,1.05906
2013.03.13 00:30:43.331,1.0588,1.05906
2013.03.13 00:30:43.469,1.0588,1.05905
2013.03.13 00:30:45.516,1.0588,1.05906
2013.03.13 00:30:50.441,1.05881,1.05906
2013.03.13 00:30:50.992,1.05884,1.05906
2013.03.13 00:30:55.620,1.0588,1.05906
2013.03.13 00:30:56.147,1.05879,1.05907
2013.03.13 00:31:02.366,1.05879,1.05907
2013.03.13 00:31:08.199,1.05881,1.05907
2013.03.13 00:31:08.638,1.05884,1.05912
2013.03.13 00:31:09.191,1.05884,1.05912
2013.03.13 00:31:09.660,1.05884,1.05909
2013.03.13 00:31:10.642,1.05884,1.05907
2013.03.13 00:31:14.685,1.05884,1.05906
2013.03.13 00:31:16.240,1.05884,1.05908
2013.03.13 00:31:17.602,1.05884,1.05908
2013.03.13 00:31:19.689,1.05884,1.05909
2013.03.13 00:31:19.750,1.0589,1.05909
2013.03.13 00:31:21.650,1.0589,1.05913
2013.03.13 00:31:21.954,1.0589,1.05913
2013.03.13 00:31:27.354,1.0589,1.05914
2013.03.13 00:31:29.449,1.0589,1.05914
2013.03.13 00:31:30.467,1.05887,1.05909
2013.03.13 00:31:30.590,1.05885,1.05909
2013.03.13 00:31:32.080,1.05886,1.05909
2013.03.13 00:31:32.910,1.05886,1.05909
2013.03.13 00:31:36.642,1.05885,1.05909
2013.03.13 00:31:40.211,1.05884,1.05908
2013.03.13 00:31:40.531,1.05884,1.05908
2013.03.13 00:31:41.202,1.05884,1.05908
2013.03.13 00:31:42.739,1.05882,1.05908
2013.03.13 00:31:42.800,1.05881,1.05907
2013.03.13 00:31:43.731,1.05881,1.05907
2013.03.13 00:31:44.091,1.05881,1.05907
2013.03.13 00:31:44.760,1.05881,1.05907
2013.03.13 00:31:45.172,1.05881,1.05907
2013.03.13 00:31:46.171,1.05881,1.05907
2013.03.13 00:31:46.410,1.05881,1.05907
2013.03.13 00:31:47.100,1.05881,1.05907
2013.03.13 00:31:47.400,1.05881,1.05908
2013.03.13 00:31:47.460,1.05884,1.05909
2013.03.13 00:31:47.751,1.05884,1.0591
2013.03.13 00:31:49.018,1.05884,1.05909
2013.03.13 00:31:51.083,1.05884,1.05909
2013.03.13 00:31:51.449,1.05884,1.05909
2013.03.13 00:31:52.659,1.05887,1.05911
2013.03.13 00:31:57.110,1.05887,1.05912
2013.03.13 00:31:57.367,1.05887,1.05912
2013.03.13 00:31:58.540,1.05887,1.05913
2013.03.13 00:31:59.171,1.05889,1.05911
2013.03.13 00:31:59.431,1.05887,1.05911
2013.03.13 00:31:59.842,1.05888,1.05911
2013.03.13 00:32:00.222,1.05887,1.05911
2013.03.13 00:32:00.772,1.05888,1.05911
2013.03.13 00:32:01.130,1.05892,1.05916
2013.03.13 00:32:03.745,1.05892,1.05916
2013.03.13 00:32:04.364,1.05892,1.05916
2013.03.13 00:32:05.372,1.05892,1.05917
2013.03.13 00:32:05.761,1.05892,1.05916
2013.03.13 00:32:06.585,1.05895,1.05918
2013.03.13 00:32:08.720,1.05895,1.05918
2013.03.13 00:32:09.020,1.05892,1.05917
2013.03.13 00:32:09.700,1.05892,1.05918
2013.03.13 00:32:10.260,1.05892,1.05918
2013.03.13 00:32:10.459,1.05892,1.05918
2013.03.13 00:32:10.861,1.05896,1.0592
2013.03.13 00:32:10.921,1.05896,1.0592
2013.03.13 00:32:11.240,1.05896,1.05923
2013.03.13 00:32:11.660,1.05897,1.05923
2013.03.13 00:32:12.210,1.05897,1.05923
2013.03.13 00:32:12.626,1.05897,1.05923
2013.03.13 00:32:13.171,1.05896,1.05922
2013.03.13 00:32:13.651,1.05892,1.05918
2013.03.13 00:32:13.713,1.05893,1.05918
2013.03.13 00:32:14.020,1.05893,1.05917
2013.03.13 00:32:14.520,1.05891,1.05913
2013.03.13 00:32:14.612,1.05887,1.05913
2013.03.13 00:32:15.740,1.05887,1.0591
2013.03.13 00:32:16.499,1.05887,1.05909
2013.03.13 00:32:19.283,1.05887,1.05913
2013.03.13 00:32:20.160,1.05888,1.05914
2013.03.13 00:32:20.521,1.05891,1.05918
2013.03.13 00:32:20.761,1.0589,1.05913
2013.03.13 00:32:21.310,1.05892,1.05914
2013.03.13 00:32:21.430,1.05893,1.05917
2013.03.13 00:32:21.850,1.05891,1.05917
2013.03.13 00:32:23.031,1.05893,1.05919
2013.03.13 00:32:23.416,1.05896,1.05919
2013.03.13 00:32:23.481,1.05896,1.05919
2013.03.13 00:32:25.304,1.05896,1.05918
2013.03.13 00:32:26.075,1.05891,1.05917
2013.03.13 00:32:26.142,1.0589,1.05914
2013.03.13 00:32:26.501,1.05891,1.05919
2013.03.13 00:32:26.800,1.05891,1.05917
2013.03.13 00:32:29.151,1.05894,1.0592
2013.03.13 00:32:29.213,1.05895,1.05921
2013.03.13 00:32:29.601,1.05895,1.05918
2013.03.13 00:32:29.948,1.05896,1.05918
2013.03.13 00:32:30.131,1.05898,1.05918
2013.03.13 00:32:30.490,1.05901,1.05924
2013.03.13 00:32:30.550,1.05907,1.05924
2013.03.13 00:32:30.791,1.05907,1.05928
2013.03.13 00:32:31.452,1.05904,1.05928
2013.03.13 00:32:31.841,1.05904,1.0593
2013.03.13 00:32:32.367,1.05904,1.0593
2013.03.13 00:32:32.675,1.05904,1.0593
2013.03.13 00:32:33.251,1.05904,1.0593
2013.03.13 00:32:33.720,1.05904,1.0593
2013.03.13 00:32:34.984,1.05904,1.0593
2013.03.13 00:32:35.335,1.05904,1.05929
2013.03.13 00:32:38.060,1.05906,1.05929
2013.03.13 00:32:38.517,1.05906,1.05929
2013.03.13 00:32:38.911,1.05904,1.05928
2013.03.13 00:32:39.271,1.05901,1.05923
2013.03.13 00:32:39.571,1.05901,1.05923
2013.03.13 00:32:39.690,1.05901,1.05923
2013.03.13 00:32:39.933,1.05901,1.05926
2013.03.13 00:32:40.180,1.05902,1.05928
2013.03.13 00:32:40.762,1.05906,1.05932
2013.03.13 00:32:41.181,1.05907,1.05933
2013.03.13 00:32:41.240,1.0591,1.05933
2013.03.13 00:32:42.001,1.05912,1.05938
2013.03.13 00:32:42.122,1.05912,1.05938
2013.03.13 00:32:42.500,1.05915,1.0594
2013.03.13 00:32:47.230,1.05917,1.05941
2013.03.13 00:32:47.600,1.05912,1.05938
2013.03.13 00:32:47.842,1.05912,1.05938
2013.03.13 00:32:48.380,1.05911,1.05938
2013.03.13 00:32:50.760,1.05911,1.05938
2013.03.13 00:32:51.181,1.05911,1.05938
2013.03.13 00:32:52.180,1.05911,1.05938
2013.03.13 00:32:52.704,1.05911,1.05938
2013.03.13 00:32:54.421,1.05911,1.05937
2013.03.13 00:32:58.119,1.05908,1.05934
2013.03.13 00:32:59.341,1.05908,1.05934
2013.03.13 00:33:00.168,1.05908,1.05934
2013.03.13 00:33:03.300,1.05908,1.05934
2013.03.13 00:33:03.420,1.05911,1.05934
2013.03.13 00:33:03.540,1.05911,1.05938
2013.03.13 00:33:03.901,1.05914,1.05939
2013.03.13 00:33:04.439,1.05914,1.05939
2013.03.13 00:33:05.927,1.05914,1.05939
2013.03.13 00:33:07.040,1.05913,1.05939
2013.03.13 00:33:08.159,1.05913,1.05939
2013.03.13 00:33:08.374,1.05912,1.05939
2013.03.13 00:33:09.160,1.05912,1.05939
2013.03.13 00:33:13.193,1.05912,1.05939
2013.03.13 00:33:13.909,1.05913,1.05939
2013.03.13 00:33:14.450,1.05913,1.05939
2013.03.13 00:33:16.730,1.05912,1.05939
2013.03.13 00:33:16.850,1.05913,1.05939
2013.03.13 00:33:17.997,1.0592,1.05944
2013.03.13 00:33:18.242,1.05919,1.05943
2013.03.13 00:33:18.500,1.05916,1.05934
2013.03.13 00:33:18.800,1.05908,1.05932
2013.03.13 00:33:20.000,1.05907,1.05932
2013.03.13 00:33:20.730,1.05907,1.05932
2013.03.13 00:33:21.132,1.05907,1.05932
2013.03.13 00:33:21.480,1.05907,1.05932
2013.03.13 00:33:21.930,1.05907,1.05929
2013.03.13 00:33:22.259,1.05908,1.05929
2013.03.13 00:33:22.620,1.05908,1.05929
2013.03.13 00:33:27.410,1.05908,1.05932
2013.03.13 00:33:27.478,1.05912,1.05934
2013.03.13 00:33:27.600,1.05912,1.05937
2013.03.13 00:33:28.020,1.05913,1.05937
2013.03.13 00:33:28.571,1.05913,1.05937
2013.03.13 00:33:28.930,1.05913,1.05934
2013.03.13 00:33:29.480,1.05913,1.05937
2013.03.13 00:33:30.298,1.05913,1.05937
2013.03.13 00:33:30.360,1.05913,1.05937
2013.03.13 00:33:30.419,1.05918,1.05938
2013.03.13 00:33:30.540,1.05919,1.05938
2013.03.13 00:33:31.150,1.05919,1.05938
2013.03.13 00:33:37.450,1.05915,1.05936
2013.03.13 00:33:37.511,1.05912,1.05934
2013.03.13 00:33:37.691,1.05912,1.05934
2013.03.13 00:33:37.870,1.05912,1.05934
2013.03.13 00:33:38.394,1.05912,1.05934
2013.03.13 00:33:38.460,1.05912,1.05934
2013.03.13 00:33:38.700,1.05912,1.05934
2013.03.13 00:33:38.913,1.05912,1.05934
2013.03.13 00:33:39.516,1.05912,1.05934
2013.03.13 00:33:39.700,1.05915,1.05936
2013.03.13 00:33:40.179,1.05916,1.0594
2013.03.13 00:33:40.240,1.05918,1.05943
2013.03.13 00:33:40.300,1.05919,1.05942
2013.03.13 00:33:40.600,1.0592,1.05946
2013.03.13 00:33:40.732,1.0592,1.05945
2013.03.13 00:33:41.280,1.0592,1.05946
2013.03.13 00:33:41.810,1.0592,1.05945
2013.03.13 00:33:45.151,1.05919,1.05944
2013.03.13 00:33:45.301,1.05919,1.05944
2013.03.13 00:33:46.171,1.05919,1.05944
2013.03.13 00:33:46.631,1.05919,1.05944
2013.03.13 00:33:47.290,1.05919,1.05944
2013.03.13 00:33:47.485,1.05919,1.05944
2013.03.13 00:33:47.721,1.05919,1.05944
2013.03.13 00:33:49.920,1.05919,1.05945
2013.03.13 00:33:51.580,1.05919,1.05945
2013.03.13 00:33:51.780,1.05919,1.05945
2013.03.13 00:33:52.530,1.05919,1.05945
2013.03.13 00:33:52.860,1.05919,1.05945
2013.03.13 00:33:57.081,1.05919,1.05944
2013.03.13 00:33:57.330,1.05921,1.05946
2013.03.13 00:33:57.391,1.05921,1.05946
2013.03.13 00:33:57.910,1.05921,1.05946
2013.03.13 00:33:58.301,1.05921,1.05946
2013.03.13 00:33:58.892,1.05925,1.05949
2013.03.13 00:33:59.498,1.05925,1.05949
2013.03.13 00:34:00.131,1.05923,1.05949
2013.03.13 00:34:00.250,1.05923,1.05947
2013.03.13 00:34:02.080,1.05921,1.05945
2013.03.13 00:34:02.390,1.05921,1.05947
2013.03.13 00:34:03.810,1.05921,1.05945
2013.03.13 00:34:05.280,1.05921,1.05945
2013.03.13 00:34:08.501,1.05919,1.05941
2013.03.13 00:34:08.561,1.05919,1.05941
2013.03.13 00:34:09.101,1.05914,1.05937
2013.03.13 00:34:09.641,1.05912,1.05934
2013.03.13 00:34:09.701,1.05908,1.05934
2013.03.13 00:34:10.851,1.05911,1.05934
2013.03.13 00:34:13.820,1.05915,1.05934
2013.03.13 00:34:14.360,1.05915,1.05938
2013.03.13 00:34:14.420,1.05914,1.05938
2013.03.13 00:34:14.740,1.05914,1.05939
2013.03.13 00:34:16.524,1.05914,1.05939
2013.03.13 00:34:18.300,1.05914,1.05938
2013.03.13 00:34:19.100,1.05915,1.05938
2013.03.13 00:34:20.537,1.05915,1.05938
2013.03.13 00:34:21.221,1.0592,1.05942
2013.03.13 00:34:21.781,1.0592,1.05944
2013.03.13 00:34:21.961,1.05922,1.05944
2013.03.13 00:34:22.210,1.05925,1.05947
2013.03.13 00:34:22.331,1.05926,1.05949
2013.03.13 00:34:22.640,1.05929,1.05949
2013.03.13 00:34:22.700,1.05925,1.05949
2013.03.13 00:34:23.508,1.05925,1.0595
2013.03.13 00:34:26.620,1.05926,1.05951
2013.03.13 00:34:27.360,1.05931,1.05956
2013.03.13 00:34:27.480,1.05931,1.05957
2013.03.13 00:34:28.023,1.05936,1.05959
2013.03.13 00:34:28.330,1.05937,1.05959
2013.03.13 00:34:28.891,1.0594,1.05962
2013.03.13 00:34:31.300,1.05941,1.05962
2013.03.13 00:34:31.360,1.05941,1.05965
2013.03.13 00:34:31.540,1.05946,1.05967
2013.03.13 00:34:31.720,1.05943,1.05967
2013.03.13 00:34:31.902,1.05947,1.05971
2013.03.13 00:34:36.850,1.05947,1.05973
2013.03.13 00:34:37.359,1.05947,1.05973
2013.03.13 00:34:37.480,1.05947,1.05973
2013.03.13 00:34:38.830,1.05942,1.05967
2013.03.13 00:34:39.420,1.05942,1.05967
2013.03.13 00:34:39.721,1.05937,1.05961
2013.03.13 00:34:40.031,1.05937,1.05961
2013.03.13 00:34:42.880,1.05937,1.05961
2013.03.13 00:34:43.391,1.05937,1.05961
2013.03.13 00:34:45.441,1.05937,1.05961
2013.03.13 00:34:48.161,1.05939,1.05963
2013.03.13 00:34:48.220,1.05942,1.05963
2013.03.13 00:34:48.281,1.05942,1.05963
2013.03.13 00:34:48.461,1.05942,1.05966
2013.03.13 00:34:48.602,1.05942,1.05966
2013.03.13 00:34:57.599,1.05942,1.05966
2013.03.13 00:34:57.850,1.05942,1.05965
2013.03.13 00:34:58.370,1.05946,1.05968
2013.03.13 00:34:58.490,1.05946,1.05968
2013.03.13 00:34:59.230,1.05946,1.05968
2013.03.13 00:35:01.160,1.05942,1.05966
2013.03.13 00:35:01.870,1.05942,1.05966
2013.03.13 00:35:02.658,1.05942,1.05966
2013.03.13 00:35:04.732,1.05942,1.05966
2013.03.13 00:35:07.294,1.05942,1.05966
2013.03.13 00:35:07.795,1.05942,1.05966
2013.03.13 00:35:08.306,1.05942,1.05966
2013.03.13 00:35:09.330,1.05942,1.05967
2013.03.13 00:35:11.349,1.05943,1.05968
2013.03.13 00:35:13.610,1.05942,1.05964
2013.03.13 00:35:14.129,1.05942,1.05964
2013.03.13 00:35:17.973,1.05942,1.05964
2013.03.13 00:35:35.160,1.05943,1.05967
2013.03.13 00:35:35.220,1.05946,1.05968
2013.03.13 00:35:35.580,1.05947,1.05972
2013.03.13 00:35:35.760,1.05948,1.05972
2013.03.13 00:35:37.089,1.0595,1.05973
2013.03.13 00:35:37.652,1.0595,1.05973
2013.03.13 00:35:39.073,1.05948,1.05972
2013.03.13 00:35:43.012,1.05948,1.05972
2013.03.13 00:35:43.670,1.05948,1.05972
2013.03.13 00:35:49.187,1.05947,1.05968
2013.03.13 00:35:56.820,1.05947,1.05973
2013.03.13 00:35:56.942,1.0595,1.05973
2013.03.13 00:35:57.061,1.0595,1.05973
2013.03.13 00:35:57.120,1.0595,1.05973
2013.03.13 00:35:57.600,1.05947,1.05973
2013.03.13 00:35:57.720,1.05947,1.05973
2013.03.13 00:35:58.331,1.05947,1.05968
2013.03.13 00:35:58.881,1.05947,1.05968
2013.03.13 00:35:59.446,1.05947,1.05968
2013.03.13 00:36:03.020,1.05947,1.05968
2013.03.13 00:36:08.601,1.05946,1.05968
2013.03.13 00:36:12.521,1.05946,1.05968
2013.03.13 00:36:15.166,1.05946,1.05968
2013.03.13 00:36:17.302,1.05946,1.05968
2013.03.13 00:36:18.305,1.05945,1.05967
2013.03.13 00:36:20.538,1.05942,1.05965
2013.03.13 00:36:21.090,1.05942,1.05965
2013.03.13 00:36:27.700,1.05941,1.05965
2013.03.13 00:36:33.298,1.0594,1.05965
2013.03.13 00:36:33.628,1.05941,1.05965
2013.03.13 00:36:34.361,1.05941,1.05965
2013.03.13 00:36:35.417,1.05941,1.05965
2013.03.13 00:36:49.708,1.05941,1.05965
2013.03.13 00:36:51.601,1.05939,1.05965
2013.03.13 00:36:56.740,1.05939,1.0596
2013.03.13 00:36:56.980,1.05936,1.0596
2013.03.13 00:36:57.041,1.05937,1.0596
2013.03.13 00:36:57.161,1.05936,1.0596
2013.03.13 00:36:57.518,1.05935,1.0596
2013.03.13 00:36:58.722,1.05936,1.0596
2013.03.13 00:36:59.309,1.05936,1.0596
2013.03.13 00:36:59.820,1.05936,1.0596
2013.03.13 00:36:59.940,1.05936,1.0596
2013.03.13 00:37:00.256,1.05936,1.0596
2013.03.13 00:37:00.381,1.05936,1.05963
2013.03.13 00:37:00.620,1.05936,1.0596
2013.03.13 00:37:01.167,1.05936,1.0596
2013.03.13 00:37:01.835,1.05939,1.05963
2013.03.13 00:37:02.023,1.0594,1.05963
2013.03.13 00:37:02.574,1.05941,1.05965
2013.03.13 00:37:03.080,1.0594,1.05964
2013.03.13 00:37:03.631,1.05937,1.0596
2013.03.13 00:37:03.750,1.05937,1.0596
2013.03.13 00:37:05.885,1.05937,1.0596
2013.03.13 00:37:10.120,1.05937,1.0596
2013.03.13 00:37:10.942,1.05937,1.0596
2013.03.13 00:37:15.480,1.05936,1.0596
2013.03.13 00:37:16.000,1.05937,1.0596
2013.03.13 00:37:22.672,1.0594,1.05965
2013.03.13 00:37:34.391,1.05942,1.05966
2013.03.13 00:37:34.741,1.05942,1.05966
2013.03.13 00:37:35.581,1.05946,1.05969
2013.03.13 00:37:35.761,1.05948,1.0597
2013.03.13 00:37:40.091,1.05952,1.05976
2013.03.13 00:37:40.151,1.05953,1.05976
2013.03.13 00:37:40.722,1.05957,1.0598
2013.03.13 00:37:40.902,1.05957,1.0598
2013.03.13 00:37:41.930,1.05957,1.05984
2013.03.13 00:37:44.601,1.05957,1.05981
2013.03.13 00:37:44.720,1.05953,1.05976
2013.03.13 00:37:44.840,1.05953,1.05974
2013.03.13 00:37:45.281,1.05956,1.05974
2013.03.13 00:37:45.401,1.05957,1.0598
2013.03.13 00:37:53.610,1.05957,1.05984
2013.03.13 00:37:54.151,1.05961,1.05984
2013.03.13 00:37:55.190,1.05961,1.05987
2013.03.13 00:37:57.724,1.05961,1.05987
2013.03.13 00:38:02.486,1.05961,1.05987
2013.03.13 00:38:05.800,1.05961,1.05987
2013.03.13 00:38:07.250,1.05961,1.05987
2013.03.13 00:38:08.043,1.05961,1.05987
2013.03.13 00:38:08.880,1.05961,1.05987
2013.03.13 00:38:09.640,1.05961,1.05987
2013.03.13 00:38:12.505,1.05961,1.05987
2013.03.13 00:38:12.821,1.05963,1.05987
2013.03.13 00:38:13.283,1.05963,1.05987
2013.03.13 00:38:13.351,1.05962,1.05986
2013.03.13 00:38:13.412,1.05962,1.05986
2013.03.13 00:38:14.250,1.05961,1.05986
2013.03.13 00:38:16.032,1.05961,1.05986
2013.03.13 00:38:16.861,1.05959,1.05984
2013.03.13 00:38:17.701,1.05959,1.05984
2013.03.13 00:38:17.940,1.05957,1.05982
2013.03.13 00:38:18.000,1.05956,1.05982
2013.03.13 00:38:20.181,1.05956,1.05982
2013.03.13 00:38:20.301,1.05958,1.05984
2013.03.13 00:38:20.675,1.05961,1.05983
2013.03.13 00:38:22.661,1.05961,1.05984
2013.03.13 00:38:22.872,1.05961,1.05983
2013.03.13 00:38:25.011,1.05961,1.05984
2013.03.13 00:38:25.560,1.05961,1.05984
2013.03.13 00:38:29.435,1.05957,1.05982
2013.03.13 00:38:29.561,1.05956,1.05982
2013.03.13 00:38:31.338,1.05956,1.05978
2013.03.13 00:38:32.951,1.05954,1.05978
2013.03.13 00:38:33.380,1.05952,1.05977
2013.03.13 00:38:33.441,1.05951,1.05976
2013.03.13 00:38:33.680,1.05951,1.05974
2013.03.13 00:38:33.921,1.05951,1.05976
2013.03.13 00:38:34.231,1.05951,1.05974
2013.03.13 00:38:34.590,1.05954,1.05976
2013.03.13 00:38:35.250,1.05956,1.05979
2013.03.13 00:38:35.492,1.05951,1.05975
2013.03.13 00:38:35.970,1.0595,1.05976
2013.03.13 00:38:36.115,1.05954,1.05978
2013.03.13 00:38:36.421,1.05954,1.0598
2013.03.13 00:38:36.951,1.05954,1.05978
2013.03.13 00:38:37.270,1.05954,1.05978
2013.03.13 00:38:37.845,1.05949,1.05975
2013.03.13 00:38:37.910,1.05948,1.05975
2013.03.13 00:38:38.157,1.05947,1.0597
2013.03.13 00:38:38.801,1.05944,1.0597
2013.03.13 00:38:39.371,1.05944,1.0597
2013.03.13 00:38:40.241,1.05947,1.05971
2013.03.13 00:38:42.940,1.05948,1.0597
2013.03.13 00:38:43.372,1.05949,1.05974
2013.03.13 00:38:53.117,1.05949,1.05974
2013.03.13 00:38:54.452,1.05949,1.05974
2013.03.13 00:38:55.108,1.05949,1.05974
2013.03.13 00:38:59.397,1.05949,1.05974
2013.03.13 00:39:06.480,1.05949,1.05974
2013.03.13 00:39:06.701,1.05948,1.0597
2013.03.13 00:39:07.383,1.05948,1.05969
2013.03.13 00:39:07.452,1.05949,1.05973
2013.03.13 00:39:08.014,1.05949,1.05973
2013.03.13 00:39:09.111,1.05949,1.0597
2013.03.13 00:39:11.046,1.05949,1.05973
2013.03.13 00:39:20.412,1.05949,1.05973
2013.03.13 00:39:24.460,1.05947,1.05971
2013.03.13 00:39:24.971,1.05947,1.05971
2013.03.13 00:39:29.861,1.05947,1.05968
2013.03.13 00:39:30.161,1.05947,1.05968
2013.03.13 00:39:30.670,1.05941,1.05964
2013.03.13 00:39:30.911,1.05941,1.05964
2013.03.13 00:39:32.912,1.05942,1.05963
2013.03.13 00:39:33.450,1.05939,1.05962
2013.03.13 00:39:35.355,1.05939,1.05962
2013.03.13 00:39:35.782,1.05944,1.05966
2013.03.13 00:39:37.052,1.05944,1.05967
2013.03.13 00:39:38.091,1.05944,1.05968
2013.03.13 00:39:41.907,1.05947,1.05968
2013.03.13 00:39:45.647,1.05947,1.05968
2013.03.13 00:39:50.708,1.05947,1.05969
2013.03.13 00:39:53.361,1.05947,1.0597
2013.03.13 00:39:55.375,1.05947,1.05973
2013.03.13 00:39:55.932,1.05947,1.05973
2013.03.13 00:39:58.739,1.05947,1.05973
2013.03.13 00:40:02.611,1.05947,1.05973
2013.03.13 00:40:03.132,1.05946,1.05971
2013.03.13 00:40:03.690,1.05946,1.05972
2013.03.13 00:40:08.221,1.05947,1.05973
2013.03.13 00:40:12.132,1.05946,1.05972
2013.03.13 00:40:12.432,1.05942,1.05969
2013.03.13 00:40:12.634,1.05942,1.05969
2013.03.13 00:40:13.631,1.05942,1.05966
2013.03.13 00:40:14.394,1.05942,1.05967
2013.03.13 00:40:28.504,1.05942,1.05966
2013.03.13 00:40:37.260,1.05943,1.05964
2013.03.13 00:40:39.342,1.05943,1.05966
2013.03.13 00:40:39.401,1.05943,1.05966
2013.03.13 00:40:39.521,1.05943,1.05967
2013.03.13 00:40:44.592,1.05943,1.05967
2013.03.13 00:40:49.030,1.05943,1.05967
2013.03.13 00:40:49.861,1.05948,1.0597
2013.03.13 00:40:49.981,1.05948,1.05972
2013.03.13 00:40:50.560,1.05952,1.05975
2013.03.13 00:40:55.213,1.05951,1.05975
2013.03.13 00:40:55.581,1.05952,1.05977
2013.03.13 00:40:56.187,1.05952,1.05978
2013.03.13 00:40:58.062,1.05952,1.05977
2013.03.13 00:40:58.672,1.05952,1.05977
2013.03.13 00:40:59.028,1.05952,1.05977
2013.03.13 00:41:00.623,1.05951,1.05974
2013.03.13 00:41:01.150,1.05951,1.05973
2013.03.13 00:41:01.453,1.05946,1.05972
2013.03.13 00:41:02.151,1.05946,1.05972
2013.03.13 00:41:02.391,1.05946,1.05974
2013.03.13 00:41:02.851,1.05947,1.05973
2013.03.13 00:41:03.434,1.05951,1.05976
2013.03.13 00:41:03.982,1.05951,1.05974
2013.03.13 00:41:04.192,1.05951,1.05973
2013.03.13 00:41:05.092,1.05951,1.05973
2013.03.13 00:41:06.194,1.05951,1.05973
2013.03.13 00:41:06.334,1.05951,1.05976
2013.03.13 00:41:07.874,1.05951,1.05974
2013.03.13 00:41:09.138,1.05951,1.05974
2013.03.13 00:41:14.749,1.05951,1.05974
2013.03.13 00:41:16.591,1.05951,1.05977
2013.03.13 00:41:16.782,1.05953,1.05977
2013.03.13 00:41:17.427,1.05953,1.05977
2013.03.13 00:41:24.261,1.05953,1.05979
2013.03.13 00:41:24.621,1.05952,1.05976
2013.03.13 00:41:24.742,1.05952,1.05974
2013.03.13 00:41:25.251,1.05949,1.05973
2013.03.13 00:41:25.511,1.05949,1.05973
2013.03.13 00:41:26.321,1.05949,1.05973
2013.03.13 00:41:29.931,1.05949,1.05973
2013.03.13 00:41:32.954,1.05949,1.05973
2013.03.13 00:41:44.653,1.0595,1.05974
2013.03.13 00:41:44.962,1.05951,1.05976
2013.03.13 00:41:45.442,1.05951,1.05975
2013.03.13 00:41:46.195,1.05951,1.05974
2013.03.13 00:41:46.388,1.05951,1.05975
2013.03.13 00:41:48.401,1.05951,1.05974
2013.03.13 00:41:48.778,1.05946,1.05971
2013.03.13 00:41:49.122,1.05946,1.0597
2013.03.13 00:41:49.619,1.05946,1.05971
2013.03.13 00:41:52.210,1.05946,1.05972
2013.03.13 00:41:52.390,1.05948,1.05972
2013.03.13 00:41:52.752,1.05946,1.05974
2013.03.13 00:41:52.931,1.05946,1.05974
2013.03.13 00:41:52.992,1.05946,1.05971
2013.03.13 00:41:53.351,1.05942,1.05967
2013.03.13 00:41:53.731,1.05942,1.05965
2013.03.13 00:41:55.490,1.05942,1.05966
2013.03.13 00:42:06.369,1.05942,1.05964
2013.03.13 00:42:07.850,1.05938,1.05964
2013.03.13 00:42:08.151,1.05936,1.05962
2013.03.13 00:42:08.449,1.05936,1.05962
2013.03.13 00:42:09.220,1.05936,1.05962
2013.03.13 00:42:09.701,1.05936,1.05961
2013.03.13 00:42:09.813,1.05936,1.05961
2013.03.13 00:42:10.040,1.05936,1.05959
2013.03.13 00:42:10.664,1.05936,1.05959
2013.03.13 00:42:12.621,1.05934,1.05955
2013.03.13 00:42:12.767,1.05931,1.05954
2013.03.13 00:42:12.864,1.05931,1.05954
2013.03.13 00:42:13.351,1.05925,1.05951
2013.03.13 00:42:13.880,1.05925,1.05951
2013.03.13 00:42:15.461,1.05925,1.05951
2013.03.13 00:42:24.121,1.05925,1.05951
2013.03.13 00:42:24.562,1.05925,1.05951
2013.03.13 00:42:25.323,1.05925,1.05952
2013.03.13 00:42:25.441,1.0593,1.05952
2013.03.13 00:42:25.980,1.05931,1.05953
2013.03.13 00:42:26.701,1.05931,1.05954
2013.03.13 00:42:28.661,1.05931,1.05953
2013.03.13 00:42:30.281,1.05931,1.05953
2013.03.13 00:42:40.124,1.05931,1.05951
2013.03.13 00:42:40.192,1.05931,1.05951
2013.03.13 00:42:40.671,1.05932,1.05957
2013.03.13 00:42:41.223,1.05932,1.05957
2013.03.13 00:42:48.211,1.05934,1.05956
2013.03.13 00:42:48.871,1.05934,1.05958
2013.03.13 00:42:50.431,1.05934,1.05958
2013.03.13 00:42:53.211,1.05937,1.05959
2013.03.13 00:42:53.382,1.05939,1.05959
2013.03.13 00:42:53.501,1.05939,1.05959
2013.03.13 00:42:54.152,1.05939,1.05959
2013.03.13 00:42:54.711,1.05939,1.05959
2013.03.13 00:42:54.841,1.05937,1.05959
2013.03.13 00:42:54.961,1.05933,1.05959
2013.03.13 00:42:55.021,1.05933,1.05959
2013.03.13 00:42:55.361,1.05933,1.05959
2013.03.13 00:42:55.889,1.05933,1.05959
2013.03.13 00:43:06.794,1.05933,1.05958
2013.03.13 00:43:09.551,1.05932,1.05958
2013.03.13 00:43:10.120,1.05933,1.05956
2013.03.13 00:43:19.370,1.05932,1.05956
2013.03.13 00:43:23.441,1.05928,1.05953
2013.03.13 00:43:24.053,1.05927,1.05953
2013.03.13 00:43:31.051,1.0593,1.05953
2013.03.13 00:43:31.591,1.05927,1.05953
2013.03.13 00:43:31.952,1.05927,1.05953
2013.03.13 00:43:33.314,1.05922,1.0595
2013.03.13 00:43:41.671,1.0593,1.0595
2013.03.13 00:43:41.791,1.05931,1.05955
2013.03.13 00:43:42.032,1.05931,1.05955
2013.03.13 00:43:42.783,1.05931,1.05956
2013.03.13 00:43:43.423,1.05931,1.05957
2013.03.13 00:43:49.811,1.05931,1.05955
2013.03.13 00:43:50.281,1.05931,1.05954
2013.03.13 00:43:50.471,1.05931,1.05955
2013.03.13 00:43:54.241,1.05931,1.05953
2013.03.13 00:43:54.601,1.05931,1.05953
2013.03.13 00:43:56.627,1.05931,1.05953
2013.03.13 00:43:57.002,1.05931,1.05954
2013.03.13 00:43:57.543,1.05931,1.05954
2013.03.13 00:43:57.618,1.05931,1.05953
2013.03.13 00:43:59.931,1.05931,1.05953
2013.03.13 00:44:02.790,1.05926,1.0595
2013.03.13 00:44:03.542,1.05926,1.0595
2013.03.13 00:44:03.662,1.05926,1.05948
2013.03.13 00:44:03.970,1.05926,1.05948
2013.03.13 00:44:05.756,1.05926,1.0595
2013.03.13 00:44:06.536,1.05926,1.05949
2013.03.13 00:44:08.502,1.05926,1.05948
2013.03.13 00:44:08.942,1.05926,1.0595
2013.03.13 00:44:12.682,1.05926,1.05948
2013.03.13 00:44:53.861,1.05924,1.05946
2013.03.13 00:44:54.101,1.05916,1.05941
2013.03.13 00:44:54.521,1.05916,1.05939
2013.03.13 00:44:54.761,1.05916,1.05942
2013.03.13 00:44:54.961,1.05916,1.0594
2013.03.13 00:44:55.340,1.05916,1.05939
2013.03.13 00:44:55.891,1.05916,1.05939
2013.03.13 00:44:57.241,1.05914,1.05938
2013.03.13 00:45:00.512,1.05911,1.05937
2013.03.13 00:45:00.572,1.05911,1.05935
2013.03.13 00:45:01.394,1.05911,1.05934
2013.03.13 00:45:02.161,1.05911,1.05936
2013.03.13 00:45:02.551,1.05911,1.05936
2013.03.13 00:45:02.900,1.05911,1.05933
2013.03.13 00:45:03.321,1.05906,1.05932
2013.03.13 00:45:03.840,1.05906,1.05932
2013.03.13 00:45:03.976,1.05907,1.05932
2013.03.13 00:45:04.162,1.05906,1.05932
2013.03.13 00:45:04.882,1.05906,1.05932
2013.03.13 00:45:05.061,1.05907,1.05928
2013.03.13 00:45:05.620,1.05907,1.05932
2013.03.13 00:45:06.121,1.05907,1.05932
2013.03.13 00:45:06.650,1.05907,1.05932
2013.03.13 00:45:08.041,1.05907,1.05932
2013.03.13 00:45:09.391,1.05907,1.05932
2013.03.13 00:45:09.571,1.05907,1.05934
2013.03.13 00:45:09.646,1.05907,1.05934
2013.03.13 00:45:10.880,1.05907,1.05933
2013.03.13 00:45:11.016,1.05907,1.05933
2013.03.13 00:45:18.171,1.05907,1.05934
2013.03.13 00:45:18.702,1.05912,1.05938
2013.03.13 00:45:18.820,1.05916,1.05939
2013.03.13 00:45:19.431,1.05916,1.05939
2013.03.13 00:45:19.611,1.05916,1.05939
2013.03.13 00:45:19.672,1.05916,1.05939
2013.03.13 00:45:22.870,1.05911,1.05939
2013.03.13 00:45:23.121,1.05911,1.05939
2013.03.13 00:45:24.532,1.05916,1.05939
2013.03.13 00:45:26.511,1.05916,1.05939
2013.03.13 00:45:26.721,1.05916,1.05939
2013.03.13 00:45:34.741,1.05917,1.05943
2013.03.13 00:45:34.861,1.05917,1.05943
2013.03.13 00:45:35.221,1.05922,1.05947
2013.03.13 00:45:35.912,1.05922,1.05947
2013.03.13 00:45:36.851,1.05922,1.05947
2013.03.13 00:45:37.614,1.05922,1.05947
2013.03.13 00:45:40.554,1.05922,1.05946
2013.03.13 00:45:41.712,1.05922,1.05945
2013.03.13 00:45:46.273,1.05922,1.05946
2013.03.13 00:45:48.926,1.05922,1.05945
2013.03.13 00:45:49.468,1.05922,1.05946
2013.03.13 00:45:50.136,1.05922,1.05947
2013.03.13 00:45:50.671,1.05922,1.05946
2013.03.13 00:45:54.329,1.05922,1.05946
2013.03.13 00:45:55.030,1.05922,1.05947
2013.03.13 00:45:58.211,1.05926,1.05948
2013.03.13 00:45:59.273,1.05926,1.05948
2013.03.13 00:45:59.608,1.05926,1.05948
2013.03.13 00:46:00.171,1.05922,1.05948
2013.03.13 00:46:01.501,1.05922,1.05948
2013.03.13 00:46:02.143,1.05922,1.05948
2013.03.13 00:46:02.937,1.05927,1.05948
2013.03.13 00:46:03.517,1.05922,1.05948
2013.03.13 00:46:04.952,1.05922,1.05948
2013.03.13 00:46:05.252,1.05922,1.05949
2013.03.13 00:46:05.791,1.05922,1.05949
2013.03.13 00:46:06.532,1.05922,1.05949
2013.03.13 00:46:07.881,1.05926,1.05949
2013.03.13 00:46:08.201,1.05926,1.05948
2013.03.13 00:46:08.321,1.05922,1.05948
2013.03.13 00:46:08.651,1.05922,1.05948
2013.03.13 00:46:08.921,1.05922,1.05949
2013.03.13 00:46:09.616,1.05922,1.05948
2013.03.13 00:46:16.561,1.05922,1.05948
2013.03.13 00:46:21.292,1.05922,1.05948
2013.03.13 00:46:21.829,1.05922,1.05946
2013.03.13 00:46:21.962,1.05922,1.05944
2013.03.13 00:46:22.321,1.05916,1.05942
2013.03.13 00:46:22.622,1.05916,1.05942
2013.03.13 00:46:23.382,1.05917,1.05942
2013.03.13 00:46:24.191,1.05917,1.05943
2013.03.13 00:46:24.371,1.05917,1.05943
2013.03.13 00:46:25.584,1.05922,1.05946
2013.03.13 00:46:29.145,1.05921,1.05944
2013.03.13 00:46:29.691,1.05916,1.0594
2013.03.13 00:46:29.821,1.05916,1.05939
2013.03.13 00:46:30.213,1.05916,1.0594
2013.03.13 00:46:31.252,1.05916,1.05942
2013.03.13 00:46:31.530,1.0592,1.05944
2013.03.13 00:46:33.952,1.0592,1.05944
2013.03.13 00:46:34.502,1.0592,1.05944
2013.03.13 00:46:34.561,1.0592,1.05944
2013.03.13 00:46:34.621,1.0592,1.05944
2013.03.13 00:46:35.895,1.05918,1.05944
2013.03.13 00:46:35.966,1.05918,1.05938
2013.03.13 00:46:41.482,1.05918,1.05938
2013.03.13 00:46:42.412,1.05918,1.05938
2013.03.13 00:46:43.881,1.05917,1.05938
2013.03.13 00:46:44.630,1.05915,1.05938
2013.03.13 00:46:48.461,1.05919,1.05938
2013.03.13 00:46:48.522,1.05919,1.05944
2013.03.13 00:46:49.548,1.0592,1.05944
2013.03.13 00:46:50.059,1.0592,1.05943
2013.03.13 00:47:03.102,1.05919,1.05942
2013.03.13 00:47:03.342,1.05915,1.05938
2013.03.13 00:47:03.461,1.05915,1.05939
2013.03.13 00:47:08.532,1.05919,1.05943
2013.03.13 00:47:08.772,1.05919,1.05944
2013.03.13 00:47:09.372,1.05919,1.05943
2013.03.13 00:47:10.121,1.05921,1.05943
2013.03.13 00:47:10.476,1.05921,1.05945
2013.03.13 00:47:10.559,1.05921,1.05945
2013.03.13 00:47:11.492,1.05921,1.05945
2013.03.13 00:47:11.731,1.05921,1.05947
2013.03.13 00:47:12.240,1.05921,1.05947
2013.03.13 00:47:14.238,1.05923,1.05945
2013.03.13 00:47:14.672,1.05921,1.05945
2013.03.13 00:47:15.211,1.05921,1.05945
2013.03.13 00:47:15.741,1.05921,1.05945
2013.03.13 00:47:16.388,1.05919,1.05943
2013.03.13 00:47:16.997,1.05919,1.05944
2013.03.13 00:47:23.679,1.0592,1.05943
2013.03.13 00:47:24.555,1.0592,1.05944
2013.03.13 00:47:25.214,1.0592,1.05943
2013.03.13 00:47:26.651,1.05921,1.05943
2013.03.13 00:47:26.842,1.05921,1.05945
2013.03.13 00:47:27.462,1.05924,1.05945
2013.03.13 00:47:28.371,1.05924,1.05945
2013.03.13 00:47:28.732,1.05918,1.05941
2013.03.13 00:47:29.161,1.05923,1.05935
2013.03.13 00:47:29.770,1.05923,1.05935
2013.03.13 00:47:30.181,1.05917,1.05935
2013.03.13 00:47:30.302,1.05916,1.05935
2013.03.13 00:47:30.491,1.05915,1.05935
2013.03.13 00:47:30.611,1.05912,1.05935
2013.03.13 00:47:31.121,1.05911,1.05935
2013.03.13 00:47:33.561,1.05914,1.05935
2013.03.13 00:47:35.203,1.0591,1.0593
2013.03.13 00:47:35.630,1.05906,1.0593
2013.03.13 00:47:35.691,1.05907,1.0593
2013.03.13 00:47:47.304,1.05907,1.0593
2013.03.13 00:47:48.227,1.059,1.05925
2013.03.13 00:47:48.302,1.05909,1.05932
2013.03.13 00:47:48.661,1.05906,1.05931
2013.03.13 00:47:48.722,1.05906,1.05929
2013.03.13 00:47:49.069,1.05905,1.05929
2013.03.13 00:47:49.371,1.05905,1.05929
2013.03.13 00:47:49.651,1.05905,1.05929
2013.03.13 00:47:50.013,1.059,1.05925
2013.03.13 00:47:50.192,1.05901,1.05926
2013.03.13 00:47:50.433,1.05899,1.05926
2013.03.13 00:47:50.625,1.05899,1.05925
2013.03.13 00:47:51.161,1.059,1.05925
2013.03.13 00:47:51.222,1.059,1.05927
2013.03.13 00:47:52.192,1.05906,1.05929
2013.03.13 00:47:52.431,1.05906,1.05932
2013.03.13 00:47:52.731,1.05906,1.05932
2013.03.13 00:47:53.091,1.05906,1.05933
2013.03.13 00:47:53.622,1.05906,1.05933
2013.03.13 00:47:54.240,1.05906,1.05933
2013.03.13 00:47:55.121,1.05908,1.05933
2013.03.13 00:47:55.442,1.05906,1.05932
2013.03.13 00:47:56.087,1.05906,1.05932
2013.03.13 00:48:00.301,1.05906,1.05932
2013.03.13 00:48:00.940,1.05906,1.05932
2013.03.13 00:48:04.072,1.05904,1.05927
2013.03.13 00:48:04.132,1.05904,1.05927
2013.03.13 00:48:04.241,1.05904,1.05927
2013.03.13 00:48:05.889,1.05904,1.05927
2013.03.13 00:48:06.061,1.05904,1.05927
2013.03.13 00:48:06.546,1.05904,1.05927
2013.03.13 00:48:07.221,1.05904,1.05927
2013.03.13 00:48:07.881,1.059,1.05922
2013.03.13 00:48:08.542,1.059,1.0592
2013.03.13 00:48:09.222,1.05896,1.0592
2013.03.13 00:48:10.972,1.05897,1.0592
2013.03.13 00:48:13.363,1.05901,1.0592
2013.03.13 00:48:13.723,1.05901,1.05923
2013.03.13 00:48:14.292,1.05901,1.05922
2013.03.13 00:48:19.708,1.05901,1.05927
2013.03.13 00:48:24.852,1.05903,1.05923
2013.03.13 00:48:24.912,1.05902,1.05923
2013.03.13 00:48:25.051,1.059,1.05923
2013.03.13 00:48:25.232,1.05901,1.05921
2013.03.13 00:48:25.764,1.05901,1.05922
2013.03.13 00:48:26.072,1.05903,1.05922
2013.03.13 00:48:26.682,1.05902,1.05922
2013.03.13 00:48:26.802,1.05901,1.05922
2013.03.13 00:48:27.561,1.05901,1.05922
2013.03.13 00:48:28.202,1.05901,1.05922
2013.03.13 00:48:29.421,1.05901,1.05922
2013.03.13 00:48:38.391,1.05896,1.05919
2013.03.13 00:48:39.221,1.05896,1.05919
2013.03.13 00:48:40.770,1.05896,1.05914
2013.03.13 00:48:41.554,1.05896,1.05914
2013.03.13 00:48:42.909,1.05896,1.05914
2013.03.13 00:48:47.581,1.05893,1.05914
2013.03.13 00:48:48.200,1.05893,1.05914
2013.03.13 00:48:56.218,1.05894,1.05914
2013.03.13 00:48:57.911,1.05893,1.05912
2013.03.13 00:48:57.972,1.05893,1.05912
2013.03.13 00:49:01.389,1.05893,1.05912
2013.03.13 00:49:03.101,1.05893,1.05912
2013.03.13 00:49:06.592,1.05891,1.05912
2013.03.13 00:49:08.263,1.05891,1.05911
2013.03.13 00:49:08.762,1.05891,1.05908
2013.03.13 00:49:09.064,1.05891,1.05908
2013.03.13 00:49:09.198,1.05891,1.0591
2013.03.13 00:49:10.842,1.05891,1.05911
2013.03.13 00:49:11.412,1.05892,1.05913
2013.03.13 00:49:12.089,1.05892,1.05913
2013.03.13 00:49:14.881,1.05892,1.05913
2013.03.13 00:49:15.564,1.05892,1.05913
2013.03.13 00:49:15.640,1.05892,1.05913
2013.03.13 00:49:15.992,1.05894,1.05913
2013.03.13 00:49:16.548,1.05894,1.05913
2013.03.13 00:49:17.105,1.05894,1.05911
2013.03.13 00:49:17.812,1.05894,1.05912
2013.03.13 00:49:24.252,1.05896,1.05913
2013.03.13 00:49:24.312,1.05896,1.05914
2013.03.13 00:49:24.880,1.05897,1.05922
2013.03.13 00:49:37.572,1.05899,1.05922
2013.03.13 00:49:38.321,1.05899,1.05922
2013.03.13 00:49:39.931,1.05899,1.05922
2013.03.13 00:49:46.553,1.05899,1.05922
2013.03.13 00:49:57.982,1.05898,1.05922
2013.03.13 00:50:01.532,1.05898,1.05922
2013.03.13 00:50:02.002,1.05898,1.05924
2013.03.13 00:50:02.123,1.05902,1.05925
2013.03.13 00:50:02.442,1.05902,1.05927
2013.03.13 00:50:02.505,1.05903,1.05927
2013.03.13 00:50:02.812,1.05903,1.05926
2013.03.13 00:50:02.872,1.05903,1.05926
2013.03.13 00:50:03.142,1.05903,1.05925
2013.03.13 00:50:03.748,1.05901,1.05924
2013.03.13 00:50:05.312,1.05903,1.05924
2013.03.13 00:50:06.140,1.05903,1.05927
2013.03.13 00:50:09.313,1.05903,1.05927
2013.03.13 00:50:15.732,1.05903,1.05927
2013.03.13 00:50:19.536,1.05903,1.05927
2013.03.13 00:50:19.785,1.05906,1.05933
2013.03.13 00:50:20.382,1.05907,1.05934
2013.03.13 00:50:20.502,1.05907,1.05934
2013.03.13 00:50:21.041,1.0591,1.05934
2013.03.13 00:50:21.632,1.0591,1.05934
2013.03.13 00:50:25.401,1.05909,1.05934
2013.03.13 00:50:34.931,1.05909,1.05934
2013.03.13 00:50:41.862,1.05911,1.05937
2013.03.13 00:50:42.241,1.05913,1.05939
2013.03.13 00:50:42.771,1.05917,1.05944
2013.03.13 00:50:44.791,1.05913,1.05939
2013.03.13 00:50:45.681,1.05913,1.05939
2013.03.13 00:50:47.182,1.05913,1.05939
2013.03.13 00:50:47.242,1.05913,1.05939
2013.03.13 00:50:51.364,1.05912,1.05939
2013.03.13 00:50:56.654,1.05913,1.05939
2013.03.13 00:51:00.531,1.05913,1.05939
2013.03.13 00:51:02.322,1.05913,1.05939
2013.03.13 00:51:02.972,1.05914,1.05939
2013.03.13 00:51:05.942,1.05915,1.05939
2013.03.13 00:51:15.103,1.05915,1.05939
2013.03.13 00:51:15.673,1.05915,1.05939
2013.03.13 00:51:16.303,1.05913,1.05937
2013.03.13 00:51:16.362,1.05912,1.05935
2013.03.13 00:51:17.002,1.05912,1.05935
2013.03.13 00:51:20.463,1.05911,1.05934
2013.03.13 00:51:20.885,1.0591,1.05934
2013.03.13 00:51:21.203,1.05909,1.05933
2013.03.13 00:51:21.276,1.05909,1.05931
2013.03.13 00:51:21.654,1.05909,1.05933
2013.03.13 00:51:22.193,1.0591,1.05933
2013.03.13 00:51:23.605,1.05907,1.05933
2013.03.13 00:51:24.199,1.05907,1.05932
2013.03.13 00:51:26.220,1.059,1.05918
2013.03.13 00:51:26.296,1.05896,1.0592
2013.03.13 00:51:26.366,1.05896,1.0592
2013.03.13 00:51:26.683,1.05896,1.05919
2013.03.13 00:51:27.232,1.05896,1.05922
2013.03.13 00:51:27.472,1.05896,1.0592
2013.03.13 00:51:27.593,1.05896,1.05918
2013.03.13 00:51:27.894,1.05888,1.05914
2013.03.13 00:51:28.137,1.05888,1.05913
2013.03.13 00:51:28.526,1.05888,1.05913
2013.03.13 00:51:28.682,1.05888,1.05913
2013.03.13 00:51:28.983,1.05889,1.05914
2013.03.13 00:51:29.493,1.05894,1.05917
2013.03.13 00:51:29.671,1.05895,1.05917
2013.03.13 00:51:29.971,1.05895,1.05919
2013.03.13 00:51:30.425,1.05889,1.05914
2013.03.13 00:51:30.863,1.0589,1.05906
2013.03.13 00:51:31.341,1.05885,1.05908
2013.03.13 00:51:33.072,1.05885,1.05908
2013.03.13 00:51:33.712,1.05885,1.05908
2013.03.13 00:51:35.809,1.05883,1.05901
2013.03.13 00:51:36.313,1.05879,1.05903
2013.03.13 00:51:36.673,1.05879,1.05904
2013.03.13 00:51:36.853,1.05884,1.05904
2013.03.13 00:51:36.912,1.05884,1.05909
2013.03.13 00:51:37.211,1.0588,1.05905
2013.03.13 00:51:37.562,1.0588,1.05905
2013.03.13 00:51:37.871,1.05879,1.05905
2013.03.13 00:51:37.936,1.0588,1.05902
2013.03.13 00:51:40.531,1.05876,1.059
2013.03.13 00:51:41.333,1.05876,1.059
2013.03.13 00:51:41.755,1.05871,1.05895
2013.03.13 00:51:42.313,1.05871,1.05895
2013.03.13 00:51:42.431,1.05873,1.05897
2013.03.13 00:51:43.164,1.05873,1.05896
2013.03.13 00:51:44.034,1.05873,1.05897
2013.03.13 00:51:45.654,1.05873,1.05896
2013.03.13 00:51:46.190,1.05873,1.05898
2013.03.13 00:51:50.673,1.05873,1.05898
2013.03.13 00:51:51.262,1.05873,1.05898
2013.03.13 00:51:53.304,1.05873,1.05898
2013.03.13 00:51:59.956,1.05873,1.05898
2013.03.13 00:52:00.410,1.05873,1.05898
2013.03.13 00:52:00.995,1.05873,1.05897
2013.03.13 00:52:01.652,1.05873,1.05898
2013.03.13 00:52:02.182,1.05875,1.05898
2013.03.13 00:52:07.283,1.05875,1.05898
2013.03.13 00:52:07.772,1.05871,1.05893
2013.03.13 00:52:08.082,1.05869,1.05893
2013.03.13 00:52:08.443,1.05873,1.05896
2013.03.13 00:52:08.572,1.05873,1.05899
2013.03.13 00:52:08.873,1.05879,1.05901
2013.03.13 00:52:09.402,1.05874,1.05898
2013.03.13 00:52:09.652,1.05874,1.05899
2013.03.13 00:52:10.632,1.05874,1.05898
2013.03.13 00:52:11.213,1.05874,1.05898
2013.03.13 00:52:12.713,1.05874,1.05898
2013.03.13 00:52:13.267,1.05874,1.05898
2013.03.13 00:52:13.562,1.05874,1.05898
2013.03.13 00:52:14.173,1.05874,1.05898
2013.03.13 00:52:15.244,1.05874,1.05899
2013.03.13 00:52:19.791,1.05878,1.05901
2013.03.13 00:52:20.597,1.05878,1.05901
2013.03.13 00:52:23.391,1.05878,1.05901
2013.03.13 00:52:25.365,1.05878,1.05901
2013.03.13 00:52:25.922,1.05878,1.05901
2013.03.13 00:52:27.932,1.05878,1.05902
2013.03.13 00:52:28.491,1.05882,1.05903
2013.03.13 00:52:28.792,1.05885,1.05907
2013.03.13 00:52:34.772,1.0588,1.05905
2013.03.13 00:52:35.353,1.0588,1.05904
2013.03.13 00:52:37.913,1.0588,1.05904
2013.03.13 00:52:38.711,1.0588,1.05903
2013.03.13 00:52:39.273,1.0588,1.05901
2013.03.13 00:52:41.449,1.05881,1.05903
2013.03.13 00:52:42.802,1.05881,1.05903
2013.03.13 00:52:42.923,1.05881,1.05904
2013.03.13 00:52:45.563,1.05881,1.05903
2013.03.13 00:52:46.072,1.0588,1.05903
2013.03.13 00:52:46.454,1.0588,1.05903
2013.03.13 00:52:46.992,1.0588,1.05901
2013.03.13 00:52:47.363,1.0588,1.05901
2013.03.13 00:52:48.005,1.0588,1.05901
2013.03.13 00:52:51.093,1.05878,1.05898
2013.03.13 00:52:51.299,1.05878,1.05901
2013.03.13 00:52:51.626,1.05878,1.05901
2013.03.13 00:52:51.691,1.05875,1.05899
2013.03.13 00:52:52.603,1.05875,1.05899
2013.03.13 00:52:53.121,1.05875,1.05898
2013.03.13 00:52:54.057,1.05875,1.05899
2013.03.13 00:52:54.229,1.05875,1.05899
2013.03.13 00:52:54.612,1.05875,1.05899
2013.03.13 00:52:56.870,1.05875,1.05899
2013.03.13 00:52:58.184,1.05875,1.05899
2013.03.13 00:52:58.342,1.05875,1.05899
2013.03.13 00:52:59.832,1.05875,1.05899
2013.03.13 00:53:01.682,1.0587,1.05893
2013.03.13 00:53:02.222,1.05871,1.05894
2013.03.13 00:53:02.818,1.0587,1.05894
2013.03.13 00:53:03.924,1.0587,1.05894
2013.03.13 00:53:04.282,1.05873,1.05895
2013.03.13 00:53:10.164,1.05874,1.05899
2013.03.13 00:53:10.591,1.05873,1.05896
2013.03.13 00:53:10.737,1.05873,1.05893
2013.03.13 00:53:12.922,1.05874,1.05898
2013.03.13 00:53:13.102,1.05874,1.05898
2013.03.13 00:53:13.312,1.05874,1.05898
2013.03.13 00:53:13.742,1.05874,1.05898
2013.03.13 00:53:15.732,1.05874,1.05897
2013.03.13 00:53:15.852,1.05874,1.05898
2013.03.13 00:53:17.592,1.05874,1.05898
2013.03.13 00:53:18.092,1.05874,1.05898
2013.03.13 00:53:18.272,1.05874,1.05895
2013.03.13 00:53:18.773,1.05874,1.05898
2013.03.13 00:53:20.872,1.05874,1.05898
2013.03.13 00:53:21.958,1.05874,1.05898
2013.03.13 00:53:22.102,1.05874,1.05893
2013.03.13 00:53:23.684,1.05874,1.05899
2013.03.13 00:53:24.222,1.05873,1.05897
2013.03.13 00:53:24.542,1.05873,1.05897
2013.03.13 00:53:28.642,1.05873,1.05897
2013.03.13 00:53:38.018,1.05873,1.05897
2013.03.13 00:53:45.772,1.05873,1.05897
2013.03.13 00:53:48.262,1.05873,1.05897
2013.03.13 00:53:54.317,1.05877,1.05899
2013.03.13 00:53:55.893,1.05878,1.059
2013.03.13 00:54:02.435,1.05877,1.05904
2013.03.13 00:54:07.443,1.05877,1.05899
2013.03.13 00:54:10.714,1.05877,1.05899
2013.03.13 00:54:14.463,1.05876,1.05899
2013.03.13 00:54:15.065,1.05875,1.05899
2013.03.13 00:54:15.667,1.05875,1.05899
2013.03.13 00:54:17.563,1.05872,1.05893
2013.03.13 00:54:18.342,1.05872,1.05893
2013.03.13 00:54:28.342,1.05875,1.05897
2013.03.13 00:54:28.823,1.05875,1.05898
2013.03.13 00:54:30.242,1.05875,1.05898
2013.03.13 00:54:30.363,1.05875,1.05899
2013.03.13 00:54:30.542,1.05875,1.05899
2013.03.13 00:54:31.240,1.05879,1.05899
2013.03.13 00:54:32.297,1.05881,1.05904
2013.03.13 00:54:33.117,1.05881,1.05904
2013.03.13 00:54:37.683,1.05881,1.05904
2013.03.13 00:54:39.164,1.05881,1.05904
2013.03.13 00:54:39.463,1.05881,1.05904
2013.03.13 00:54:39.924,1.0588,1.05905
2013.03.13 00:54:40.523,1.05881,1.05905
2013.03.13 00:54:42.203,1.05881,1.05903
2013.03.13 00:54:42.682,1.05881,1.05905
2013.03.13 00:54:43.282,1.05881,1.05903
2013.03.13 00:54:43.342,1.05881,1.05903
2013.03.13 00:54:43.592,1.05881,1.05903
2013.03.13 00:54:43.773,1.05881,1.05903
2013.03.13 00:54:44.309,1.05881,1.05903
2013.03.13 00:54:49.463,1.05881,1.05904
2013.03.13 00:54:49.996,1.05881,1.05904
2013.03.13 00:54:51.583,1.05883,1.05902
2013.03.13 00:54:51.703,1.0588,1.05901
2013.03.13 00:54:51.764,1.05877,1.059
2013.03.13 00:54:52.122,1.05878,1.05903
2013.03.13 00:54:52.624,1.05876,1.05893
2013.03.13 00:54:52.705,1.05872,1.05892
2013.03.13 00:54:52.964,1.05868,1.05892
2013.03.13 00:54:53.522,1.05872,1.05893
2013.03.13 00:54:54.390,1.05872,1.05893
2013.03.13 00:54:57.915,1.05868,1.05889
2013.03.13 00:54:57.975,1.05868,1.05889
2013.03.13 00:54:58.523,1.05868,1.05888
2013.03.13 00:54:59.153,1.05867,1.05889
2013.03.13 00:54:59.693,1.05867,1.05888
2013.03.13 00:55:00.134,1.05867,1.05889
2013.03.13 00:55:00.674,1.05871,1.05889
2013.03.13 00:55:01.153,1.05872,1.05894
2013.03.13 00:55:01.654,1.05874,1.05898
2013.03.13 00:55:01.836,1.05874,1.05898
2013.03.13 00:55:02.156,1.05872,1.05894
2013.03.13 00:55:02.272,1.05872,1.05894
2013.03.13 00:55:02.512,1.05872,1.05894
2013.03.13 00:55:02.912,1.05874,1.05898
2013.03.13 00:55:03.624,1.05874,1.05898
2013.03.13 00:55:06.414,1.05873,1.05898
2013.03.13 00:55:06.594,1.05874,1.05898
2013.03.13 00:55:06.953,1.05877,1.059
2013.03.13 00:55:07.282,1.05877,1.059
2013.03.13 00:55:07.348,1.05876,1.05899
2013.03.13 00:55:07.712,1.05874,1.05899
2013.03.13 00:55:08.106,1.05874,1.05899
2013.03.13 00:55:08.473,1.05874,1.05899
2013.03.13 00:55:08.532,1.05877,1.059
2013.03.13 00:55:08.853,1.05878,1.05904
2013.03.13 00:55:09.470,1.05878,1.05904
2013.03.13 00:55:10.554,1.05879,1.05904
2013.03.13 00:55:15.040,1.05878,1.05904
2013.03.13 00:55:15.562,1.05877,1.05899
2013.03.13 00:55:15.861,1.05878,1.05904
2013.03.13 00:55:22.633,1.05888,1.05912
2013.03.13 00:55:22.812,1.05888,1.05912
2013.03.13 00:55:22.872,1.05885,1.05908
2013.03.13 00:55:23.113,1.05885,1.05905
2013.03.13 00:55:23.233,1.05886,1.05911
2013.03.13 00:55:23.772,1.0589,1.05912
2013.03.13 00:55:23.832,1.05891,1.05913
2013.03.13 00:55:24.072,1.05892,1.05916
2013.03.13 00:55:24.252,1.05892,1.05916
2013.03.13 00:55:24.592,1.05892,1.05917
2013.03.13 00:55:25.110,1.05892,1.05918
2013.03.13 00:55:39.412,1.05892,1.05917
2013.03.13 00:55:39.772,1.05888,1.05913
2013.03.13 00:55:39.832,1.05887,1.05912
2013.03.13 00:55:39.952,1.05887,1.05912
2013.03.13 00:55:40.492,1.05881,1.05905
2013.03.13 00:55:41.029,1.05883,1.05907
2013.03.13 00:55:44.123,1.05886,1.05909
2013.03.13 00:55:44.562,1.05887,1.0591
2013.03.13 00:55:44.683,1.05887,1.0591
2013.03.13 00:55:45.153,1.05883,1.05909
2013.03.13 00:55:46.213,1.05883,1.05909
2013.03.13 00:55:46.757,1.05883,1.05909
2013.03.13 00:55:47.605,1.05883,1.05909
2013.03.13 00:55:48.371,1.05883,1.05908
2013.03.13 00:55:51.370,1.05883,1.05908
2013.03.13 00:55:54.341,1.05883,1.05908
2013.03.13 00:55:54.912,1.05882,1.05908
2013.03.13 00:55:55.402,1.05882,1.05908
2013.03.13 00:55:55.582,1.05888,1.05909
2013.03.13 00:56:07.320,1.05884,1.05909
2013.03.13 00:56:09.874,1.05884,1.0591
2013.03.13 00:56:10.894,1.05884,1.05908
2013.03.13 00:56:11.504,1.05884,1.05908
2013.03.13 00:56:20.005,1.05884,1.05908
2013.03.13 00:56:28.232,1.05885,1.05908
2013.03.13 00:56:30.352,1.05887,1.05908
2013.03.13 00:56:35.475,1.05885,1.05908
2013.03.13 00:56:39.040,1.05885,1.0591
2013.03.13 00:56:40.842,1.05889,1.05913
2013.03.13 00:56:41.022,1.05889,1.05913
2013.03.13 00:56:43.902,1.05889,1.05915
2013.03.13 00:56:46.693,1.05894,1.05916
2013.03.13 00:56:47.214,1.05894,1.05917
2013.03.13 00:56:47.743,1.05896,1.05918
2013.03.13 00:56:47.803,1.059,1.05923
2013.03.13 00:56:48.103,1.05902,1.05924
2013.03.13 00:56:48.640,1.05903,1.05928
2013.03.13 00:56:55.134,1.05907,1.05931
2013.03.13 00:56:55.683,1.05904,1.05929
2013.03.13 00:56:56.123,1.05907,1.05931
2013.03.13 00:56:56.666,1.05907,1.05931
2013.03.13 00:57:02.423,1.05907,1.05934
2013.03.13 00:57:02.815,1.05906,1.05931
2013.03.13 00:57:03.462,1.05907,1.05934
2013.03.13 00:57:05.549,1.05906,1.05931
2013.03.13 00:57:15.352,1.05907,1.05934
2013.03.13 00:57:23.593,1.05908,1.05934
2013.03.13 00:57:54.829,1.05908,1.05934
2013.03.13 00:57:55.598,1.0591,1.05934
2013.03.13 00:57:56.184,1.05907,1.05934
2013.03.13 00:57:56.324,1.05907,1.05933
2013.03.13 00:57:56.754,1.05908,1.05934
2013.03.13 00:57:57.441,1.05911,1.05934
2013.03.13 00:57:57.886,1.05912,1.05934
2013.03.13 00:57:58.422,1.05913,1.05938
2013.03.13 00:58:02.203,1.05914,1.05934
2013.03.13 00:58:02.742,1.05914,1.05934
2013.03.13 00:58:03.607,1.05914,1.05934
2013.03.13 00:58:04.503,1.05913,1.05938
2013.03.13 00:58:04.743,1.05921,1.05944
2013.03.13 00:58:05.112,1.05921,1.05944
2013.03.13 00:58:06.383,1.0592,1.05944
2013.03.13 00:58:07.540,1.0592,1.05944
2013.03.13 00:58:07.842,1.05923,1.05945
2013.03.13 00:58:08.383,1.05922,1.05944
2013.03.13 00:58:10.142,1.05922,1.05943
2013.03.13 00:58:11.002,1.05922,1.05943
2013.03.13 00:58:11.063,1.05922,1.05944
2013.03.13 00:58:12.893,1.05921,1.05945
2013.03.13 00:58:14.072,1.05921,1.05944
2013.03.13 00:58:14.391,1.05918,1.05944
2013.03.13 00:58:14.903,1.05917,1.05944
2013.03.13 00:58:15.057,1.05918,1.05944
2013.03.13 00:58:15.422,1.05917,1.05944
2013.03.13 00:58:15.483,1.05917,1.05944
2013.03.13 00:58:16.022,1.05916,1.05939
2013.03.13 00:58:16.322,1.05913,1.05939
2013.03.13 00:58:16.382,1.05913,1.05939
2013.03.13 00:58:17.168,1.05913,1.05935
2013.03.13 00:58:18.347,1.05913,1.05939
2013.03.13 00:58:18.592,1.05914,1.05939
2013.03.13 00:58:25.362,1.05916,1.0594
2013.03.13 00:58:25.903,1.05917,1.0594
2013.03.13 00:58:26.822,1.05914,1.05939
2013.03.13 00:58:27.324,1.0591,1.05934
2013.03.13 00:58:28.123,1.05915,1.05935
2013.03.13 00:58:28.544,1.0592,1.05944
2013.03.13 00:58:30.891,1.05917,1.05944
2013.03.13 00:58:36.387,1.05918,1.05944
2013.03.13 00:58:37.824,1.0592,1.05944
2013.03.13 00:58:38.403,1.05917,1.05944
2013.03.13 00:58:39.081,1.05917,1.05943
2013.03.13 00:58:40.082,1.05914,1.0594
2013.03.13 00:58:40.142,1.05914,1.0594
2013.03.13 00:58:42.413,1.05914,1.0594
2013.03.13 00:58:42.773,1.05912,1.0594
2013.03.13 00:58:42.893,1.05914,1.05934
2013.03.13 00:58:45.077,1.05915,1.05935
2013.03.13 00:58:45.413,1.05912,1.05935
2013.03.13 00:58:45.473,1.05911,1.05935
2013.03.13 00:58:46.087,1.05911,1.05935
2013.03.13 00:58:50.358,1.05911,1.05935
2013.03.13 00:58:51.127,1.05911,1.05935
2013.03.13 00:58:52.696,1.05912,1.05935
2013.03.13 00:58:53.114,1.05913,1.05935
2013.03.13 00:58:53.664,1.05912,1.05935
2013.03.13 00:58:54.595,1.05913,1.05935
2013.03.13 00:58:55.087,1.05911,1.05935
2013.03.13 00:58:56.893,1.05914,1.05935
2013.03.13 00:58:57.305,1.05912,1.05935
2013.03.13 00:58:59.989,1.05916,1.05937
2013.03.13 00:59:02.635,1.05912,1.05935
2013.03.13 00:59:02.715,1.05912,1.05935
2013.03.13 00:59:05.350,1.05913,1.05935
2013.03.13 00:59:08.699,1.05911,1.05935
2013.03.13 00:59:09.252,1.05916,1.05938
2013.03.13 00:59:09.652,1.05912,1.05935
2013.03.13 00:59:10.603,1.05913,1.05935
2013.03.13 00:59:12.024,1.05916,1.05938
2013.03.13 00:59:12.762,1.05917,1.05938
2013.03.13 00:59:19.244,1.05912,1.05935
2013.03.13 00:59:20.392,1.05916,1.05938
2013.03.13 00:59:21.035,1.05912,1.05935
2013.03.13 00:59:22.207,1.05912,1.05935
2013.03.13 00:59:25.283,1.05913,1.05936
2013.03.13 00:59:25.789,1.05913,1.05936
2013.03.13 00:59:29.626,1.05917,1.05938
2013.03.13 00:59:29.692,1.05917,1.05938
2013.03.13 00:59:32.617,1.05913,1.05936
2013.03.13 00:59:44.643,1.05916,1.05936
2013.03.13 00:59:49.265,1.05916,1.05936
2013.03.13 00:59:51.922,1.05916,1.05936
2013.03.13 00:59:57.403,1.05916,1.05936
2013.03.13 00:59:58.191,1.05912,1.05935
2013.03.13 00:59:58.786,1.05912,1.05935
2013.03.13 01:00:01.608,1.05912,1.05935
2013.03.13 01:00:02.352,1.05912,1.05935
2013.03.13 01:00:02.556,1.05912,1.05935
2013.03.13 01:00:07.003,1.05912,1.05934
2013.03.13 01:00:07.543,1.05914,1.05936
2013.03.13 01:00:07.904,1.05916,1.05936
2013.03.13 01:00:08.203,1.05916,1.05937
2013.03.13 01:00:08.275,1.05916,1.05941
2013.03.13 01:00:08.403,1.05916,1.05941
2013.03.13 01:00:08.463,1.05916,1.05941
2013.03.13 01:00:08.793,1.05921,1.05942
2013.03.13 01:00:09.347,1.05921,1.05942
2013.03.13 01:00:09.933,1.05921,1.05942
2013.03.13 01:00:10.890,1.05922,1.05942
2013.03.13 01:00:16.513,1.05924,1.05942
2013.03.13 01:00:16.692,1.05924,1.05948
2013.03.13 01:00:19.293,1.05926,1.05948
2013.03.13 01:00:19.523,1.05926,1.05948
2013.03.13 01:00:25.649,1.05926,1.05948
2013.03.13 01:00:25.923,1.05922,1.05946
2013.03.13 01:00:26.203,1.05922,1.05945
2013.03.13 01:00:27.964,1.05922,1.05945
2013.03.13 01:00:28.086,1.05924,1.05946
2013.03.13 01:00:28.592,1.05926,1.05948
2013.03.13 01:00:33.242,1.05926,1.05948
2013.03.13 01:00:34.229,1.05926,1.05948
2013.03.13 01:00:37.334,1.05926,1.05947
2013.03.13 01:00:38.244,1.05926,1.05947
2013.03.13 01:00:40.365,1.05926,1.05947
2013.03.13 01:00:44.465,1.05924,1.05946
2013.03.13 01:00:53.381,1.05926,1.05947
2013.03.13 01:00:55.024,1.05926,1.05949
2013.03.13 01:00:55.144,1.05928,1.05952
2013.03.13 01:00:55.203,1.0593,1.05952
2013.03.13 01:00:55.706,1.0593,1.05953
2013.03.13 01:00:56.109,1.05931,1.05953
2013.03.13 01:00:57.285,1.05932,1.05953
2013.03.13 01:00:57.819,1.05933,1.05953
2013.03.13 01:00:59.584,1.05931,1.05955
2013.03.13 01:01:00.974,1.05935,1.05955
2013.03.13 01:01:01.587,1.05936,1.05956
2013.03.13 01:01:01.776,1.05933,1.05955
2013.03.13 01:01:02.392,1.05931,1.05955
2013.03.13 01:01:02.904,1.05933,1.05955
2013.03.13 01:01:05.753,1.05931,1.05955
2013.03.13 01:01:06.197,1.05931,1.05955
2013.03.13 01:01:07.664,1.05931,1.05955
2013.03.13 01:01:09.277,1.05931,1.05955
2013.03.13 01:01:09.352,1.05931,1.05955
2013.03.13 01:01:10.334,1.05931,1.05955
2013.03.13 01:01:10.906,1.05928,1.05954
2013.03.13 01:01:11.454,1.05929,1.05952
2013.03.13 01:01:11.775,1.05929,1.05952
2013.03.13 01:01:20.996,1.05931,1.05952
2013.03.13 01:01:22.484,1.05931,1.0595
2013.03.13 01:01:22.795,1.05924,1.05948
2013.03.13 01:01:23.234,1.05924,1.05948
2013.03.13 01:01:23.415,1.05921,1.05945
2013.03.13 01:01:23.951,1.05921,1.05945
2013.03.13 01:01:25.732,1.05921,1.05942
2013.03.13 01:01:26.045,1.05917,1.0594
2013.03.13 01:01:26.403,1.05916,1.05939
2013.03.13 01:01:26.585,1.05914,1.05939
2013.03.13 01:01:26.884,1.05914,1.05939
2013.03.13 01:01:26.944,1.05914,1.05939
2013.03.13 01:01:27.254,1.05909,1.05936
2013.03.13 01:01:27.694,1.05909,1.05936
2013.03.13 01:01:29.695,1.05909,1.05936
2013.03.13 01:01:30.414,1.05909,1.05936
2013.03.13 01:01:31.414,1.05909,1.05932
2013.03.13 01:01:31.974,1.05906,1.0593
2013.03.13 01:01:38.410,1.05906,1.0593
2013.03.13 01:01:38.954,1.05906,1.0593
2013.03.13 01:01:39.014,1.05906,1.0593
2013.03.13 01:01:46.305,1.05906,1.0593
2013.03.13 01:01:47.295,1.05906,1.0593
2013.03.13 01:01:47.443,1.05904,1.0593
2013.03.13 01:01:47.683,1.05904,1.05927
2013.03.13 01:01:47.864,1.05901,1.05925
2013.03.13 01:01:47.924,1.05901,1.05925
2013.03.13 01:01:48.285,1.05901,1.05925
2013.03.13 01:01:52.944,1.05904,1.05929
2013.03.13 01:01:56.474,1.05906,1.0593
2013.03.13 01:01:57.012,1.0591,1.05931
2013.03.13 01:01:57.635,1.0591,1.05931
2013.03.13 01:01:57.694,1.05911,1.05934
2013.03.13 01:01:57.934,1.05911,1.05935
2013.03.13 01:01:58.053,1.05911,1.05937
2013.03.13 01:01:58.793,1.05911,1.05937
2013.03.13 01:01:58.854,1.05913,1.05937
2013.03.13 01:01:58.914,1.05913,1.05937
2013.03.13 01:01:59.835,1.05912,1.05937
2013.03.13 01:02:00.752,1.05912,1.05937
2013.03.13 01:02:12.595,1.05911,1.05937
2013.03.13 01:02:12.774,1.05911,1.05937
2013.03.13 01:02:18.536,1.05912,1.05933
2013.03.13 01:02:26.564,1.05909,1.05933
2013.03.13 01:02:26.754,1.05907,1.0593
2013.03.13 01:02:32.235,1.05907,1.0593
2013.03.13 01:02:35.290,1.05908,1.0593
2013.03.13 01:02:43.564,1.05906,1.0593
2013.03.13 01:02:48.653,1.05906,1.05929
2013.03.13 01:02:49.226,1.05906,1.05929
2013.03.13 01:02:50.074,1.05907,1.0593
2013.03.13 01:02:50.434,1.05912,1.05935
2013.03.13 01:02:50.554,1.05913,1.05937
2013.03.13 01:02:50.915,1.05916,1.05939
2013.03.13 01:02:50.974,1.05916,1.05939
2013.03.13 01:02:51.277,1.05917,1.05942
2013.03.13 01:02:51.584,1.05918,1.05944
2013.03.13 01:02:51.644,1.05918,1.05942
2013.03.13 01:02:52.922,1.05918,1.05942
2013.03.13 01:02:53.494,1.05918,1.05942
2013.03.13 01:02:53.824,1.05921,1.05942
2013.03.13 01:02:54.330,1.05921,1.05944
2013.03.13 01:02:55.084,1.05921,1.05944
2013.03.13 01:02:55.393,1.05922,1.05944
2013.03.13 01:02:56.523,1.05922,1.05947
2013.03.13 01:02:56.584,1.05922,1.05948
2013.03.13 01:02:57.127,1.05923,1.05948
2013.03.13 01:02:57.924,1.05927,1.05948
2013.03.13 01:02:58.163,1.05927,1.05948
2013.03.13 01:02:59.904,1.05927,1.05948
2013.03.13 01:03:02.594,1.05929,1.05951
2013.03.13 01:03:03.099,1.05931,1.05952
2013.03.13 01:03:03.951,1.05931,1.05955
2013.03.13 01:03:04.716,1.05931,1.05955
2013.03.13 01:03:05.604,1.05931,1.05955
2013.03.13 01:03:07.034,1.05931,1.05955
2013.03.13 01:03:07.153,1.05931,1.05953
2013.03.13 01:03:07.474,1.05931,1.05953
2013.03.13 01:03:09.454,1.05931,1.05953
2013.03.13 01:03:12.903,1.05932,1.05953
2013.03.13 01:03:14.544,1.05932,1.05953
2013.03.13 01:03:20.698,1.05932,1.05953
2013.03.13 01:03:23.316,1.05932,1.05953
2013.03.13 01:03:24.644,1.05933,1.05954
2013.03.13 01:03:29.175,1.05931,1.05954
2013.03.13 01:03:31.441,1.05933,1.05954
2013.03.13 01:03:43.295,1.05933,1.05955
2013.03.13 01:03:44.295,1.05937,1.05958
2013.03.13 01:03:44.689,1.05937,1.05958
2013.03.13 01:03:45.603,1.05947,1.0596
