Time,Bid,Ask
2013.03.25 00:00:12.105,1.0682,1.06845
2013.03.25 00:00:12.164,1.0682,1.06845
2013.03.25 00:00:15.053,1.0682,1.06846
2013.03.25 00:00:15.582,1.0682,1.06845
2013.03.25 00:00:17.381,1.0682,1.06846
2013.03.25 00:00:21.042,1.0682,1.06844
2013.03.25 00:00:21.702,1.0682,1.06844
2013.03.25 00:00:26.903,1.0682,1.06844
2013.03.25 00:00:28.154,1.06818,1.06843
2013.03.25 00:00:28.272,1.06817,1.06842
2013.03.25 00:00:28.835,1.06816,1.06842
2013.03.25 00:00:31.243,1.06816,1.06842
2013.03.25 00:00:43.664,1.06816,1.06842
2013.03.25 00:00:52.313,1.06818,1.06842
2013.03.25 00:00:53.072,1.06818,1.06842
2013.03.25 00:00:54.915,1.06821,1.06845
2013.03.25 00:00:57.685,1.06821,1.06847
2013.03.25 00:01:08.846,1.06821,1.06843
2013.03.25 00:01:12.243,1.06821,1.06843
2013.03.25 00:01:15.183,1.0682,1.06845
2013.03.25 00:01:17.269,1.0682,1.06844
2013.03.25 00:01:20.645,1.0682,1.06846
2013.03.25 00:01:24.323,1.0682,1.06846
2013.03.25 00:01:24.983,1.0682,1.06846
2013.03.25 00:01:25.313,1.0682,1.06846
2013.03.25 00:01:25.493,1.0682,1.06845
2013.03.25 00:01:27.051,1.06819,1.06846
2013.03.25 00:01:27.204,1.0682,1.06846
2013.03.25 00:01:27.580,1.0682,1.06845
2013.03.25 00:01:27.973,1.0682,1.06845
2013.03.25 00:01:28.093,1.0682,1.06845
2013.03.25 00:01:28.544,1.0682,1.06845
2013.03.25 00:01:34.964,1.06821,1.06846
2013.03.25 00:01:35.084,1.06821,1.06846
2013.03.25 00:01:35.204,1.06821,1.06846
2013.03.25 00:01:35.847,1.06821,1.06846
2013.03.25 00:01:37.362,1.06821,1.06846
2013.03.25 00:01:38.414,1.06821,1.06847
2013.03.25 00:01:40.653,1.06821,1.06847
2013.03.25 00:01:41.326,1.06821,1.06847
2013.03.25 00:01:45.281,1.06821,1.06847
2013.03.25 00:01:52.127,1.06821,1.06847
2013.03.25 00:01:52.253,1.06821,1.06847
2013.03.25 00:01:55.332,1.06822,1.06847
2013.03.25 00:01:56.133,1.06822,1.06846
2013.03.25 00:01:56.663,1.06822,1.06846
2013.03.25 00:01:57.025,1.06822,1.06846
2013.03.25 00:01:57.928,1.06822,1.06846
2013.03.25 00:02:04.441,1.06822,1.06847
2013.03.25 00:02:10.346,1.06822,1.06847
2013.03.25 00:02:10.695,1.06822,1.06847
2013.03.25 00:02:10.785,1.06822,1.06847
2013.03.25 00:02:14.974,1.06823,1.06848
2013.03.25 00:02:15.215,1.06824,1.06848
2013.03.25 00:02:15.848,1.06824,1.06848
2013.03.25 00:02:15.985,1.06822,1.06842
2013.03.25 00:02:16.225,1.06818,1.06842
2013.03.25 00:02:16.403,1.06818,1.06842
2013.03.25 00:02:16.885,1.06817,1.0684
2013.03.25 00:02:17.004,1.06819,1.0684
2013.03.25 00:02:17.243,1.06815,1.06839
2013.03.25 00:02:19.054,1.06816,1.06839
2013.03.25 00:02:19.473,1.06817,1.06843
2013.03.25 00:02:20.015,1.06817,1.06844
2013.03.25 00:02:34.843,1.06817,1.06844
2013.03.25 00:02:35.204,1.06824,1.06845
2013.03.25 00:02:36.654,1.06824,1.06847
2013.03.25 00:02:38.823,1.06824,1.06849
2013.03.25 00:02:38.883,1.06824,1.06849
2013.03.25 00:02:41.564,1.06826,1.06849
2013.03.25 00:02:41.939,1.06824,1.06849
2013.03.25 00:02:43.995,1.06824,1.06849
2013.03.25 00:02:45.993,1.06823,1.0685
2013.03.25 00:02:48.683,1.06824,1.0685
2013.03.25 00:02:54.642,1.06824,1.0685
2013.03.25 00:03:00.163,1.06824,1.06849
2013.03.25 00:03:00.776,1.06821,1.06846
2013.03.25 00:03:00.844,1.06826,1.06847
2013.03.25 00:03:01.186,1.06821,1.06846
2013.03.25 00:03:06.139,1.06821,1.06846
2013.03.25 00:03:09.483,1.0682,1.06846
2013.03.25 00:03:09.783,1.06822,1.06845
2013.03.25 00:03:10.366,1.06821,1.06845
2013.03.25 00:03:10.493,1.06821,1.06845
2013.03.25 00:03:10.898,1.06821,1.06845
2013.03.25 00:03:11.509,1.06821,1.06845
2013.03.25 00:03:12.474,1.06821,1.06845
2013.03.25 00:03:13.381,1.06821,1.06845
2013.03.25 00:03:13.573,1.06815,1.06839
2013.03.25 00:03:14.698,1.06815,1.06839
2013.03.25 00:03:19.404,1.06815,1.06838
2013.03.25 00:03:19.583,1.06815,1.06838
2013.03.25 00:03:20.274,1.06815,1.06839
2013.03.25 00:03:20.783,1.0682,1.06843
2013.03.25 00:03:35.113,1.0682,1.06845
2013.03.25 00:03:38.814,1.0682,1.06845
2013.03.25 00:03:39.498,1.0682,1.06845
2013.03.25 00:03:39.744,1.0682,1.06845
2013.03.25 00:03:43.541,1.06824,1.06848
2013.03.25 00:03:59.330,1.06824,1.06848
2013.03.25 00:04:10.286,1.06824,1.06849
2013.03.25 00:04:10.413,1.06824,1.06848
2013.03.25 00:04:20.084,1.06822,1.06848
2013.03.25 00:04:20.623,1.06822,1.06847
2013.03.25 00:04:27.663,1.06822,1.06847
2013.03.25 00:04:30.847,1.06822,1.06848
2013.03.25 00:04:33.573,1.06823,1.06848
2013.03.25 00:04:34.508,1.06827,1.0685
2013.03.25 00:04:34.834,1.06827,1.06853
2013.03.25 00:04:46.123,1.06827,1.06853
2013.03.25 00:04:46.243,1.06832,1.06857
2013.03.25 00:04:46.546,1.06832,1.06858
2013.03.25 00:04:46.903,1.06834,1.06858
2013.03.25 00:04:47.023,1.06834,1.06858
2013.03.25 00:04:47.144,1.06836,1.06862
2013.03.25 00:04:47.263,1.06836,1.06862
2013.03.25 00:04:48.913,1.06836,1.06862
2013.03.25 00:04:48.973,1.06837,1.06862
2013.03.25 00:04:49.154,1.06837,1.06864
2013.03.25 00:04:49.214,1.06843,1.06867
2013.03.25 00:04:50.245,1.06843,1.06867
2013.03.25 00:04:52.125,1.06843,1.06867
2013.03.25 00:04:52.185,1.06843,1.06864
2013.03.25 00:04:52.364,1.06837,1.06862
2013.03.25 00:04:52.496,1.06837,1.06862
2013.03.25 00:04:52.674,1.06842,1.06866
2013.03.25 00:04:53.113,1.0684,1.06866
2013.03.25 00:04:59.283,1.06842,1.06866
2013.03.25 00:05:02.152,1.06842,1.06866
2013.03.25 00:05:03.028,1.06843,1.06869
2013.03.25 00:05:05.387,1.06843,1.06869
2013.03.25 00:05:05.573,1.06846,1.06871
2013.03.25 00:05:05.755,1.06849,1.06873
2013.03.25 00:05:06.174,1.06852,1.06877
2013.03.25 00:05:07.986,1.06852,1.06879
2013.03.25 00:05:08.525,1.06857,1.06881
2013.03.25 00:05:08.584,1.0686,1.06885
2013.03.25 00:05:09.115,1.0686,1.06885
2013.03.25 00:05:09.644,1.06861,1.06885
2013.03.25 00:05:09.705,1.06863,1.06887
2013.03.25 00:05:10.185,1.06865,1.06887
2013.03.25 00:05:10.533,1.06861,1.06883
2013.03.25 00:05:10.595,1.06861,1.06883
2013.03.25 00:05:10.713,1.06861,1.06883
2013.03.25 00:05:11.270,1.06858,1.06883
2013.03.25 00:05:11.392,1.06858,1.06883
2013.03.25 00:05:11.763,1.06856,1.06882
2013.03.25 00:05:12.264,1.06856,1.06879
2013.03.25 00:05:14.596,1.06855,1.0688
2013.03.25 00:05:15.123,1.06851,1.06877
2013.03.25 00:05:15.364,1.06855,1.06878
2013.03.25 00:05:17.873,1.06852,1.06877
2013.03.25 00:05:20.788,1.06852,1.06878
2013.03.25 00:05:21.153,1.06856,1.06879
2013.03.25 00:05:21.935,1.06856,1.06881
2013.03.25 00:05:27.497,1.06857,1.06881
2013.03.25 00:05:27.923,1.06856,1.06881
2013.03.25 00:05:27.984,1.06856,1.06881
2013.03.25 00:05:29.599,1.06856,1.06883
2013.03.25 00:05:30.674,1.06857,1.06883
2013.03.25 00:05:31.260,1.06857,1.06883
2013.03.25 00:05:31.776,1.0686,1.06884
2013.03.25 00:05:33.684,1.06861,1.06885
2013.03.25 00:05:35.945,1.06863,1.06886
2013.03.25 00:05:40.457,1.06859,1.06884
2013.03.25 00:05:41.443,1.06859,1.06884
2013.03.25 00:05:41.683,1.06859,1.06883
2013.03.25 00:05:53.895,1.06859,1.06884
2013.03.25 00:05:54.494,1.06861,1.06885
2013.03.25 00:05:55.326,1.06862,1.06889
2013.03.25 00:05:55.445,1.06862,1.06887
2013.03.25 00:05:55.746,1.06862,1.06889
2013.03.25 00:05:56.085,1.06862,1.06889
2013.03.25 00:05:56.446,1.06862,1.06889
2013.03.25 00:05:56.868,1.06862,1.06884
2013.03.25 00:05:57.186,1.06859,1.06883
2013.03.25 00:05:57.253,1.06859,1.06881
2013.03.25 00:05:57.314,1.06853,1.0688
2013.03.25 00:05:57.374,1.06853,1.06879
2013.03.25 00:06:00.160,1.06849,1.06873
2013.03.25 00:06:00.225,1.06843,1.06869
2013.03.25 00:06:00.285,1.06843,1.06868
2013.03.25 00:06:00.523,1.06841,1.06867
2013.03.25 00:06:00.710,1.06841,1.06863
2013.03.25 00:06:00.838,1.06838,1.06863
2013.03.25 00:06:01.084,1.06837,1.06862
2013.03.25 00:06:01.747,1.06839,1.06865
2013.03.25 00:06:01.874,1.06843,1.06867
2013.03.25 00:06:01.933,1.06843,1.06868
2013.03.25 00:06:02.293,1.06842,1.06868
2013.03.25 00:06:02.909,1.06841,1.06868
2013.03.25 00:06:04.095,1.06842,1.06868
2013.03.25 00:06:05.511,1.06842,1.06868
2013.03.25 00:06:05.573,1.06841,1.06868
2013.03.25 00:06:11.963,1.06842,1.06868
2013.03.25 00:06:12.295,1.06845,1.06871
2013.03.25 00:06:18.924,1.06845,1.06866
2013.03.25 00:06:18.985,1.0684,1.06866
2013.03.25 00:06:21.684,1.0684,1.06866
2013.03.25 00:06:24.393,1.0684,1.06865
2013.03.25 00:06:24.664,1.0684,1.06865
2013.03.25 00:06:27.367,1.06837,1.06862
2013.03.25 00:06:27.494,1.06836,1.06862
2013.03.25 00:06:27.615,1.06837,1.06862
2013.03.25 00:06:30.084,1.06837,1.06863
2013.03.25 00:06:41.175,1.06836,1.06862
2013.03.25 00:06:41.615,1.06839,1.06864
2013.03.25 00:06:41.876,1.06841,1.06864
2013.03.25 00:06:42.064,1.06841,1.06867
2013.03.25 00:06:42.315,1.06842,1.06868
2013.03.25 00:06:42.374,1.06845,1.06869
2013.03.25 00:06:42.554,1.06841,1.06867
2013.03.25 00:06:42.915,1.06842,1.06867
2013.03.25 00:06:43.524,1.06845,1.0687
2013.03.25 00:06:57.384,1.06845,1.06871
2013.03.25 00:06:57.504,1.06846,1.06872
2013.03.25 00:06:58.163,1.06849,1.06874
2013.03.25 00:06:58.413,1.06854,1.06879
2013.03.25 00:06:59.505,1.0686,1.06883
2013.03.25 00:06:59.824,1.06857,1.06883
2013.03.25 00:06:59.884,1.06857,1.06883
2013.03.25 00:07:00.324,1.06857,1.06883
2013.03.25 00:07:00.904,1.06857,1.06883
2013.03.25 00:07:01.356,1.06855,1.06881
2013.03.25 00:07:01.488,1.06851,1.06879
2013.03.25 00:07:02.034,1.06849,1.06873
2013.03.25 00:07:02.523,1.06852,1.06878
2013.03.25 00:07:03.204,1.06852,1.06878
2013.03.25 00:07:05.604,1.06852,1.06876
2013.03.25 00:07:06.063,1.06846,1.06874
2013.03.25 00:07:10.016,1.06851,1.06873
2013.03.25 00:07:10.143,1.06852,1.06877
2013.03.25 00:07:10.624,1.06852,1.06877
2013.03.25 00:07:10.986,1.06854,1.06877
2013.03.25 00:07:11.294,1.06856,1.06881
2013.03.25 00:07:13.238,1.06854,1.06878
2013.03.25 00:07:13.303,1.06851,1.06878
2013.03.25 00:07:13.557,1.06851,1.06878
2013.03.25 00:07:13.684,1.06856,1.06879
2013.03.25 00:07:15.785,1.06862,1.06882
2013.03.25 00:07:16.145,1.06857,1.06884
2013.03.25 00:07:16.325,1.06857,1.06883
2013.03.25 00:07:16.994,1.06855,1.06879
2013.03.25 00:07:17.076,1.06855,1.06879
2013.03.25 00:07:17.675,1.06853,1.06879
2013.03.25 00:07:17.913,1.06853,1.06876
2013.03.25 00:07:17.974,1.06848,1.06875
2013.03.25 00:07:19.152,1.06852,1.0688
2013.03.25 00:07:21.204,1.06849,1.06875
2013.03.25 00:07:22.240,1.06848,1.06875
2013.03.25 00:07:22.818,1.06848,1.06871
2013.03.25 00:07:23.003,1.06844,1.06871
2013.03.25 00:07:23.519,1.06843,1.06871
2013.03.25 00:07:23.595,1.06844,1.06871
2013.03.25 00:07:23.835,1.06844,1.06872
2013.03.25 00:07:24.014,1.0685,1.06874
2013.03.25 00:07:24.198,1.06847,1.06874
2013.03.25 00:07:32.367,1.06847,1.06874
2013.03.25 00:07:32.624,1.06847,1.06873
2013.03.25 00:07:33.969,1.06847,1.06872
2013.03.25 00:07:37.524,1.06844,1.06871
2013.03.25 00:07:37.644,1.06845,1.06868
2013.03.25 00:07:37.765,1.0684,1.06864
2013.03.25 00:07:37.945,1.06838,1.06864
2013.03.25 00:07:38.005,1.0684,1.06866
2013.03.25 00:07:43.587,1.06838,1.06864
2013.03.25 00:07:43.915,1.06836,1.06863
2013.03.25 00:07:43.975,1.06837,1.06863
2013.03.25 00:07:44.534,1.0684,1.06866
2013.03.25 00:07:46.024,1.0684,1.06865
2013.03.25 00:07:46.277,1.0684,1.06866
2013.03.25 00:07:46.344,1.0684,1.06867
2013.03.25 00:07:46.405,1.0684,1.06866
2013.03.25 00:07:50.694,1.0684,1.06866
2013.03.25 00:07:50.754,1.06843,1.06869
2013.03.25 00:07:51.054,1.06842,1.06865
2013.03.25 00:07:55.186,1.06841,1.06867
2013.03.25 00:07:55.435,1.06836,1.06863
2013.03.25 00:07:55.495,1.06836,1.06863
2013.03.25 00:07:56.003,1.06836,1.06863
2013.03.25 00:07:56.124,1.06837,1.06863
2013.03.25 00:07:56.364,1.06841,1.06866
2013.03.25 00:07:56.989,1.06841,1.06868
2013.03.25 00:07:57.334,1.06841,1.06868
2013.03.25 00:07:57.667,1.06846,1.06869
2013.03.25 00:07:57.860,1.06846,1.06871
2013.03.25 00:07:58.104,1.06846,1.0687
2013.03.25 00:07:59.025,1.06848,1.0687
2013.03.25 00:07:59.145,1.06848,1.06872
2013.03.25 00:07:59.327,1.06848,1.06874
2013.03.25 00:08:00.404,1.06849,1.06874
2013.03.25 00:08:00.840,1.06852,1.06878
2013.03.25 00:08:02.035,1.06852,1.06878
2013.03.25 00:08:02.912,1.06854,1.06878
2013.03.25 00:08:03.784,1.06852,1.06878
2013.03.25 00:08:04.645,1.06852,1.06878
2013.03.25 00:08:05.252,1.06854,1.06878
2013.03.25 00:08:06.165,1.06849,1.06874
2013.03.25 00:08:06.344,1.06848,1.06874
2013.03.25 00:08:07.544,1.06848,1.06874
2013.03.25 00:08:08.176,1.06848,1.06874
2013.03.25 00:08:08.483,1.06852,1.06874
2013.03.25 00:08:08.892,1.06855,1.06876
2013.03.25 00:08:08.955,1.06855,1.06878
2013.03.25 00:08:09.075,1.06855,1.06878
2013.03.25 00:08:09.134,1.06854,1.06878
2013.03.25 00:08:09.257,1.06851,1.06875
2013.03.25 00:08:09.566,1.06846,1.06875
2013.03.25 00:08:09.744,1.06845,1.0687
2013.03.25 00:08:15.605,1.06845,1.06872
2013.03.25 00:08:17.183,1.0685,1.06873
2013.03.25 00:08:17.364,1.0685,1.06874
2013.03.25 00:08:17.785,1.06855,1.06877
2013.03.25 00:08:17.904,1.06853,1.06877
2013.03.25 00:08:17.966,1.06851,1.06876
2013.03.25 00:08:18.096,1.06851,1.06876
2013.03.25 00:08:18.218,1.06851,1.06877
2013.03.25 00:08:18.535,1.06848,1.06874
2013.03.25 00:08:21.996,1.06848,1.06874
2013.03.25 00:08:22.545,1.06847,1.06874
2013.03.25 00:08:24.073,1.06847,1.06874
2013.03.25 00:08:24.733,1.06847,1.06874
2013.03.25 00:08:30.104,1.06848,1.06874
2013.03.25 00:08:30.225,1.06848,1.06874
2013.03.25 00:08:31.498,1.06845,1.06872
2013.03.25 00:08:31.996,1.06847,1.06874
2013.03.25 00:08:32.635,1.06848,1.06874
2013.03.25 00:08:34.106,1.0685,1.06877
2013.03.25 00:08:34.465,1.06852,1.06878
2013.03.25 00:08:34.523,1.06851,1.06876
2013.03.25 00:08:35.064,1.06849,1.06874
2013.03.25 00:08:35.287,1.06848,1.06874
2013.03.25 00:08:35.354,1.06849,1.06876
2013.03.25 00:08:35.945,1.06852,1.06876
2013.03.25 00:08:36.305,1.06851,1.06877
2013.03.25 00:08:36.366,1.06851,1.06878
2013.03.25 00:08:36.544,1.06849,1.06874
2013.03.25 00:08:37.107,1.06849,1.06873
2013.03.25 00:08:39.057,1.06847,1.06871
2013.03.25 00:08:41.373,1.06842,1.06869
2013.03.25 00:08:41.556,1.06841,1.06867
2013.03.25 00:08:42.171,1.06837,1.06864
2013.03.25 00:08:42.518,1.06837,1.06863
2013.03.25 00:08:43.611,1.06837,1.06863
2013.03.25 00:08:44.464,1.06843,1.06869
2013.03.25 00:08:45.190,1.06845,1.06871
2013.03.25 00:08:46.356,1.06846,1.06871
2013.03.25 00:08:47.795,1.06845,1.06872
2013.03.25 00:08:48.863,1.06845,1.06872
2013.03.25 00:08:49.721,1.06845,1.0687
2013.03.25 00:08:51.856,1.06843,1.0687
2013.03.25 00:08:53.154,1.06845,1.06872
2013.03.25 00:08:53.282,1.06846,1.06872
2013.03.25 00:08:54.940,1.06851,1.06874
2013.03.25 00:08:55.107,1.06848,1.06874
2013.03.25 00:08:56.624,1.06846,1.06871
2013.03.25 00:08:57.171,1.06844,1.06871
2013.03.25 00:09:01.054,1.06845,1.06871
2013.03.25 00:09:01.235,1.06846,1.06871
2013.03.25 00:09:03.761,1.06845,1.0687
2013.03.25 00:09:23.733,1.06845,1.06871
2013.03.25 00:09:29.558,1.06845,1.06869
2013.03.25 00:09:29.935,1.06847,1.06869
2013.03.25 00:09:29.995,1.06848,1.06872
2013.03.25 00:09:30.114,1.06851,1.06874
2013.03.25 00:09:30.235,1.06851,1.06878
2013.03.25 00:09:30.534,1.06856,1.06882
2013.03.25 00:09:30.655,1.06856,1.06882
2013.03.25 00:09:30.835,1.06856,1.06882
2013.03.25 00:09:31.395,1.06856,1.06879
2013.03.25 00:09:31.936,1.06856,1.06881
2013.03.25 00:09:32.813,1.06856,1.06881
2013.03.25 00:09:33.175,1.06851,1.06875
2013.03.25 00:09:34.228,1.06851,1.06875
2013.03.25 00:09:34.957,1.06851,1.06874
2013.03.25 00:09:36.885,1.06848,1.06872
2013.03.25 00:09:37.404,1.06845,1.06872
2013.03.25 00:09:37.704,1.06844,1.06872
2013.03.25 00:09:37.824,1.06846,1.06872
2013.03.25 00:09:38.353,1.06844,1.06872
2013.03.25 00:09:40.518,1.06845,1.06872
2013.03.25 00:09:40.645,1.06849,1.06874
2013.03.25 00:09:41.104,1.0685,1.06875
2013.03.25 00:09:41.225,1.0685,1.06876
2013.03.25 00:09:41.344,1.06852,1.06878
2013.03.25 00:09:43.684,1.06854,1.06878
2013.03.25 00:09:44.163,1.06855,1.06879
2013.03.25 00:09:44.434,1.06856,1.06882
2013.03.25 00:09:44.855,1.0686,1.06882
2013.03.25 00:09:45.276,1.06855,1.0688
2013.03.25 00:09:45.604,1.06854,1.06881
2013.03.25 00:09:46.117,1.06854,1.06881
2013.03.25 00:09:50.817,1.06854,1.0688
2013.03.25 00:09:50.885,1.06855,1.0688
2013.03.25 00:10:02.673,1.06859,1.06884
2013.03.25 00:10:06.043,1.06857,1.06884
2013.03.25 00:10:06.375,1.06859,1.06884
2013.03.25 00:10:07.455,1.06857,1.06882
2013.03.25 00:10:08.293,1.06855,1.06874
2013.03.25 00:10:08.360,1.06853,1.06879
2013.03.25 00:10:08.435,1.06857,1.06879
2013.03.25 00:10:08.703,1.06859,1.06882
2013.03.25 00:10:08.954,1.06859,1.06883
2013.03.25 00:10:10.854,1.06859,1.06883
2013.03.25 00:10:11.034,1.06858,1.06883
2013.03.25 00:10:11.343,1.06859,1.06885
2013.03.25 00:10:17.004,1.06861,1.06886
2013.03.25 00:10:17.064,1.06862,1.06887
2013.03.25 00:10:17.554,1.06861,1.06886
2013.03.25 00:10:28.853,1.06861,1.06884
2013.03.25 00:10:29.614,1.06857,1.06883
2013.03.25 00:10:29.974,1.06857,1.06881
2013.03.25 00:10:30.095,1.06856,1.06879
2013.03.25 00:10:30.214,1.06856,1.06879
2013.03.25 00:10:30.573,1.06849,1.06874
2013.03.25 00:10:30.634,1.06849,1.06874
2013.03.25 00:10:34.425,1.06847,1.06873
2013.03.25 00:10:34.795,1.06851,1.06877
2013.03.25 00:10:34.855,1.06852,1.06877
2013.03.25 00:10:35.404,1.06854,1.06878
2013.03.25 00:10:35.585,1.06852,1.06878
2013.03.25 00:10:35.825,1.06852,1.06877
2013.03.25 00:10:35.885,1.06852,1.06877
2013.03.25 00:10:36.315,1.06852,1.06877
2013.03.25 00:10:36.856,1.06856,1.0688
2013.03.25 00:10:37.434,1.06852,1.06877
2013.03.25 00:10:37.673,1.06852,1.06873
2013.03.25 00:10:37.854,1.06846,1.06873
2013.03.25 00:10:38.034,1.06846,1.06869
2013.03.25 00:10:38.557,1.06844,1.06868
2013.03.25 00:10:39.213,1.06846,1.0687
2013.03.25 00:10:39.444,1.06846,1.06871
2013.03.25 00:10:41.342,1.06847,1.06873
2013.03.25 00:10:41.884,1.06846,1.06871
2013.03.25 00:10:45.171,1.06846,1.06871
2013.03.25 00:10:46.134,1.06847,1.06873
2013.03.25 00:10:50.133,1.06847,1.06873
2013.03.25 00:10:53.109,1.06849,1.06873
2013.03.25 00:10:53.358,1.06851,1.06874
2013.03.25 00:10:53.664,1.06851,1.06871
2013.03.25 00:10:53.904,1.06846,1.06869
2013.03.25 00:10:54.537,1.06846,1.06869
2013.03.25 00:10:55.074,1.06846,1.06869
2013.03.25 00:10:55.913,1.06842,1.06869
2013.03.25 00:10:57.844,1.06842,1.06869
2013.03.25 00:10:58.025,1.06847,1.06872
2013.03.25 00:10:58.085,1.06847,1.06871
2013.03.25 00:11:03.854,1.06844,1.06869
2013.03.25 00:11:06.049,1.06846,1.06869
2013.03.25 00:11:07.358,1.06846,1.06869
2013.03.25 00:11:18.024,1.06843,1.06868
2013.03.25 00:11:19.876,1.06844,1.0687
2013.03.25 00:11:32.687,1.06844,1.06868
2013.03.25 00:11:33.229,1.06843,1.06868
2013.03.25 00:11:34.294,1.06842,1.06868
2013.03.25 00:11:36.323,1.06842,1.06869
2013.03.25 00:11:38.114,1.06842,1.06869
2013.03.25 00:11:48.474,1.06842,1.06868
2013.03.25 00:11:51.364,1.06847,1.06869
2013.03.25 00:11:51.725,1.06852,1.06873
2013.03.25 00:11:51.787,1.06847,1.06873
2013.03.25 00:11:52.155,1.06848,1.06873
2013.03.25 00:11:52.335,1.06848,1.06871
2013.03.25 00:11:52.454,1.06846,1.06871
2013.03.25 00:11:52.974,1.06844,1.06867
2013.03.25 00:11:53.557,1.06844,1.06868
2013.03.25 00:11:53.862,1.06844,1.06867
2013.03.25 00:11:53.984,1.06842,1.06867
2013.03.25 00:11:54.104,1.06838,1.06863
2013.03.25 00:11:54.344,1.06839,1.06865
2013.03.25 00:11:54.585,1.06842,1.06867
2013.03.25 00:11:54.644,1.06842,1.06867
2013.03.25 00:11:55.177,1.06844,1.06869
2013.03.25 00:11:56.452,1.06844,1.06867
2013.03.25 00:11:57.452,1.06844,1.06865
2013.03.25 00:11:57.979,1.06844,1.06863
2013.03.25 00:11:58.045,1.06841,1.06863
2013.03.25 00:11:58.344,1.0684,1.06863
2013.03.25 00:11:58.524,1.06841,1.06863
2013.03.25 00:11:58.856,1.06841,1.06863
2013.03.25 00:11:59.354,1.06844,1.06865
2013.03.25 00:12:16.505,1.06842,1.06868
2013.03.25 00:12:20.075,1.06841,1.06868
2013.03.25 00:12:22.734,1.06841,1.06867
2013.03.25 00:12:25.144,1.06841,1.06866
2013.03.25 00:12:25.444,1.06838,1.06863
2013.03.25 00:12:39.219,1.06838,1.06862
2013.03.25 00:12:39.742,1.06838,1.06861
2013.03.25 00:12:40.467,1.06837,1.0686
2013.03.25 00:12:41.665,1.06837,1.0686
2013.03.25 00:12:46.061,1.06836,1.06861
2013.03.25 00:12:51.125,1.06837,1.0686
2013.03.25 00:12:53.322,1.06837,1.06861
2013.03.25 00:12:55.554,1.0684,1.06864
2013.03.25 00:12:55.734,1.06841,1.06864
2013.03.25 00:12:56.934,1.06843,1.06865
2013.03.25 00:12:57.009,1.06851,1.06875
2013.03.25 00:12:57.556,1.06851,1.06875
2013.03.25 00:12:58.346,1.0685,1.06873
2013.03.25 00:12:58.644,1.06841,1.06864
2013.03.25 00:13:00.187,1.06839,1.06864
2013.03.25 00:13:02.827,1.0684,1.06864
2013.03.25 00:13:03.388,1.06841,1.06866
2013.03.25 00:13:03.519,1.06844,1.06867
2013.03.25 00:13:03.704,1.06844,1.06869
2013.03.25 00:13:08.037,1.06844,1.06867
2013.03.25 00:13:10.069,1.06846,1.06866
2013.03.25 00:13:10.384,1.06841,1.06861
2013.03.25 00:13:15.214,1.06837,1.0686
2013.03.25 00:13:15.395,1.06835,1.06859
2013.03.25 00:13:15.914,1.06835,1.0686
2013.03.25 00:13:16.216,1.06831,1.06857
2013.03.25 00:13:18.055,1.06834,1.06859
2013.03.25 00:13:22.399,1.06834,1.0686
2013.03.25 00:13:23.437,1.06837,1.06861
2013.03.25 00:13:23.794,1.06839,1.06864
2013.03.25 00:13:24.034,1.06842,1.06867
2013.03.25 00:13:24.274,1.06844,1.06868
2013.03.25 00:13:24.333,1.06844,1.06868
2013.03.25 00:13:34.214,1.06845,1.06868
2013.03.25 00:13:34.574,1.06839,1.06862
2013.03.25 00:13:38.290,1.06836,1.06862
2013.03.25 00:13:40.494,1.06836,1.0686
2013.03.25 00:13:41.054,1.0684,1.0686
2013.03.25 00:13:41.604,1.06835,1.06859
2013.03.25 00:13:41.784,1.06832,1.06858
2013.03.25 00:13:42.184,1.06835,1.06859
2013.03.25 00:13:42.624,1.06835,1.06859
2013.03.25 00:13:43.283,1.06835,1.06859
2013.03.25 00:13:52.827,1.06835,1.06861
2013.03.25 00:13:53.275,1.06837,1.06864
2013.03.25 00:13:58.978,1.06839,1.06864
2013.03.25 00:13:59.529,1.06839,1.06864
2013.03.25 00:13:59.949,1.06839,1.06863
2013.03.25 00:14:00.255,1.06839,1.06864
2013.03.25 00:14:00.375,1.06839,1.06863
2013.03.25 00:14:08.965,1.0684,1.06863
2013.03.25 00:14:09.505,1.06839,1.06862
2013.03.25 00:14:11.617,1.06837,1.06862
2013.03.25 00:14:13.494,1.06838,1.06864
2013.03.25 00:14:21.299,1.06838,1.06863
2013.03.25 00:14:21.365,1.06838,1.06862
2013.03.25 00:14:33.444,1.06837,1.06861
2013.03.25 00:14:33.625,1.06837,1.06859
2013.03.25 00:14:34.884,1.06837,1.06861
2013.03.25 00:14:39.319,1.06836,1.06859
2013.03.25 00:14:41.849,1.06837,1.06861
2013.03.25 00:14:52.464,1.06838,1.06863
2013.03.25 00:14:52.710,1.06838,1.06861
2013.03.25 00:14:57.434,1.06836,1.06861
2013.03.25 00:15:16.894,1.06836,1.0686
2013.03.25 00:15:18.336,1.06834,1.06859
2013.03.25 00:15:18.454,1.06834,1.06858
2013.03.25 00:15:18.755,1.0683,1.06854
2013.03.25 00:15:22.665,1.06834,1.06858
2013.03.25 00:15:23.395,1.06836,1.0686
2013.03.25 00:15:24.212,1.06834,1.06858
2013.03.25 00:15:29.091,1.06834,1.06857
2013.03.25 00:15:30.885,1.06831,1.06855
2013.03.25 00:15:31.429,1.06827,1.06854
2013.03.25 00:15:32.103,1.0683,1.06856
2013.03.25 00:15:33.354,1.0683,1.06856
2013.03.25 00:15:33.415,1.06836,1.0686
2013.03.25 00:15:33.474,1.06836,1.0686
2013.03.25 00:15:33.904,1.06836,1.0686
2013.03.25 00:15:38.405,1.06835,1.06862
2013.03.25 00:15:38.465,1.06845,1.06869
2013.03.25 00:15:38.524,1.06845,1.0687
2013.03.25 00:15:38.644,1.06845,1.06869
2013.03.25 00:15:40.197,1.06846,1.06871
2013.03.25 00:15:40.396,1.06849,1.06874
2013.03.25 00:15:41.030,1.06847,1.06871
2013.03.25 00:15:41.564,1.06847,1.06871
2013.03.25 00:15:41.922,1.06847,1.06871
2013.03.25 00:15:42.935,1.06847,1.06871
2013.03.25 00:15:43.325,1.06851,1.06876
2013.03.25 00:15:43.385,1.06851,1.06878
2013.03.25 00:15:43.934,1.06852,1.06878
2013.03.25 00:15:46.889,1.06854,1.06878
2013.03.25 00:15:47.470,1.06854,1.06879
2013.03.25 00:15:47.879,1.06854,1.06878
2013.03.25 00:15:48.364,1.06853,1.06878
2013.03.25 00:15:48.545,1.06848,1.06875
2013.03.25 00:15:48.665,1.06848,1.06874
2013.03.25 00:15:49.205,1.06848,1.06873
2013.03.25 00:15:53.114,1.06847,1.06872
2013.03.25 00:15:53.565,1.06848,1.06873
2013.03.25 00:15:53.994,1.06852,1.06876
2013.03.25 00:15:54.295,1.06853,1.06879
2013.03.25 00:15:54.656,1.06853,1.06879
2013.03.25 00:15:55.137,1.06853,1.06879
2013.03.25 00:15:55.915,1.06852,1.06878
2013.03.25 00:15:58.504,1.06852,1.06876
2013.03.25 00:16:03.183,1.06852,1.06879
2013.03.25 00:16:03.874,1.06852,1.06878
2013.03.25 00:16:04.054,1.06849,1.06874
2013.03.25 00:16:06.564,1.06849,1.06873
2013.03.25 00:16:06.675,1.06849,1.06873
2013.03.25 00:16:11.845,1.06849,1.06873
2013.03.25 00:16:15.777,1.0685,1.06873
2013.03.25 00:16:15.844,1.06849,1.06873
2013.03.25 00:16:21.774,1.06849,1.06873
2013.03.25 00:16:28.064,1.06847,1.06873
2013.03.25 00:16:34.384,1.06849,1.06875
2013.03.25 00:16:38.085,1.06847,1.06874
2013.03.25 00:16:41.955,1.06847,1.06873
2013.03.25 00:16:42.075,1.06847,1.06873
2013.03.25 00:16:48.541,1.06847,1.06872
2013.03.25 00:16:52.977,1.06847,1.06872
2013.03.25 00:16:53.274,1.06845,1.06869
2013.03.25 00:17:00.136,1.06843,1.06869
2013.03.25 00:17:03.967,1.06845,1.06869
2013.03.25 00:17:06.798,1.06845,1.06869
2013.03.25 00:17:10.859,1.06845,1.06869
2013.03.25 00:17:11.171,1.06843,1.06869
2013.03.25 00:17:11.502,1.06843,1.06869
2013.03.25 00:17:13.294,1.06844,1.06868
2013.03.25 00:17:15.378,1.06844,1.06868
2013.03.25 00:17:15.566,1.06848,1.06868
2013.03.25 00:17:15.766,1.06848,1.06868
2013.03.25 00:17:17.995,1.06846,1.06868
2013.03.25 00:17:18.355,1.06844,1.06868
2013.03.25 00:17:19.012,1.0684,1.06864
2013.03.25 00:17:20.114,1.06841,1.06865
2013.03.25 00:17:20.887,1.06841,1.06865
2013.03.25 00:17:20.945,1.06839,1.06864
2013.03.25 00:17:21.970,1.06839,1.06864
2013.03.25 00:17:22.037,1.06839,1.06864
2013.03.25 00:17:25.775,1.06839,1.06864
2013.03.25 00:17:28.007,1.06839,1.06864
2013.03.25 00:17:29.057,1.06839,1.06864
2013.03.25 00:17:29.674,1.06839,1.06864
2013.03.25 00:17:30.335,1.06839,1.06863
2013.03.25 00:17:40.846,1.06842,1.06866
2013.03.25 00:17:41.855,1.06845,1.06867
2013.03.25 00:17:42.416,1.06845,1.06868
2013.03.25 00:17:42.655,1.06846,1.06872
2013.03.25 00:17:42.836,1.06847,1.06873
2013.03.25 00:17:42.954,1.0685,1.06874
2013.03.25 00:17:43.507,1.06851,1.06875
2013.03.25 00:17:43.565,1.06851,1.06875
2013.03.25 00:17:44.084,1.0685,1.06873
2013.03.25 00:17:45.345,1.06851,1.06874
2013.03.25 00:17:46.765,1.06851,1.06874
2013.03.25 00:17:48.345,1.0685,1.06874
2013.03.25 00:17:48.545,1.06846,1.06871
2013.03.25 00:17:52.205,1.06846,1.06872
2013.03.25 00:17:52.846,1.06846,1.06872
2013.03.25 00:17:56.706,1.06846,1.06872
2013.03.25 00:17:57.096,1.06848,1.06872
2013.03.25 00:17:57.855,1.06846,1.06872
2013.03.25 00:18:00.385,1.06846,1.06872
2013.03.25 00:18:04.924,1.06846,1.06872
2013.03.25 00:18:05.642,1.06846,1.06872
2013.03.25 00:18:06.317,1.06847,1.06869
2013.03.25 00:18:06.856,1.06846,1.06868
2013.03.25 00:18:09.346,1.06846,1.06872
2013.03.25 00:18:09.878,1.06846,1.06872
2013.03.25 00:18:11.905,1.06846,1.06872
2013.03.25 00:18:12.025,1.06846,1.06871
2013.03.25 00:18:15.435,1.0685,1.06872
2013.03.25 00:18:15.736,1.06853,1.06873
2013.03.25 00:18:15.974,1.06857,1.06878
2013.03.25 00:18:16.159,1.06856,1.06876
2013.03.25 00:18:16.405,1.06857,1.06878
2013.03.25 00:18:16.585,1.06857,1.06883
2013.03.25 00:18:16.765,1.06858,1.06883
2013.03.25 00:18:16.885,1.06858,1.06883
2013.03.25 00:18:17.216,1.06862,1.06885
2013.03.25 00:18:25.076,1.06862,1.06888
2013.03.25 00:18:25.195,1.06862,1.06886
2013.03.25 00:18:26.800,1.06862,1.06888
2013.03.25 00:18:29.916,1.06862,1.06886
2013.03.25 00:18:32.785,1.06862,1.06887
2013.03.25 00:18:35.130,1.06862,1.06888
2013.03.25 00:18:37.194,1.06862,1.06888
2013.03.25 00:18:46.807,1.06861,1.06888
2013.03.25 00:18:47.634,1.06866,1.06888
2013.03.25 00:18:48.345,1.06868,1.06893
2013.03.25 00:18:48.815,1.06872,1.06895
2013.03.25 00:18:48.891,1.06872,1.06899
2013.03.25 00:18:49.384,1.06872,1.06895
2013.03.25 00:18:49.689,1.0687,1.06895
2013.03.25 00:18:50.395,1.06872,1.06895
2013.03.25 00:18:51.995,1.06871,1.06895
2013.03.25 00:18:55.625,1.0687,1.06893
2013.03.25 00:18:56.915,1.06872,1.06894
2013.03.25 00:18:57.185,1.06872,1.06894
2013.03.25 00:18:57.693,1.06874,1.06898
2013.03.25 00:18:58.263,1.06876,1.06898
2013.03.25 00:19:00.680,1.06875,1.06898
2013.03.25 00:19:02.664,1.06876,1.06899
2013.03.25 00:19:03.246,1.06878,1.06899
2013.03.25 00:19:07.999,1.06876,1.06899
2013.03.25 00:19:10.847,1.06876,1.06897
2013.03.25 00:19:22.650,1.06875,1.06897
2013.03.25 00:19:31.785,1.06875,1.06899
2013.03.25 00:19:31.965,1.06872,1.06896
2013.03.25 00:19:32.532,1.06872,1.06896
2013.03.25 00:19:33.212,1.06872,1.06897
2013.03.25 00:19:35.305,1.06872,1.06897
2013.03.25 00:19:37.065,1.06872,1.06897
2013.03.25 00:19:42.915,1.06872,1.06896
2013.03.25 00:19:43.454,1.06872,1.06896
2013.03.25 00:19:45.315,1.06872,1.06897
2013.03.25 00:19:45.495,1.06872,1.06896
2013.03.25 00:19:45.865,1.06868,1.06893
2013.03.25 00:19:46.855,1.06868,1.06893
2013.03.25 00:19:47.480,1.06866,1.06892
2013.03.25 00:19:48.185,1.06866,1.06891
2013.03.25 00:19:48.306,1.06865,1.06888
2013.03.25 00:19:48.424,1.06862,1.06888
2013.03.25 00:19:48.665,1.06863,1.06888
2013.03.25 00:19:49.026,1.06857,1.06881
2013.03.25 00:19:49.335,1.06855,1.06878
2013.03.25 00:19:50.044,1.06855,1.06878
2013.03.25 00:19:58.264,1.06855,1.06878
2013.03.25 00:19:58.766,1.06855,1.06879
2013.03.25 00:20:03.155,1.06855,1.06881
2013.03.25 00:20:06.544,1.06853,1.06879
2013.03.25 00:20:09.335,1.06855,1.06881
2013.03.25 00:20:09.675,1.06856,1.06882
2013.03.25 00:20:10.156,1.06857,1.06882
2013.03.25 00:20:10.544,1.06857,1.06882
2013.03.25 00:20:11.188,1.06856,1.06882
2013.03.25 00:20:11.864,1.06856,1.06882
2013.03.25 00:20:12.195,1.06856,1.06879
2013.03.25 00:20:12.814,1.06853,1.06878
2013.03.25 00:20:14.395,1.06858,1.06881
2013.03.25 00:20:14.515,1.0686,1.06883
2013.03.25 00:20:15.438,1.0686,1.06886
2013.03.25 00:20:19.855,1.06858,1.06884
2013.03.25 00:20:22.685,1.06855,1.06882
2013.03.25 00:20:22.874,1.06855,1.06882
2013.03.25 00:20:23.114,1.06854,1.06882
2013.03.25 00:20:23.304,1.06855,1.06882
2013.03.25 00:20:24.294,1.06856,1.06883
2013.03.25 00:20:24.816,1.06854,1.06881
2013.03.25 00:20:25.489,1.06854,1.0688
2013.03.25 00:20:26.084,1.06853,1.0688
2013.03.25 00:20:26.275,1.06852,1.06877
2013.03.25 00:20:26.445,1.06852,1.06875
2013.03.25 00:20:26.685,1.06852,1.06878
2013.03.25 00:20:32.103,1.06852,1.06879
2013.03.25 00:20:33.675,1.0686,1.0688
2013.03.25 00:20:33.735,1.06863,1.06885
2013.03.25 00:20:33.855,1.06863,1.06887
2013.03.25 00:20:34.036,1.06863,1.06889
2013.03.25 00:20:34.175,1.06863,1.06888
2013.03.25 00:20:34.495,1.06862,1.06886
2013.03.25 00:20:34.783,1.06862,1.06888
2013.03.25 00:20:34.934,1.06861,1.06885
2013.03.25 00:20:35.054,1.06863,1.06888
2013.03.25 00:20:35.114,1.06863,1.06888
2013.03.25 00:20:35.475,1.06867,1.0689
2013.03.25 00:20:36.543,1.06866,1.06892
2013.03.25 00:20:37.616,1.06868,1.06892
2013.03.25 00:20:40.235,1.06868,1.06893
2013.03.25 00:20:41.054,1.06869,1.06893
2013.03.25 00:20:53.656,1.06868,1.06892
2013.03.25 00:20:58.586,1.06866,1.06891
2013.03.25 00:21:10.895,1.06867,1.06892
2013.03.25 00:21:11.136,1.06867,1.06892
2013.03.25 00:21:15.296,1.06867,1.06893
2013.03.25 00:21:16.921,1.06868,1.06894
2013.03.25 00:21:18.395,1.06868,1.06894
2013.03.25 00:21:19.134,1.06869,1.06894
2013.03.25 00:21:21.190,1.06864,1.06886
2013.03.25 00:21:22.595,1.06861,1.06886
2013.03.25 00:21:22.716,1.06863,1.06886
2013.03.25 00:21:22.835,1.06863,1.0689
2013.03.25 00:21:24.466,1.06866,1.06891
2013.03.25 00:21:25.315,1.06866,1.06891
2013.03.25 00:21:25.895,1.06863,1.0689
2013.03.25 00:21:26.255,1.06863,1.06887
2013.03.25 00:21:35.283,1.06862,1.06887
2013.03.25 00:21:35.853,1.06861,1.06887
2013.03.25 00:21:42.156,1.06858,1.0688
2013.03.25 00:21:42.216,1.06854,1.06879
2013.03.25 00:21:42.276,1.06853,1.06879
2013.03.25 00:21:42.336,1.06853,1.06878
2013.03.25 00:21:42.656,1.06851,1.06876
2013.03.25 00:21:44.143,1.06849,1.06874
2013.03.25 00:21:44.537,1.06848,1.06872
2013.03.25 00:21:44.635,1.06847,1.06871
2013.03.25 00:21:46.949,1.06845,1.06871
2013.03.25 00:21:55.668,1.06845,1.06871
2013.03.25 00:21:56.671,1.06844,1.06871
2013.03.25 00:21:57.026,1.06847,1.06871
2013.03.25 00:21:57.087,1.06851,1.06874
2013.03.25 00:21:59.578,1.06851,1.06877
2013.03.25 00:22:00.615,1.06853,1.06877
2013.03.25 00:22:01.125,1.06856,1.06879
2013.03.25 00:22:01.751,1.06856,1.06881
2013.03.25 00:22:02.715,1.06856,1.06881
2013.03.25 00:22:06.236,1.06856,1.06882
2013.03.25 00:22:10.925,1.06856,1.06882
2013.03.25 00:22:12.675,1.06856,1.06882
2013.03.25 00:22:16.939,1.06856,1.06882
2013.03.25 00:22:19.649,1.06856,1.06882
2013.03.25 00:22:20.476,1.06857,1.06882
2013.03.25 00:22:20.835,1.06861,1.06885
2013.03.25 00:22:21.195,1.06862,1.06888
2013.03.25 00:22:21.555,1.06862,1.06886
2013.03.25 00:22:22.318,1.06862,1.06888
2013.03.25 00:22:26.388,1.06863,1.06889
2013.03.25 00:22:28.810,1.06863,1.06889
2013.03.25 00:22:31.285,1.06862,1.06888
2013.03.25 00:22:33.406,1.06866,1.0689
2013.03.25 00:22:33.525,1.06866,1.06893
2013.03.25 00:22:34.585,1.06866,1.06893
2013.03.25 00:22:41.256,1.06868,1.06893
2013.03.25 00:22:45.673,1.06868,1.06893
2013.03.25 00:22:50.395,1.06866,1.06892
2013.03.25 00:22:50.715,1.06867,1.06894
2013.03.25 00:22:50.865,1.06867,1.06894
2013.03.25 00:22:53.405,1.06869,1.06894
2013.03.25 00:22:53.866,1.06869,1.06894
2013.03.25 00:22:54.498,1.06873,1.06896
2013.03.25 00:22:54.555,1.06873,1.06898
2013.03.25 00:23:03.425,1.06871,1.06897
2013.03.25 00:23:03.545,1.06871,1.06896
2013.03.25 00:23:03.875,1.0687,1.06893
2013.03.25 00:23:04.425,1.06867,1.06892
2013.03.25 00:23:05.798,1.06868,1.06893
2013.03.25 00:23:05.855,1.06867,1.06893
2013.03.25 00:23:06.156,1.06866,1.06892
2013.03.25 00:23:06.457,1.06862,1.06886
2013.03.25 00:23:06.845,1.06857,1.06884
2013.03.25 00:23:07.872,1.06857,1.06881
2013.03.25 00:23:10.125,1.06857,1.06881
2013.03.25 00:23:11.282,1.06858,1.06883
2013.03.25 00:23:11.586,1.06861,1.06888
2013.03.25 00:23:11.825,1.06861,1.06886
2013.03.25 00:23:12.818,1.06859,1.06884
2013.03.25 00:23:19.917,1.06859,1.06884
2013.03.25 00:23:24.355,1.06858,1.06884
2013.03.25 00:23:26.088,1.06858,1.06883
2013.03.25 00:23:28.046,1.06858,1.06882
2013.03.25 00:23:30.797,1.06857,1.06881
2013.03.25 00:23:31.036,1.06853,1.06878
2013.03.25 00:23:31.561,1.06853,1.06878
2013.03.25 00:23:32.887,1.06853,1.0688
2013.03.25 00:23:33.666,1.06858,1.06881
2013.03.25 00:23:34.225,1.06858,1.06882
2013.03.25 00:23:34.446,1.06854,1.06879
2013.03.25 00:23:34.965,1.06854,1.06878
2013.03.25 00:23:35.646,1.06854,1.06878
2013.03.25 00:23:36.276,1.06855,1.0688
2013.03.25 00:23:37.404,1.06855,1.06878
2013.03.25 00:23:37.885,1.06858,1.06882
2013.03.25 00:23:38.576,1.06858,1.06883
2013.03.25 00:23:40.078,1.06858,1.06883
2013.03.25 00:23:40.162,1.06858,1.06881
2013.03.25 00:23:42.626,1.06855,1.0688
2013.03.25 00:23:50.318,1.06859,1.06881
2013.03.25 00:23:51.459,1.06859,1.06881
2013.03.25 00:23:52.705,1.06859,1.06883
2013.03.25 00:23:58.055,1.06857,1.06884
2013.03.25 00:23:58.674,1.06857,1.06883
2013.03.25 00:23:58.795,1.06854,1.0688
2013.03.25 00:23:59.335,1.06854,1.06878
2013.03.25 00:23:59.855,1.06854,1.06877
2013.03.25 00:24:00.277,1.06854,1.06878
2013.03.25 00:24:00.417,1.06854,1.06879
2013.03.25 00:24:00.597,1.06854,1.06879
2013.03.25 00:24:00.856,1.06854,1.06879
2013.03.25 00:24:00.980,1.06854,1.06879
2013.03.25 00:24:01.571,1.06854,1.06879
2013.03.25 00:24:02.084,1.06854,1.06878
2013.03.25 00:24:02.597,1.06854,1.06878
2013.03.25 00:24:05.926,1.06854,1.06878
2013.03.25 00:24:06.631,1.06854,1.06879
2013.03.25 00:24:09.617,1.06854,1.06878
2013.03.25 00:24:12.407,1.06854,1.06879
2013.03.25 00:24:13.592,1.06856,1.0688
2013.03.25 00:24:13.656,1.06859,1.06883
2013.03.25 00:24:14.076,1.06861,1.06882
2013.03.25 00:24:14.635,1.06854,1.06879
2013.03.25 00:24:15.586,1.06854,1.06879
2013.03.25 00:24:15.886,1.06854,1.06878
2013.03.25 00:24:16.006,1.06854,1.06878
2013.03.25 00:24:16.365,1.0685,1.06875
2013.03.25 00:24:21.404,1.06852,1.06877
2013.03.25 00:24:21.850,1.06852,1.06878
2013.03.25 00:24:21.975,1.06853,1.0688
2013.03.25 00:24:24.355,1.06855,1.0688
2013.03.25 00:24:25.158,1.06858,1.0688
2013.03.25 00:24:30.205,1.06858,1.06883
2013.03.25 00:24:34.775,1.06856,1.06879
2013.03.25 00:24:34.895,1.06856,1.06879
2013.03.25 00:24:35.076,1.06854,1.06878
2013.03.25 00:24:35.495,1.06852,1.06878
2013.03.25 00:24:35.676,1.06853,1.06878
2013.03.25 00:24:36.098,1.06853,1.06878
2013.03.25 00:24:36.418,1.06853,1.06878
2013.03.25 00:24:36.606,1.06853,1.06878
2013.03.25 00:24:37.166,1.06857,1.06881
2013.03.25 00:24:38.763,1.06857,1.06878
2013.03.25 00:24:39.305,1.06852,1.06878
2013.03.25 00:24:39.851,1.06852,1.06878
2013.03.25 00:24:40.553,1.06852,1.06878
2013.03.25 00:24:44.538,1.06854,1.06879
2013.03.25 00:24:45.396,1.06854,1.06879
2013.03.25 00:24:46.000,1.06857,1.06881
2013.03.25 00:24:46.956,1.06857,1.06882
2013.03.25 00:24:50.135,1.06857,1.06882
2013.03.25 00:24:50.936,1.06858,1.06883
2013.03.25 00:24:51.436,1.06857,1.06882
2013.03.25 00:24:51.855,1.06857,1.06883
2013.03.25 00:24:51.985,1.06857,1.06882
2013.03.25 00:24:52.547,1.06856,1.0688
2013.03.25 00:24:57.561,1.06857,1.06882
2013.03.25 00:25:01.586,1.06856,1.06882
2013.03.25 00:25:03.535,1.06857,1.06884
2013.03.25 00:25:03.596,1.06858,1.06884
2013.03.25 00:25:03.776,1.06862,1.06885
2013.03.25 00:25:03.896,1.06862,1.06887
2013.03.25 00:25:05.355,1.06864,1.06889
2013.03.25 00:25:07.551,1.06863,1.06888
2013.03.25 00:25:07.917,1.06866,1.0689
2013.03.25 00:25:10.855,1.06866,1.0689
2013.03.25 00:25:23.796,1.06864,1.0689
2013.03.25 00:25:24.819,1.06864,1.0689
2013.03.25 00:25:25.425,1.06862,1.06889
2013.03.25 00:25:25.606,1.0686,1.06886
2013.03.25 00:25:33.116,1.06866,1.0689
2013.03.25 00:25:35.425,1.06866,1.0689
2013.03.25 00:25:44.306,1.06865,1.0689
2013.03.25 00:25:47.007,1.06864,1.0689
2013.03.25 00:25:47.315,1.06864,1.06888
2013.03.25 00:25:51.154,1.06862,1.06887
2013.03.25 00:25:51.376,1.06864,1.06887
2013.03.25 00:25:51.498,1.06864,1.06886
2013.03.25 00:25:52.206,1.06864,1.06887
2013.03.25 00:25:52.545,1.06864,1.0689
2013.03.25 00:25:52.934,1.06863,1.06889
2013.03.25 00:25:54.256,1.06866,1.06889
2013.03.25 00:25:54.616,1.06862,1.06887
2013.03.25 00:25:54.675,1.06862,1.06887
2013.03.25 00:25:55.237,1.06861,1.06887
2013.03.25 00:25:55.776,1.06858,1.06884
2013.03.25 00:25:58.405,1.06857,1.06883
2013.03.25 00:25:59.726,1.06857,1.06883
2013.03.25 00:26:00.286,1.06855,1.0688
2013.03.25 00:26:03.091,1.06856,1.06882
2013.03.25 00:26:05.406,1.06856,1.06879
2013.03.25 00:26:05.947,1.06854,1.06879
2013.03.25 00:26:06.626,1.06854,1.06879
2013.03.25 00:26:07.167,1.06856,1.06879
2013.03.25 00:26:07.385,1.06856,1.06879
2013.03.25 00:26:08.035,1.06852,1.06879
2013.03.25 00:26:12.385,1.06852,1.06878
2013.03.25 00:26:12.866,1.06852,1.06873
2013.03.25 00:26:12.986,1.06847,1.06873
2013.03.25 00:26:14.197,1.06847,1.06873
2013.03.25 00:26:14.586,1.06847,1.06873
2013.03.25 00:26:14.646,1.06845,1.0687
2013.03.25 00:26:16.628,1.06845,1.06869
2013.03.25 00:26:16.937,1.06843,1.06869
2013.03.25 00:26:16.998,1.06842,1.06867
2013.03.25 00:26:18.559,1.06842,1.06868
2013.03.25 00:26:19.385,1.06838,1.06863
2013.03.25 00:26:19.934,1.06837,1.0686
2013.03.25 00:26:20.869,1.06837,1.06864
2013.03.25 00:26:20.926,1.06837,1.06864
2013.03.25 00:26:21.400,1.06837,1.06864
2013.03.25 00:26:27.901,1.06837,1.06864
2013.03.25 00:26:36.426,1.06839,1.06864
2013.03.25 00:26:39.737,1.06839,1.06864
2013.03.25 00:26:44.328,1.06841,1.06867
2013.03.25 00:26:45.666,1.06842,1.06867
2013.03.25 00:26:46.407,1.06847,1.06873
2013.03.25 00:26:47.718,1.06845,1.06872
2013.03.25 00:27:00.859,1.06846,1.06872
2013.03.25 00:27:02.765,1.06846,1.06873
2013.03.25 00:27:02.888,1.06845,1.0687
2013.03.25 00:27:05.656,1.06845,1.0687
2013.03.25 00:27:32.206,1.06846,1.06871
2013.03.25 00:27:34.215,1.06847,1.06871
2013.03.25 00:27:34.516,1.06854,1.06873
2013.03.25 00:27:34.577,1.06852,1.06875
2013.03.25 00:27:34.756,1.06851,1.06874
2013.03.25 00:27:35.317,1.06852,1.06874
2013.03.25 00:27:44.659,1.06853,1.06877
2013.03.25 00:27:46.865,1.06851,1.06877
2013.03.25 00:27:52.706,1.06853,1.06873
2013.03.25 00:28:01.212,1.06852,1.06873
2013.03.25 00:28:04.476,1.06855,1.06879
2013.03.25 00:28:05.657,1.06853,1.06879
2013.03.25 00:28:07.246,1.06852,1.06877
2013.03.25 00:28:07.613,1.06852,1.06878
2013.03.25 00:28:08.541,1.06852,1.06878
2013.03.25 00:28:17.839,1.06852,1.06878
2013.03.25 00:28:18.447,1.06852,1.06878
2013.03.25 00:28:18.977,1.06852,1.06878
2013.03.25 00:28:19.057,1.06852,1.06876
2013.03.25 00:28:21.316,1.06852,1.06876
2013.03.25 00:28:25.356,1.06852,1.06878
2013.03.25 00:28:30.402,1.06852,1.06878
2013.03.25 00:28:32.919,1.06852,1.06879
2013.03.25 00:28:34.831,1.06852,1.06878
2013.03.25 00:28:36.196,1.06852,1.06878
2013.03.25 00:28:38.295,1.06853,1.06878
2013.03.25 00:28:45.328,1.06855,1.06879
2013.03.25 00:29:13.054,1.06857,1.0688
2013.03.25 00:29:13.407,1.06861,1.06887
2013.03.25 00:29:14.316,1.06865,1.06889
2013.03.25 00:29:14.795,1.06866,1.06889
2013.03.25 00:29:15.506,1.06866,1.06889
2013.03.25 00:29:17.046,1.06867,1.06889
2013.03.25 00:29:18.157,1.06866,1.06889
2013.03.25 00:29:18.281,1.06866,1.06886
2013.03.25 00:29:20.643,1.06867,1.06886
2013.03.25 00:29:22.152,1.06866,1.06886
2013.03.25 00:29:22.457,1.06865,1.06886
2013.03.25 00:29:22.583,1.06866,1.06889
2013.03.25 00:29:22.647,1.06866,1.06889
2013.03.25 00:29:23.017,1.06866,1.06889
2013.03.25 00:29:23.975,1.06867,1.06888
2013.03.25 00:29:24.117,1.06867,1.06891
2013.03.25 00:29:24.176,1.06867,1.06888
2013.03.25 00:29:25.835,1.06866,1.06889
2013.03.25 00:29:26.317,1.06865,1.06885
2013.03.25 00:29:27.107,1.06864,1.06885
2013.03.25 00:29:27.166,1.06863,1.06885
2013.03.25 00:29:27.682,1.06862,1.06885
2013.03.25 00:29:30.058,1.06862,1.06884
2013.03.25 00:29:30.237,1.06864,1.06884
2013.03.25 00:29:30.667,1.06864,1.06884
2013.03.25 00:29:32.592,1.06864,1.06884
2013.03.25 00:29:32.719,1.06862,1.06885
2013.03.25 00:29:32.846,1.06862,1.06886
2013.03.25 00:29:32.968,1.06857,1.06879
2013.03.25 00:29:33.088,1.06855,1.06879
2013.03.25 00:29:33.268,1.06854,1.06879
2013.03.25 00:29:33.800,1.06852,1.06874
2013.03.25 00:29:33.867,1.06851,1.06874
2013.03.25 00:29:34.758,1.06849,1.06869
2013.03.25 00:29:34.878,1.06849,1.06869
2013.03.25 00:29:34.937,1.06845,1.06869
2013.03.25 00:29:35.357,1.06841,1.06864
2013.03.25 00:29:35.476,1.06838,1.06864
2013.03.25 00:29:36.967,1.06837,1.06863
2013.03.25 00:29:38.071,1.06837,1.06863
2013.03.25 00:29:39.297,1.06838,1.06864
2013.03.25 00:29:39.476,1.06837,1.06862
2013.03.25 00:29:39.836,1.06838,1.06862
2013.03.25 00:29:40.378,1.06836,1.0686
2013.03.25 00:29:40.496,1.06837,1.06862
2013.03.25 00:29:40.618,1.06838,1.06864
2013.03.25 00:29:41.126,1.06838,1.06864
2013.03.25 00:29:41.587,1.06839,1.06864
2013.03.25 00:29:42.172,1.06841,1.06864
2013.03.25 00:29:43.873,1.06841,1.06864
2013.03.25 00:29:44.391,1.06841,1.06864
2013.03.25 00:29:44.516,1.06838,1.06864
2013.03.25 00:29:44.996,1.06837,1.06863
2013.03.25 00:29:47.126,1.06839,1.06864
2013.03.25 00:29:49.597,1.06838,1.06863
2013.03.25 00:29:50.423,1.06837,1.06862
2013.03.25 00:29:52.332,1.06837,1.06858
2013.03.25 00:29:52.985,1.06834,1.06858
2013.03.25 00:29:54.106,1.06834,1.06858
2013.03.25 00:29:54.685,1.06834,1.0686
2013.03.25 00:29:55.146,1.06835,1.0686
2013.03.25 00:29:55.206,1.06836,1.06862
2013.03.25 00:29:55.716,1.06837,1.06863
2013.03.25 00:29:56.216,1.06838,1.06863
2013.03.25 00:29:56.276,1.06838,1.06864
2013.03.25 00:29:57.246,1.06838,1.06863
2013.03.25 00:29:57.427,1.06838,1.06863
2013.03.25 00:29:57.855,1.06838,1.06863
2013.03.25 00:29:57.976,1.06839,1.06863
2013.03.25 00:29:58.036,1.06839,1.06863
2013.03.25 00:29:58.336,1.06839,1.06863
2013.03.25 00:30:01.570,1.06838,1.06863
2013.03.25 00:30:03.156,1.06838,1.06864
2013.03.25 00:30:03.998,1.06837,1.06863
2013.03.25 00:30:05.325,1.06838,1.06863
2013.03.25 00:30:06.346,1.06838,1.06863
2013.03.25 00:30:08.466,1.06838,1.06863
2013.03.25 00:30:08.967,1.0684,1.06864
2013.03.25 00:30:13.165,1.06839,1.06864
2013.03.25 00:30:14.866,1.06841,1.06864
2013.03.25 00:30:15.405,1.06842,1.06867
2013.03.25 00:30:15.890,1.06842,1.06868
2013.03.25 00:30:18.151,1.06841,1.06867
2013.03.25 00:30:19.657,1.06842,1.06865
2013.03.25 00:30:20.423,1.06837,1.06863
2013.03.25 00:30:34.496,1.06837,1.06863
2013.03.25 00:30:35.906,1.06839,1.06863
2013.03.25 00:30:39.476,1.06837,1.06862
2013.03.25 00:30:41.166,1.06838,1.06863
2013.03.25 00:30:41.526,1.06838,1.06862
2013.03.25 00:30:46.392,1.06838,1.06863
2013.03.25 00:30:48.916,1.06838,1.0686
2013.03.25 00:30:49.457,1.06838,1.06861
2013.03.25 00:30:51.209,1.06838,1.06862
2013.03.25 00:30:54.725,1.06838,1.06863
2013.03.25 00:30:59.894,1.06836,1.06862
2013.03.25 00:31:08.187,1.06837,1.06863
2013.03.25 00:31:08.247,1.06838,1.06864
2013.03.25 00:31:12.018,1.06838,1.06864
2013.03.25 00:31:15.527,1.06838,1.06864
2013.03.25 00:31:17.137,1.06839,1.06864
2013.03.25 00:31:22.696,1.06838,1.06864
2013.03.25 00:31:23.331,1.0684,1.06864
2013.03.25 00:31:24.865,1.06838,1.06864
2013.03.25 00:31:25.287,1.06837,1.06863
2013.03.25 00:31:26.107,1.06838,1.06863
2013.03.25 00:31:26.978,1.06838,1.06863
2013.03.25 00:31:28.526,1.06839,1.06863
2013.03.25 00:31:33.886,1.06839,1.06863
2013.03.25 00:31:33.947,1.06834,1.06859
2013.03.25 00:31:35.472,1.06834,1.06859
2013.03.25 00:31:39.332,1.06834,1.06859
2013.03.25 00:31:42.856,1.06835,1.06859
2013.03.25 00:31:43.158,1.06834,1.06859
2013.03.25 00:31:43.276,1.06835,1.06859
2013.03.25 00:31:47.096,1.06839,1.06865
2013.03.25 00:31:50.126,1.06839,1.06859
2013.03.25 00:31:50.186,1.06838,1.06856
2013.03.25 00:31:50.487,1.06828,1.06852
2013.03.25 00:31:53.627,1.06827,1.06852
2013.03.25 00:31:53.689,1.06824,1.06848
2013.03.25 00:31:55.647,1.06826,1.06849
2013.03.25 00:31:57.488,1.06823,1.06844
2013.03.25 00:31:57.889,1.06823,1.06848
2013.03.25 00:31:58.861,1.06826,1.0685
2013.03.25 00:31:59.589,1.06827,1.06848
2013.03.25 00:31:59.657,1.06827,1.06848
2013.03.25 00:31:59.958,1.06817,1.06843
2013.03.25 00:32:00.077,1.06821,1.06845
2013.03.25 00:32:00.257,1.06822,1.06848
2013.03.25 00:32:00.616,1.06822,1.06848
2013.03.25 00:32:05.066,1.06823,1.06847
2013.03.25 00:32:05.126,1.06821,1.06844
2013.03.25 00:32:05.186,1.0682,1.06843
2013.03.25 00:32:05.667,1.06819,1.06843
2013.03.25 00:32:12.986,1.06823,1.06846
2013.03.25 00:32:14.329,1.0682,1.06844
2013.03.25 00:32:14.687,1.06822,1.06845
2013.03.25 00:32:17.603,1.06821,1.06845
2013.03.25 00:32:17.786,1.06823,1.06849
2013.03.25 00:32:18.607,1.06825,1.0685
2013.03.25 00:32:19.407,1.06823,1.06848
2013.03.25 00:32:19.586,1.06824,1.0685
2013.03.25 00:32:20.267,1.06823,1.06849
2013.03.25 00:32:23.306,1.06822,1.06848
2013.03.25 00:32:25.062,1.06823,1.06848
2013.03.25 00:32:29.121,1.06823,1.06848
2013.03.25 00:32:29.466,1.06824,1.0685
2013.03.25 00:32:35.034,1.06823,1.06848
2013.03.25 00:32:35.637,1.06822,1.06848
2013.03.25 00:32:37.167,1.06823,1.06848
2013.03.25 00:32:39.156,1.06817,1.06844
2013.03.25 00:32:41.757,1.06817,1.06844
2013.03.25 00:32:44.468,1.06817,1.06842
2013.03.25 00:32:47.219,1.06817,1.06843
2013.03.25 00:32:48.707,1.06817,1.06844
2013.03.25 00:32:50.386,1.06817,1.06841
2013.03.25 00:32:51.757,1.06817,1.06844
2013.03.25 00:32:52.806,1.06818,1.06844
2013.03.25 00:32:54.156,1.06817,1.06844
2013.03.25 00:32:54.216,1.06817,1.06843
2013.03.25 00:32:59.287,1.06816,1.06841
2013.03.25 00:32:59.836,1.06816,1.06841
2013.03.25 00:33:00.836,1.06818,1.06841
2013.03.25 00:33:00.956,1.06821,1.06844
2013.03.25 00:33:01.076,1.06821,1.06845
2013.03.25 00:33:01.598,1.06821,1.06845
2013.03.25 00:33:02.189,1.06821,1.06845
2013.03.25 00:33:04.467,1.06821,1.06845
2013.03.25 00:33:17.116,1.06821,1.06845
2013.03.25 00:33:17.356,1.06821,1.06845
2013.03.25 00:33:17.537,1.06823,1.06848
2013.03.25 00:33:17.917,1.06821,1.06845
2013.03.25 00:33:19.078,1.06821,1.06846
2013.03.25 00:33:19.158,1.06812,1.06836
2013.03.25 00:33:19.684,1.06811,1.06836
2013.03.25 00:33:19.750,1.06809,1.06832
2013.03.25 00:33:25.079,1.0681,1.06832
2013.03.25 00:33:25.998,1.0681,1.06837
2013.03.25 00:33:27.186,1.0681,1.06837
2013.03.25 00:33:30.194,1.06812,1.06838
2013.03.25 00:33:30.271,1.06814,1.06838
2013.03.25 00:33:31.207,1.06812,1.06838
2013.03.25 00:33:31.266,1.06811,1.06836
2013.03.25 00:33:31.447,1.06811,1.06835
2013.03.25 00:33:31.806,1.06807,1.06833
2013.03.25 00:33:32.391,1.06806,1.06831
2013.03.25 00:33:34.139,1.06807,1.06831
2013.03.25 00:33:34.317,1.06809,1.06833
2013.03.25 00:33:34.437,1.06809,1.06836
2013.03.25 00:33:34.738,1.06812,1.06838
2013.03.25 00:33:35.039,1.06815,1.06838
2013.03.25 00:33:37.613,1.06815,1.06841
2013.03.25 00:33:37.736,1.06811,1.06836
2013.03.25 00:33:37.856,1.06811,1.06836
2013.03.25 00:33:40.748,1.06811,1.06837
2013.03.25 00:33:41.947,1.06811,1.06836
2013.03.25 00:33:44.161,1.06811,1.06837
2013.03.25 00:33:44.695,1.06813,1.06837
2013.03.25 00:33:56.836,1.06814,1.0684
2013.03.25 00:33:59.637,1.06819,1.06844
2013.03.25 00:34:00.636,1.06818,1.06843
2013.03.25 00:34:00.936,1.0681,1.06833
2013.03.25 00:34:05.388,1.0681,1.06834
2013.03.25 00:34:13.896,1.06812,1.06837
2013.03.25 00:34:21.718,1.06811,1.06835
2013.03.25 00:34:26.019,1.06812,1.06835
2013.03.25 00:34:30.992,1.06812,1.06835
2013.03.25 00:34:32.702,1.06812,1.06835
2013.03.25 00:34:36.607,1.06809,1.06834
2013.03.25 00:34:38.337,1.06809,1.06834
2013.03.25 00:34:39.588,1.06811,1.06835
2013.03.25 00:34:40.364,1.06812,1.06838
2013.03.25 00:34:45.966,1.06813,1.06838
2013.03.25 00:34:47.172,1.06813,1.06838
2013.03.25 00:34:49.475,1.06812,1.06838
2013.03.25 00:34:54.190,1.06812,1.06838
2013.03.25 00:34:59.716,1.06811,1.06837
2013.03.25 00:35:00.425,1.06811,1.06837
2013.03.25 00:35:01.071,1.06816,1.06839
2013.03.25 00:35:20.447,1.06817,1.06842
2013.03.25 00:35:20.753,1.06815,1.06841
2013.03.25 00:35:22.626,1.06815,1.06839
2013.03.25 00:35:22.747,1.0681,1.06834
2013.03.25 00:35:22.866,1.06812,1.06835
2013.03.25 00:35:23.228,1.06817,1.06841
2013.03.25 00:35:23.649,1.06817,1.06839
2013.03.25 00:35:23.777,1.06814,1.06834
2013.03.25 00:35:24.412,1.06812,1.06834
2013.03.25 00:35:34.166,1.06813,1.06839
2013.03.25 00:35:34.466,1.06813,1.06839
2013.03.25 00:35:39.302,1.06812,1.06837
2013.03.25 00:35:39.496,1.06813,1.06839
2013.03.25 00:35:43.688,1.06814,1.06839
2013.03.25 00:35:44.192,1.06815,1.06839
2013.03.25 00:35:44.257,1.06816,1.06842
2013.03.25 00:35:46.827,1.06815,1.06838
2013.03.25 00:35:47.688,1.06815,1.06838
2013.03.25 00:35:47.867,1.06815,1.06839
2013.03.25 00:35:48.386,1.06815,1.0684
2013.03.25 00:35:48.758,1.06812,1.06836
2013.03.25 00:35:48.998,1.06816,1.06839
2013.03.25 00:35:49.513,1.06816,1.0684
2013.03.25 00:35:49.638,1.06816,1.06842
2013.03.25 00:35:50.117,1.06816,1.0684
2013.03.25 00:35:50.296,1.0681,1.06834
2013.03.25 00:35:51.059,1.06814,1.06839
2013.03.25 00:35:53.057,1.06813,1.06838
2013.03.25 00:35:55.177,1.06814,1.06839
2013.03.25 00:35:55.297,1.06815,1.06842
2013.03.25 00:35:56.485,1.0682,1.06844
2013.03.25 00:35:57.127,1.0682,1.06844
2013.03.25 00:35:57.306,1.0682,1.06845
2013.03.25 00:35:57.427,1.06823,1.06845
2013.03.25 00:35:57.487,1.06827,1.06848
2013.03.25 00:35:57.608,1.06827,1.06849
2013.03.25 00:35:57.970,1.06822,1.06847
2013.03.25 00:35:58.677,1.06823,1.06848
2013.03.25 00:36:01.659,1.06822,1.06848
2013.03.25 00:36:05.686,1.06827,1.06851
2013.03.25 00:36:11.086,1.06824,1.06849
2013.03.25 00:36:18.057,1.06824,1.06849
2013.03.25 00:36:18.604,1.06825,1.06849
2013.03.25 00:36:22.169,1.06823,1.06848
2013.03.25 00:36:22.718,1.06822,1.06848
2013.03.25 00:36:29.686,1.06823,1.06848
2013.03.25 00:36:30.547,1.0682,1.06843
2013.03.25 00:36:31.494,1.0682,1.06846
2013.03.25 00:36:34.456,1.06821,1.06846
2013.03.25 00:36:35.066,1.06821,1.06848
2013.03.25 00:36:36.356,1.06821,1.06847
2013.03.25 00:36:38.616,1.06822,1.06844
2013.03.25 00:36:39.176,1.06819,1.06843
2013.03.25 00:36:39.537,1.06823,1.06838
2013.03.25 00:36:39.899,1.06817,1.06837
2013.03.25 00:36:40.256,1.06812,1.06832
2013.03.25 00:36:40.560,1.06807,1.06832
2013.03.25 00:36:43.175,1.06807,1.06832
2013.03.25 00:36:43.274,1.06813,1.06839
2013.03.25 00:36:43.336,1.06815,1.06839
2013.03.25 00:36:46.799,1.06815,1.06839
2013.03.25 00:36:47.207,1.06813,1.06838
2013.03.25 00:36:49.768,1.06813,1.06838
2013.03.25 00:36:52.304,1.06813,1.06838
2013.03.25 00:36:53.707,1.06812,1.06838
2013.03.25 00:36:53.842,1.06813,1.06838
2013.03.25 00:36:57.240,1.06813,1.06839
2013.03.25 00:36:59.071,1.06812,1.06839
2013.03.25 00:37:01.566,1.06812,1.06838
2013.03.25 00:37:02.899,1.06812,1.06838
2013.03.25 00:37:03.814,1.06814,1.06838
2013.03.25 00:37:05.801,1.06814,1.0684
2013.03.25 00:37:07.327,1.0681,1.06833
2013.03.25 00:37:08.103,1.06809,1.06833
2013.03.25 00:37:08.357,1.06809,1.06832
2013.03.25 00:37:08.418,1.068,1.06828
2013.03.25 00:37:08.539,1.06802,1.06826
2013.03.25 00:37:08.847,1.068,1.06826
2013.03.25 00:37:08.968,1.06802,1.06829
2013.03.25 00:37:09.029,1.06805,1.06829
2013.03.25 00:37:09.217,1.06806,1.06833
2013.03.25 00:37:09.458,1.0681,1.06833
2013.03.25 00:37:10.008,1.06811,1.06834
2013.03.25 00:37:10.957,1.06811,1.06835
2013.03.25 00:37:11.428,1.06812,1.06835
2013.03.25 00:37:11.671,1.06813,1.06838
2013.03.25 00:37:15.863,1.06816,1.06843
2013.03.25 00:37:18.738,1.06816,1.06841
2013.03.25 00:37:20.427,1.06816,1.06839
2013.03.25 00:37:29.627,1.06812,1.06838
2013.03.25 00:37:31.588,1.06813,1.06838
2013.03.25 00:37:32.129,1.06815,1.06839
2013.03.25 00:37:40.314,1.06817,1.0684
2013.03.25 00:37:40.509,1.0682,1.06843
2013.03.25 00:37:41.658,1.0682,1.06844
2013.03.25 00:37:42.069,1.0682,1.06844
2013.03.25 00:37:42.657,1.06819,1.06843
2013.03.25 00:37:44.050,1.0682,1.06844
2013.03.25 00:37:44.596,1.06822,1.06846
2013.03.25 00:37:44.896,1.06824,1.06848
2013.03.25 00:37:45.327,1.06822,1.06846
2013.03.25 00:37:46.387,1.06818,1.06844
2013.03.25 00:37:46.447,1.06817,1.06843
2013.03.25 00:37:46.755,1.06817,1.06841
2013.03.25 00:37:50.269,1.06819,1.06844
2013.03.25 00:37:50.447,1.06821,1.06846
2013.03.25 00:37:50.567,1.06821,1.06846
2013.03.25 00:37:52.387,1.0682,1.06846
2013.03.25 00:37:52.507,1.06819,1.06845
2013.03.25 00:37:55.364,1.06819,1.06845
2013.03.25 00:38:05.559,1.0682,1.06846
2013.03.25 00:38:10.176,1.06823,1.06848
2013.03.25 00:38:10.252,1.06823,1.06848
2013.03.25 00:38:12.627,1.06822,1.06845
2013.03.25 00:38:13.562,1.06822,1.06843
2013.03.25 00:38:13.907,1.06822,1.06848
2013.03.25 00:38:15.130,1.06823,1.06848
2013.03.25 00:38:15.197,1.06826,1.06848
2013.03.25 00:38:15.686,1.06827,1.06853
2013.03.25 00:38:18.429,1.0683,1.06853
2013.03.25 00:38:18.868,1.06828,1.06853
2013.03.25 00:38:22.137,1.06828,1.0685
2013.03.25 00:38:22.198,1.06823,1.06847
2013.03.25 00:38:22.258,1.06822,1.06844
2013.03.25 00:38:22.318,1.0682,1.06844
2013.03.25 00:38:22.440,1.0682,1.06844
2013.03.25 00:38:22.807,1.06823,1.06849
2013.03.25 00:38:23.106,1.06823,1.06849
2013.03.25 00:38:23.587,1.0682,1.06844
2013.03.25 00:38:28.617,1.0682,1.06843
2013.03.25 00:38:29.914,1.0682,1.06844
2013.03.25 00:38:38.867,1.0682,1.06842
2013.03.25 00:38:39.476,1.06816,1.0684
2013.03.25 00:38:41.357,1.06817,1.0684
2013.03.25 00:38:48.688,1.06815,1.0684
2013.03.25 00:38:48.747,1.06813,1.06839
2013.03.25 00:38:49.286,1.06811,1.06837
2013.03.25 00:38:50.628,1.06813,1.06839
2013.03.25 00:38:50.957,1.06812,1.06838
2013.03.25 00:38:51.318,1.06813,1.06838
2013.03.25 00:38:51.377,1.06815,1.06839
2013.03.25 00:38:51.498,1.06812,1.06836
2013.03.25 00:38:52.386,1.06814,1.06839
2013.03.25 00:38:52.627,1.06817,1.06843
2013.03.25 00:38:52.687,1.06814,1.06839
2013.03.25 00:38:53.409,1.06814,1.06839
2013.03.25 00:38:55.160,1.06814,1.06839
2013.03.25 00:38:55.827,1.06814,1.06839
2013.03.25 00:38:56.067,1.06816,1.06839
2013.03.25 00:38:56.661,1.06814,1.06839
2013.03.25 00:38:56.848,1.06814,1.06838
2013.03.25 00:39:01.126,1.06814,1.06838
2013.03.25 00:39:01.247,1.06815,1.06839
2013.03.25 00:39:02.347,1.06815,1.06839
2013.03.25 00:39:03.351,1.06814,1.06838
2013.03.25 00:39:03.476,1.06814,1.06839
2013.03.25 00:39:03.777,1.06818,1.06842
2013.03.25 00:39:05.298,1.06819,1.06843
2013.03.25 00:39:05.677,1.06818,1.06843
2013.03.25 00:39:05.737,1.06819,1.06844
2013.03.25 00:39:06.314,1.06821,1.06843
2013.03.25 00:39:07.832,1.06819,1.06843
2013.03.25 00:39:08.077,1.06816,1.0684
2013.03.25 00:39:08.259,1.06815,1.06837
2013.03.25 00:39:08.677,1.06811,1.06836
2013.03.25 00:39:08.856,1.06812,1.06836
2013.03.25 00:39:09.040,1.06814,1.06838
2013.03.25 00:39:09.842,1.06814,1.06838
2013.03.25 00:39:10.087,1.06816,1.0684
2013.03.25 00:39:18.617,1.06822,1.06842
2013.03.25 00:39:18.918,1.06822,1.06847
2013.03.25 00:39:19.217,1.06825,1.06848
2013.03.25 00:39:20.666,1.06828,1.0685
2013.03.25 00:39:23.167,1.06828,1.06853
2013.03.25 00:39:25.748,1.06829,1.06853
2013.03.25 00:39:28.049,1.06832,1.06855
2013.03.25 00:39:28.586,1.06826,1.06852
2013.03.25 00:39:29.807,1.06828,1.06852
2013.03.25 00:39:29.927,1.06829,1.06853
2013.03.25 00:39:33.037,1.06832,1.06856
2013.03.25 00:39:35.737,1.06835,1.06859
2013.03.25 00:39:36.077,1.06836,1.06859
2013.03.25 00:39:36.638,1.06839,1.06861
2013.03.25 00:39:36.757,1.06839,1.06865
2013.03.25 00:39:51.327,1.06838,1.06863
2013.03.25 00:39:51.847,1.06837,1.0686
2013.03.25 00:39:53.067,1.06838,1.06861
2013.03.25 00:39:53.187,1.06839,1.06863
2013.03.25 00:39:54.386,1.06838,1.06863
2013.03.25 00:39:55.159,1.06839,1.06863
2013.03.25 00:39:55.659,1.06838,1.06863
2013.03.25 00:39:58.027,1.06837,1.0686
2013.03.25 00:40:00.039,1.06836,1.0686
2013.03.25 00:40:03.867,1.06837,1.06861
2013.03.25 00:40:04.107,1.06836,1.06861
2013.03.25 00:40:04.669,1.06835,1.06859
2013.03.25 00:40:05.028,1.06832,1.06854
2013.03.25 00:40:05.153,1.06827,1.06853
2013.03.25 00:40:05.919,1.06832,1.06856
2013.03.25 00:40:05.977,1.06832,1.06857
2013.03.25 00:40:07.110,1.06831,1.06857
2013.03.25 00:40:07.417,1.06836,1.06858
2013.03.25 00:40:07.898,1.06832,1.06855
2013.03.25 00:40:08.017,1.06831,1.06855
2013.03.25 00:40:09.527,1.0683,1.06854
2013.03.25 00:40:09.737,1.06827,1.06852
2013.03.25 00:40:10.707,1.06824,1.06848
2013.03.25 00:40:11.248,1.06824,1.06848
2013.03.25 00:40:11.786,1.06827,1.0685
2013.03.25 00:40:12.506,1.06826,1.0685
2013.03.25 00:40:13.077,1.06826,1.06849
2013.03.25 00:40:13.898,1.06824,1.06847
2013.03.25 00:40:14.426,1.06824,1.06846
2013.03.25 00:40:15.437,1.06823,1.06846
2013.03.25 00:40:15.678,1.06823,1.06849
2013.03.25 00:40:15.918,1.06821,1.06846
2013.03.25 00:40:16.038,1.0682,1.06846
2013.03.25 00:40:17.018,1.06821,1.06846
2013.03.25 00:40:18.129,1.06823,1.06846
2013.03.25 00:40:18.247,1.06824,1.06848
2013.03.25 00:40:18.777,1.06824,1.06849
2013.03.25 00:40:21.138,1.06824,1.06848
2013.03.25 00:40:21.257,1.06823,1.06846
2013.03.25 00:40:22.547,1.06823,1.06846
2013.03.25 00:40:24.667,1.06823,1.06846
2013.03.25 00:40:25.177,1.06823,1.06846
2013.03.25 00:40:25.657,1.06822,1.06846
2013.03.25 00:40:27.700,1.06817,1.06842
2013.03.25 00:40:31.597,1.06816,1.0684
2013.03.25 00:40:31.717,1.06813,1.06839
2013.03.25 00:40:32.078,1.0681,1.06834
2013.03.25 00:40:33.217,1.0681,1.06834
2013.03.25 00:40:33.567,1.0681,1.06834
2013.03.25 00:40:34.102,1.0681,1.06834
2013.03.25 00:40:38.006,1.0681,1.06834
2013.03.25 00:40:38.507,1.06808,1.0683
2013.03.25 00:40:42.636,1.0681,1.06834
2013.03.25 00:40:44.157,1.0681,1.06834
2013.03.25 00:40:44.890,1.06808,1.06831
2013.03.25 00:40:45.227,1.06806,1.0683
2013.03.25 00:40:46.419,1.06806,1.06832
2013.03.25 00:40:46.540,1.06812,1.06834
2013.03.25 00:40:46.668,1.06813,1.06834
2013.03.25 00:40:48.518,1.06812,1.06835
2013.03.25 00:40:49.145,1.0681,1.06834
2013.03.25 00:40:52.527,1.06811,1.06833
2013.03.25 00:40:52.587,1.06806,1.0683
2013.03.25 00:40:52.708,1.06808,1.06832
2013.03.25 00:40:53.428,1.0681,1.06833
2013.03.25 00:40:58.171,1.0681,1.06834
2013.03.25 00:41:02.294,1.0681,1.06833
2013.03.25 00:41:04.396,1.06812,1.06833
2013.03.25 00:41:04.937,1.06812,1.06834
2013.03.25 00:41:05.118,1.06811,1.06832
2013.03.25 00:41:06.602,1.06811,1.06832
2013.03.25 00:41:06.787,1.06811,1.06835
2013.03.25 00:41:07.089,1.06812,1.06837
2013.03.25 00:41:07.194,1.06814,1.06839
2013.03.25 00:41:07.916,1.06814,1.06838
2013.03.25 00:41:15.477,1.06814,1.06838
2013.03.25 00:41:26.388,1.06816,1.0684
2013.03.25 00:41:26.571,1.06816,1.06842
2013.03.25 00:41:26.908,1.06817,1.06842
2013.03.25 00:41:28.070,1.06817,1.06843
2013.03.25 00:41:30.488,1.06819,1.06843
2013.03.25 00:41:31.045,1.06817,1.06843
2013.03.25 00:41:32.390,1.06819,1.06843
2013.03.25 00:41:40.837,1.06817,1.06843
2013.03.25 00:41:41.197,1.06811,1.06836
2013.03.25 00:41:41.676,1.06817,1.06839
2013.03.25 00:41:42.138,1.06817,1.06841
2013.03.25 00:41:43.150,1.06814,1.06838
2013.03.25 00:41:43.818,1.06812,1.06837
2013.03.25 00:41:46.341,1.06812,1.06837
2013.03.25 00:41:46.557,1.06811,1.06837
2013.03.25 00:41:46.738,1.06811,1.06835
2013.03.25 00:41:47.257,1.06811,1.06837
2013.03.25 00:41:51.071,1.06812,1.06837
2013.03.25 00:41:52.118,1.06812,1.06837
2013.03.25 00:41:56.057,1.06812,1.06837
2013.03.25 00:42:00.357,1.06811,1.06837
2013.03.25 00:42:00.477,1.06811,1.06837
2013.03.25 00:42:02.898,1.06811,1.06835
2013.03.25 00:42:07.417,1.0681,1.06832
2013.03.25 00:42:07.777,1.06805,1.06829
2013.03.25 00:42:08.288,1.06805,1.06829
2013.03.25 00:42:08.604,1.06806,1.0683
2013.03.25 00:42:09.759,1.068,1.06828
2013.03.25 00:42:11.927,1.068,1.06823
2013.03.25 00:42:12.167,1.06798,1.06819
2013.03.25 00:42:12.738,1.06798,1.06818
2013.03.25 00:42:12.857,1.06798,1.06822
2013.03.25 00:42:13.037,1.06796,1.06822
2013.03.25 00:42:13.398,1.06796,1.06822
2013.03.25 00:42:14.717,1.06794,1.0682
2013.03.25 00:42:16.301,1.06793,1.06817
2013.03.25 00:42:21.477,1.06792,1.06818
2013.03.25 00:42:21.597,1.06792,1.06815
2013.03.25 00:42:22.157,1.06792,1.06815
2013.03.25 00:42:23.158,1.06789,1.06815
2013.03.25 00:42:23.553,1.06789,1.06814
2013.03.25 00:42:23.826,1.06787,1.06812
2013.03.25 00:42:37.436,1.06787,1.06813
2013.03.25 00:42:40.864,1.06788,1.06813
2013.03.25 00:42:43.933,1.0679,1.06814
2013.03.25 00:42:44.638,1.0679,1.06814
2013.03.25 00:42:44.728,1.06791,1.06816
2013.03.25 00:42:45.088,1.06791,1.06815
2013.03.25 00:42:45.149,1.06791,1.06815
2013.03.25 00:42:45.877,1.06791,1.06815
2013.03.25 00:42:46.604,1.06791,1.06815
2013.03.25 00:42:46.966,1.06793,1.06819
2013.03.25 00:42:50.937,1.06793,1.06819
2013.03.25 00:42:50.997,1.06795,1.0682
2013.03.25 00:42:51.554,1.06796,1.0682
2013.03.25 00:42:52.587,1.0679,1.06816
2013.03.25 00:42:52.707,1.06792,1.06818
2013.03.25 00:42:52.827,1.0679,1.06816
2013.03.25 00:42:53.007,1.06791,1.06818
2013.03.25 00:42:53.497,1.06793,1.06819
2013.03.25 00:42:54.108,1.06794,1.0682
2013.03.25 00:42:54.347,1.06794,1.06819
2013.03.25 00:42:54.528,1.06794,1.06819
2013.03.25 00:42:54.647,1.06791,1.06817
2013.03.25 00:42:54.887,1.06795,1.06817
2013.03.25 00:42:55.624,1.06792,1.06818
2013.03.25 00:42:55.967,1.06792,1.06817
2013.03.25 00:42:58.373,1.06795,1.06817
2013.03.25 00:43:01.784,1.06795,1.06818
2013.03.25 00:43:01.907,1.06795,1.0682
2013.03.25 00:43:05.207,1.06801,1.0682
2013.03.25 00:43:11.477,1.06801,1.06825
2013.03.25 00:43:11.597,1.06801,1.06825
2013.03.25 00:43:17.367,1.06802,1.06828
2013.03.25 00:43:20.572,1.06801,1.06827
2013.03.25 00:43:23.698,1.06801,1.06827
2013.03.25 00:43:27.390,1.06801,1.06826
2013.03.25 00:43:28.448,1.06801,1.06823
2013.03.25 00:43:28.807,1.068,1.06817
2013.03.25 00:43:28.987,1.06795,1.06817
2013.03.25 00:43:39.429,1.06791,1.06817
2013.03.25 00:43:39.968,1.06791,1.06814
2013.03.25 00:43:40.387,1.06791,1.06815
2013.03.25 00:43:40.567,1.06796,1.0682
2013.03.25 00:43:40.628,1.06796,1.0682
2013.03.25 00:43:41.008,1.06801,1.06822
2013.03.25 00:43:42.176,1.06804,1.06824
2013.03.25 00:43:42.507,1.06801,1.06824
2013.03.25 00:43:42.567,1.06801,1.06824
2013.03.25 00:43:42.627,1.06801,1.06823
2013.03.25 00:43:42.997,1.06794,1.06818
2013.03.25 00:43:43.419,1.06795,1.0682
2013.03.25 00:43:44.737,1.06795,1.06822
2013.03.25 00:43:46.417,1.06795,1.06818
2013.03.25 00:43:50.143,1.06795,1.06819
2013.03.25 00:43:50.567,1.06798,1.06819
2013.03.25 00:44:02.538,1.06796,1.0682
2013.03.25 00:44:04.337,1.06794,1.0682
2013.03.25 00:44:04.397,1.06792,1.06816
2013.03.25 00:44:04.458,1.06791,1.06816
2013.03.25 00:44:04.578,1.06792,1.06815
2013.03.25 00:44:04.879,1.06789,1.06812
2013.03.25 00:44:05.181,1.06789,1.06814
2013.03.25 00:44:05.710,1.06789,1.06814
2013.03.25 00:44:05.908,1.06789,1.06814
2013.03.25 00:44:10.457,1.06789,1.06814
2013.03.25 00:44:12.198,1.06789,1.06813
2013.03.25 00:44:15.308,1.06789,1.06814
2013.03.25 00:44:16.698,1.06789,1.06815
2013.03.25 00:44:17.893,1.06791,1.06816
2013.03.25 00:44:18.139,1.06793,1.0682
2013.03.25 00:44:18.617,1.06792,1.06818
2013.03.25 00:44:18.918,1.0679,1.06815
2013.03.25 00:44:20.968,1.06791,1.06815
2013.03.25 00:44:22.298,1.06789,1.06815
2013.03.25 00:44:30.179,1.06789,1.06814
2013.03.25 00:44:30.265,1.06789,1.06815
2013.03.25 00:44:36.159,1.06792,1.06817
2013.03.25 00:44:40.799,1.06792,1.06816
2013.03.25 00:44:42.159,1.06792,1.06812
2013.03.25 00:44:42.278,1.06786,1.06809
2013.03.25 00:44:42.398,1.06786,1.06811
2013.03.25 00:44:42.518,1.06792,1.06813
2013.03.25 00:44:42.757,1.06792,1.06816
2013.03.25 00:44:42.937,1.06795,1.06817
2013.03.25 00:44:43.058,1.06792,1.06818
2013.03.25 00:44:43.122,1.06792,1.06816
2013.03.25 00:44:43.428,1.06796,1.06819
2013.03.25 00:44:43.607,1.06797,1.06821
2013.03.25 00:44:44.147,1.06797,1.06822
2013.03.25 00:44:44.388,1.06796,1.06822
2013.03.25 00:44:44.567,1.06791,1.06815
2013.03.25 00:44:44.688,1.06796,1.06815
2013.03.25 00:44:44.927,1.06796,1.0682
2013.03.25 00:44:46.430,1.06796,1.0682
2013.03.25 00:44:50.240,1.06794,1.06819
2013.03.25 00:44:51.647,1.06794,1.0682
2013.03.25 00:44:53.927,1.06794,1.06818
2013.03.25 00:44:54.004,1.0679,1.06815
2013.03.25 00:44:54.307,1.0679,1.06814
2013.03.25 00:44:54.834,1.06786,1.06812
2013.03.25 00:44:58.347,1.06787,1.06811
2013.03.25 00:44:58.407,1.06785,1.06811
2013.03.25 00:44:58.527,1.06787,1.06813
2013.03.25 00:44:59.152,1.06786,1.06811
2013.03.25 00:45:01.682,1.06785,1.06811
2013.03.25 00:45:02.628,1.06785,1.06811
2013.03.25 00:45:02.807,1.06787,1.06813
2013.03.25 00:45:02.927,1.0679,1.06815
2013.03.25 00:45:03.228,1.06791,1.06816
2013.03.25 00:45:03.407,1.06791,1.06817
2013.03.25 00:45:04.447,1.06791,1.06816
2013.03.25 00:45:04.507,1.06789,1.06812
2013.03.25 00:45:22.847,1.0679,1.06812
2013.03.25 00:45:23.267,1.06783,1.06806
2013.03.25 00:45:25.617,1.06784,1.06808
2013.03.25 00:45:25.679,1.06784,1.0681
2013.03.25 00:45:25.918,1.06788,1.06811
2013.03.25 00:45:26.281,1.06791,1.06815
2013.03.25 00:45:26.588,1.06792,1.06815
2013.03.25 00:45:26.888,1.0679,1.06816
2013.03.25 00:45:30.169,1.06791,1.06817
2013.03.25 00:45:30.841,1.06794,1.06819
2013.03.25 00:45:31.278,1.06794,1.06819
2013.03.25 00:45:32.047,1.06798,1.06823
2013.03.25 00:45:34.321,1.06799,1.06824
2013.03.25 00:45:36.709,1.06798,1.06824
2013.03.25 00:45:39.398,1.06795,1.0682
2013.03.25 00:45:39.520,1.06794,1.06815
2013.03.25 00:45:41.570,1.06788,1.06813
2013.03.25 00:45:43.791,1.06788,1.06813
2013.03.25 00:45:45.518,1.06789,1.06813
2013.03.25 00:45:48.837,1.06788,1.06814
2013.03.25 00:45:49.097,1.06792,1.06818
2013.03.25 00:45:50.408,1.06792,1.06818
2013.03.25 00:45:50.927,1.06792,1.06817
2013.03.25 00:45:51.177,1.06792,1.06817
2013.03.25 00:45:51.238,1.06792,1.06818
2013.03.25 00:45:51.357,1.06792,1.06818
2013.03.25 00:45:51.433,1.06792,1.06818
2013.03.25 00:45:51.617,1.06792,1.06813
2013.03.25 00:45:52.009,1.06792,1.06813
2013.03.25 00:45:52.248,1.06794,1.06818
2013.03.25 00:45:53.326,1.06793,1.06817
2013.03.25 00:45:54.140,1.06793,1.06815
2013.03.25 00:45:54.257,1.06786,1.06811
2013.03.25 00:45:54.737,1.06787,1.06812
2013.03.25 00:45:55.097,1.06789,1.06813
2013.03.25 00:45:55.632,1.06791,1.06813
2013.03.25 00:46:07.629,1.06793,1.06815
2013.03.25 00:46:07.688,1.06786,1.06809
2013.03.25 00:46:07.867,1.06786,1.06809
2013.03.25 00:46:08.228,1.0679,1.06815
2013.03.25 00:46:08.647,1.06791,1.06815
2013.03.25 00:46:11.448,1.06791,1.06816
2013.03.25 00:46:13.297,1.0679,1.06814
2013.03.25 00:46:13.358,1.06791,1.06814
2013.03.25 00:46:14.449,1.06792,1.06818
2013.03.25 00:46:17.420,1.06793,1.06818
2013.03.25 00:46:17.549,1.06797,1.06821
2013.03.25 00:46:18.097,1.06797,1.06822
2013.03.25 00:46:18.557,1.06793,1.06817
2013.03.25 00:46:20.729,1.06797,1.06822
2013.03.25 00:46:21.101,1.06796,1.06821
2013.03.25 00:46:21.289,1.06792,1.06817
2013.03.25 00:46:21.348,1.06791,1.06815
2013.03.25 00:46:21.929,1.06791,1.06814
2013.03.25 00:46:24.012,1.0679,1.06813
2013.03.25 00:46:24.199,1.06788,1.06811
2013.03.25 00:46:25.518,1.0679,1.06812
2013.03.25 00:46:25.638,1.06791,1.06814
2013.03.25 00:46:27.486,1.06791,1.06816
2013.03.25 00:46:28.427,1.0679,1.06814
2013.03.25 00:46:29.384,1.06787,1.06812
2013.03.25 00:46:29.748,1.06788,1.06813
2013.03.25 00:46:29.808,1.06788,1.06814
2013.03.25 00:46:29.868,1.06786,1.06813
2013.03.25 00:46:30.407,1.06787,1.06813
2013.03.25 00:46:30.468,1.06786,1.06813
2013.03.25 00:46:30.827,1.06785,1.06809
2013.03.25 00:46:31.377,1.06782,1.06807
2013.03.25 00:46:32.141,1.06785,1.06808
2013.03.25 00:46:40.432,1.06786,1.06809
2013.03.25 00:46:40.557,1.06788,1.06813
2013.03.25 00:46:40.617,1.06788,1.06814
2013.03.25 00:46:41.108,1.06786,1.06812
2013.03.25 00:46:41.629,1.06786,1.06811
2013.03.25 00:46:44.729,1.06787,1.06811
2013.03.25 00:46:46.199,1.06786,1.06811
2013.03.25 00:46:47.499,1.06786,1.06811
2013.03.25 00:46:50.625,1.06785,1.06809
2013.03.25 00:46:55.440,1.06785,1.0681
2013.03.25 00:46:56.118,1.06786,1.06811
2013.03.25 00:46:56.790,1.06786,1.06811
2013.03.25 00:46:57.998,1.06787,1.0681
2013.03.25 00:47:01.420,1.06782,1.06803
2013.03.25 00:47:02.348,1.06786,1.0681
2013.03.25 00:47:02.426,1.06786,1.0681
2013.03.25 00:47:03.389,1.06784,1.06809
2013.03.25 00:47:03.908,1.06786,1.06811
2013.03.25 00:47:04.388,1.06787,1.06813
2013.03.25 00:47:07.398,1.0679,1.06813
2013.03.25 00:47:07.918,1.0679,1.06814
2013.03.25 00:47:09.130,1.0679,1.06813
2013.03.25 00:47:09.654,1.06789,1.06812
2013.03.25 00:47:21.238,1.06787,1.06811
2013.03.25 00:47:25.168,1.06786,1.06809
2013.03.25 00:47:26.038,1.06781,1.06804
2013.03.25 00:47:26.600,1.06778,1.06802
2013.03.25 00:47:26.958,1.06776,1.06802
2013.03.25 00:47:27.437,1.06775,1.068
2013.03.25 00:47:27.980,1.06774,1.06799
2013.03.25 00:47:28.528,1.06774,1.068
2013.03.25 00:47:29.309,1.06773,1.06798
2013.03.25 00:47:33.619,1.06771,1.06798
2013.03.25 00:47:33.679,1.06771,1.06797
2013.03.25 00:47:34.037,1.06768,1.06794
2013.03.25 00:47:34.626,1.06768,1.06794
2013.03.25 00:47:42.587,1.06768,1.06792
2013.03.25 00:47:42.923,1.06768,1.06789
2013.03.25 00:47:44.858,1.06768,1.06792
2013.03.25 00:47:45.380,1.06768,1.06792
2013.03.25 00:47:45.789,1.06769,1.06793
2013.03.25 00:47:46.509,1.06769,1.06793
2013.03.25 00:47:49.228,1.06771,1.06797
2013.03.25 00:47:49.287,1.06771,1.06797
2013.03.25 00:47:49.348,1.06772,1.06797
2013.03.25 00:47:49.871,1.06772,1.06796
2013.03.25 00:47:50.008,1.06772,1.06798
2013.03.25 00:47:58.439,1.06772,1.06797
2013.03.25 00:47:58.618,1.06772,1.06793
2013.03.25 00:47:58.738,1.06772,1.06798
2013.03.25 00:47:59.538,1.06772,1.06797
2013.03.25 00:48:00.808,1.06772,1.06794
2013.03.25 00:48:00.928,1.06772,1.06796
2013.03.25 00:48:00.987,1.06772,1.06798
2013.03.25 00:48:01.558,1.06774,1.06799
2013.03.25 00:48:04.938,1.06772,1.06798
2013.03.25 00:48:05.348,1.06774,1.06798
2013.03.25 00:48:05.887,1.06772,1.06798
2013.03.25 00:48:10.687,1.06771,1.06798
2013.03.25 00:48:11.167,1.06774,1.06799
2013.03.25 00:48:11.529,1.06778,1.06803
2013.03.25 00:48:11.928,1.06778,1.06802
2013.03.25 00:48:17.999,1.06774,1.06799
2013.03.25 00:48:18.348,1.06772,1.06795
2013.03.25 00:48:18.408,1.06768,1.06793
2013.03.25 00:48:18.588,1.06768,1.0679
2013.03.25 00:48:19.547,1.06768,1.06789
2013.03.25 00:48:20.089,1.06765,1.06785
2013.03.25 00:48:28.331,1.06765,1.06789
2013.03.25 00:48:29.999,1.06766,1.06789
2013.03.25 00:48:30.238,1.06766,1.06789
2013.03.25 00:48:30.358,1.06766,1.06787
2013.03.25 00:48:37.368,1.06766,1.06787
2013.03.25 00:48:37.548,1.06765,1.06791
2013.03.25 00:48:38.208,1.06762,1.06788
2013.03.25 00:48:40.415,1.06762,1.06788
2013.03.25 00:48:41.099,1.06763,1.06788
2013.03.25 00:48:42.361,1.06763,1.06788
2013.03.25 00:48:42.428,1.06764,1.0679
2013.03.25 00:48:49.128,1.06765,1.0679
2013.03.25 00:48:49.648,1.06763,1.0679
2013.03.25 00:48:57.478,1.06766,1.0679
2013.03.25 00:48:58.081,1.06766,1.06791
2013.03.25 00:48:59.487,1.06766,1.06791
2013.03.25 00:49:03.958,1.06766,1.06791
2013.03.25 00:49:06.315,1.06767,1.06791
2013.03.25 00:49:07.388,1.06767,1.06792
2013.03.25 00:49:07.877,1.06767,1.06791
2013.03.25 00:49:11.709,1.06762,1.06789
2013.03.25 00:49:11.768,1.06761,1.06787
2013.03.25 00:49:12.068,1.06759,1.06782
2013.03.25 00:49:12.529,1.06759,1.06784
2013.03.25 00:49:12.588,1.06759,1.06785
2013.03.25 00:49:13.898,1.06759,1.06785
2013.03.25 00:49:14.201,1.06759,1.06782
2013.03.25 00:49:16.189,1.06755,1.06781
2013.03.25 00:49:16.576,1.06753,1.06777
2013.03.25 00:49:17.318,1.06756,1.06779
2013.03.25 00:49:17.498,1.06757,1.06782
2013.03.25 00:49:18.113,1.06757,1.06782
2013.03.25 00:49:18.427,1.06754,1.06779
2013.03.25 00:49:20.279,1.06754,1.06775
2013.03.25 00:49:21.158,1.06748,1.06772
2013.03.25 00:49:21.398,1.06748,1.0677
2013.03.25 00:49:21.518,1.06749,1.06774
2013.03.25 00:49:21.639,1.06745,1.0677
2013.03.25 00:49:21.765,1.06751,1.06774
2013.03.25 00:49:21.828,1.06753,1.06775
2013.03.25 00:49:23.647,1.06753,1.06778
2013.03.25 00:49:26.949,1.06753,1.06779
2013.03.25 00:49:29.368,1.06754,1.0678
2013.03.25 00:49:31.860,1.06754,1.0678
2013.03.25 00:49:41.877,1.06756,1.06781
2013.03.25 00:49:42.440,1.06756,1.06782
2013.03.25 00:49:50.648,1.06757,1.06782
2013.03.25 00:49:54.516,1.06756,1.06782
2013.03.25 00:49:55.548,1.06756,1.06782
2013.03.25 00:49:56.927,1.06756,1.06782
2013.03.25 00:49:57.958,1.06756,1.06779
2013.03.25 00:49:59.242,1.06756,1.06782
2013.03.25 00:50:01.195,1.06757,1.06782
2013.03.25 00:50:02.729,1.06756,1.06782
2013.03.25 00:50:06.788,1.06756,1.06781
2013.03.25 00:50:09.498,1.06756,1.06782
2013.03.25 00:50:13.418,1.06756,1.06781
2013.03.25 00:50:17.170,1.06756,1.06779
2013.03.25 00:50:18.248,1.06756,1.06778
2013.03.25 00:50:23.015,1.06755,1.06778
2013.03.25 00:50:23.133,1.06752,1.06776
2013.03.25 00:50:23.259,1.06752,1.06776
2013.03.25 00:50:23.450,1.06752,1.06776
2013.03.25 00:50:24.140,1.06752,1.06776
2013.03.25 00:50:26.248,1.06752,1.06774
2013.03.25 00:50:26.816,1.06748,1.06774
2013.03.25 00:50:29.498,1.06753,1.06775
2013.03.25 00:50:30.800,1.06753,1.06777
2013.03.25 00:50:32.886,1.06753,1.06778
2013.03.25 00:50:35.118,1.06757,1.0678
2013.03.25 00:50:35.628,1.06757,1.0678
2013.03.25 00:50:36.168,1.0676,1.06784
2013.03.25 00:50:36.659,1.06757,1.06784
2013.03.25 00:50:36.730,1.06757,1.06784
2013.03.25 00:50:40.039,1.06756,1.06779
2013.03.25 00:50:40.598,1.06756,1.06779
2013.03.25 00:50:51.809,1.06756,1.0678
2013.03.25 00:50:53.898,1.06755,1.06779
2013.03.25 00:50:55.477,1.06757,1.06779
2013.03.25 00:50:57.036,1.06757,1.06779
2013.03.25 00:50:57.339,1.06759,1.06784
2013.03.25 00:50:59.968,1.06753,1.06779
2013.03.25 00:51:00.148,1.06753,1.06777
2013.03.25 00:51:00.688,1.06752,1.06775
2013.03.25 00:51:00.898,1.06752,1.06775
2013.03.25 00:51:20.197,1.06752,1.06775
2013.03.25 00:51:21.318,1.06752,1.06775
2013.03.25 00:51:21.378,1.06751,1.06775
2013.03.25 00:51:28.678,1.06751,1.06775
2013.03.25 00:51:28.898,1.06751,1.06772
2013.03.25 00:51:29.378,1.06754,1.06775
2013.03.25 00:51:31.469,1.06751,1.06775
2013.03.25 00:51:34.458,1.06751,1.06771
2013.03.25 00:51:35.018,1.0675,1.06771
2013.03.25 00:51:35.529,1.0675,1.06771
2013.03.25 00:51:35.769,1.0675,1.06774
2013.03.25 00:51:36.248,1.06748,1.06774
2013.03.25 00:51:36.608,1.06745,1.06768
2013.03.25 00:51:36.958,1.06745,1.06768
2013.03.25 00:51:37.479,1.06745,1.06767
2013.03.25 00:51:37.989,1.06745,1.06768
2013.03.25 00:51:38.958,1.06745,1.06768
2013.03.25 00:51:39.705,1.06745,1.06768
2013.03.25 00:51:45.058,1.06744,1.06768
2013.03.25 00:51:45.119,1.06742,1.06767
2013.03.25 00:51:45.359,1.06741,1.06765
2013.03.25 00:51:45.419,1.06741,1.06765
2013.03.25 00:51:45.779,1.06743,1.06765
2013.03.25 00:51:46.138,1.06745,1.0677
2013.03.25 00:51:46.702,1.06747,1.06771
2013.03.25 00:51:48.289,1.06746,1.06771
2013.03.25 00:51:48.349,1.06747,1.06771
2013.03.25 00:51:48.589,1.06751,1.06774
2013.03.25 00:51:49.128,1.0675,1.06773
2013.03.25 00:51:51.159,1.06751,1.06767
2013.03.25 00:51:51.518,1.06747,1.06764
2013.03.25 00:51:52.260,1.06745,1.06766
2013.03.25 00:51:56.126,1.06741,1.06766
2013.03.25 00:51:56.264,1.06744,1.06766
2013.03.25 00:51:56.760,1.06741,1.06764
2013.03.25 00:51:56.818,1.06741,1.06763
2013.03.25 00:51:57.129,1.0674,1.06763
2013.03.25 00:51:57.388,1.0674,1.06763
2013.03.25 00:51:57.649,1.06741,1.06764
2013.03.25 00:51:57.828,1.06744,1.06769
2013.03.25 00:51:58.948,1.06743,1.06767
2013.03.25 00:52:00.349,1.06742,1.06767
2013.03.25 00:52:00.588,1.0674,1.06766
2013.03.25 00:52:00.709,1.06738,1.06762
2013.03.25 00:52:00.948,1.06737,1.06762
2013.03.25 00:52:01.329,1.06737,1.06762
2013.03.25 00:52:02.019,1.06734,1.06754
2013.03.25 00:52:02.659,1.06731,1.06754
2013.03.25 00:52:04.049,1.06731,1.06754
2013.03.25 00:52:04.568,1.06731,1.06752
2013.03.25 00:52:06.318,1.06729,1.06751
2013.03.25 00:52:06.737,1.06731,1.06754
2013.03.25 00:52:06.920,1.06727,1.06752
2013.03.25 00:52:07.379,1.0673,1.06752
2013.03.25 00:52:07.918,1.06734,1.06751
2013.03.25 00:52:08.300,1.06735,1.06747
2013.03.25 00:52:08.418,1.06735,1.06752
2013.03.25 00:52:08.538,1.06737,1.06753
2013.03.25 00:52:08.968,1.0673,1.06753
2013.03.25 00:52:11.068,1.06732,1.0675
2013.03.25 00:52:11.758,1.06729,1.06748
2013.03.25 00:52:12.549,1.06725,1.06744
2013.03.25 00:52:12.928,1.06724,1.06741
2013.03.25 00:52:14.568,1.06724,1.06741
2013.03.25 00:52:15.088,1.06724,1.06745
2013.03.25 00:52:15.294,1.06724,1.06745
2013.03.25 00:52:15.638,1.06724,1.0674
2013.03.25 00:52:16.238,1.06724,1.0674
2013.03.25 00:52:16.568,1.06724,1.0674
2013.03.25 00:52:16.688,1.06724,1.0674
2013.03.25 00:52:17.199,1.06724,1.06747
2013.03.25 00:52:17.649,1.06724,1.06746
2013.03.25 00:52:18.360,1.06724,1.06747
2013.03.25 00:52:18.608,1.06724,1.06748
2013.03.25 00:52:18.788,1.06725,1.0675
2013.03.25 00:52:19.028,1.06725,1.06746
2013.03.25 00:52:19.329,1.06724,1.06742
2013.03.25 00:52:19.760,1.06724,1.06746
2013.03.25 00:52:20.518,1.06724,1.06743
2013.03.25 00:52:20.880,1.06724,1.06741
2013.03.25 00:52:21.238,1.06724,1.06739
2013.03.25 00:52:22.498,1.06724,1.06741
2013.03.25 00:52:23.638,1.06724,1.06736
2013.03.25 00:52:24.240,1.06724,1.06738
2013.03.25 00:52:25.083,1.06724,1.06742
2013.03.25 00:52:25.156,1.06724,1.06742
2013.03.25 00:52:25.699,1.06724,1.06746
2013.03.25 00:52:25.907,1.06724,1.06746
2013.03.25 00:52:26.211,1.06724,1.06748
2013.03.25 00:52:27.017,1.06724,1.06748
2013.03.25 00:52:27.320,1.06724,1.06748
2013.03.25 00:52:27.660,1.06724,1.0675
2013.03.25 00:52:28.919,1.06724,1.06741
2013.03.25 00:52:29.299,1.06719,1.06738
2013.03.25 00:52:31.048,1.06719,1.06735
2013.03.25 00:52:31.408,1.06719,1.06732
2013.03.25 00:52:31.848,1.06719,1.06735
2013.03.25 00:52:33.096,1.06719,1.06738
2013.03.25 00:52:33.687,1.06719,1.06739
2013.03.25 00:52:34.189,1.06719,1.0674
2013.03.25 00:52:34.308,1.06719,1.06737
2013.03.25 00:52:34.668,1.06719,1.06734
2013.03.25 00:52:35.188,1.06719,1.06738
2013.03.25 00:52:35.697,1.06719,1.06742
2013.03.25 00:52:35.957,1.06719,1.06737
2013.03.25 00:52:36.258,1.06719,1.06735
2013.03.25 00:52:36.778,1.06719,1.06734
2013.03.25 00:52:44.689,1.06719,1.06736
2013.03.25 00:52:47.387,1.06719,1.06732
2013.03.25 00:52:53.497,1.06719,1.06733
2013.03.25 00:52:54.818,1.06719,1.0673
2013.03.25 00:52:56.938,1.06719,1.06732
2013.03.25 00:53:01.538,1.06719,1.06732
2013.03.25 00:53:02.130,1.06719,1.06736
2013.03.25 00:53:04.649,1.06719,1.06734
2013.03.25 00:53:06.148,1.06708,1.06734
2013.03.25 00:53:06.268,1.06721,1.06741
2013.03.25 00:53:06.557,1.0672,1.06741
2013.03.25 00:53:06.677,1.06711,1.06741
2013.03.25 00:53:06.819,1.06713,1.06743
2013.03.25 00:53:07.060,1.06709,1.06743
2013.03.25 00:53:07.128,1.06715,1.06743
2013.03.25 00:53:07.351,1.06705,1.06739
2013.03.25 00:53:07.496,1.06708,1.06739
2013.03.25 00:53:07.567,1.06708,1.06739
2013.03.25 00:53:07.830,1.06708,1.0674
2013.03.25 00:53:10.968,1.06712,1.06738
2013.03.25 00:53:14.928,1.06713,1.0674
2013.03.25 00:53:15.493,1.06715,1.06741
2013.03.25 00:53:16.696,1.06713,1.06741
2013.03.25 00:53:25.909,1.06712,1.0674
2013.03.25 00:53:27.626,1.06712,1.06738
2013.03.25 00:53:30.247,1.06712,1.06738
2013.03.25 00:53:30.307,1.06712,1.0674
2013.03.25 00:53:33.941,1.06711,1.06737
2013.03.25 00:53:35.746,1.06712,1.0674
2013.03.25 00:53:39.680,1.06712,1.06737
2013.03.25 00:53:39.798,1.06709,1.06736
2013.03.25 00:53:42.277,1.06711,1.06736
2013.03.25 00:53:42.465,1.06712,1.0674
2013.03.25 00:53:43.007,1.06713,1.0674
2013.03.25 00:53:43.548,1.06712,1.06738
2013.03.25 00:53:43.607,1.06709,1.06736
2013.03.25 00:53:43.667,1.06709,1.06736
2013.03.25 00:53:43.787,1.06707,1.06734
2013.03.25 00:53:44.493,1.06707,1.06732
2013.03.25 00:53:45.999,1.06703,1.06728
2013.03.25 00:53:46.057,1.06702,1.06728
2013.03.25 00:53:46.528,1.06703,1.06729
2013.03.25 00:53:47.686,1.06704,1.06731
2013.03.25 00:53:48.029,1.06701,1.06731
2013.03.25 00:53:49.248,1.06705,1.06731
2013.03.25 00:53:50.208,1.06706,1.06732
2013.03.25 00:53:51.238,1.06702,1.0673
2013.03.25 00:53:51.559,1.06701,1.0673
2013.03.25 00:53:53.717,1.06701,1.06731
2013.03.25 00:53:56.628,1.06701,1.06727
2013.03.25 00:53:57.944,1.06698,1.06725
2013.03.25 00:53:59.158,1.06698,1.0672
2013.03.25 00:53:59.278,1.06694,1.06722
2013.03.25 00:53:59.397,1.06694,1.0672
2013.03.25 00:53:59.458,1.06694,1.06722
2013.03.25 00:54:00.468,1.06694,1.0672
2013.03.25 00:54:00.977,1.06692,1.06719
2013.03.25 00:54:02.858,1.06692,1.06716
2013.03.25 00:54:03.516,1.06687,1.06711
2013.03.25 00:54:04.178,1.06689,1.06713
2013.03.25 00:54:04.807,1.06689,1.06715
2013.03.25 00:54:05.667,1.06686,1.06714
2013.03.25 00:54:06.217,1.06686,1.06713
2013.03.25 00:54:07.670,1.06683,1.06712
2013.03.25 00:54:09.290,1.06683,1.06712
2013.03.25 00:54:09.408,1.06679,1.06705
2013.03.25 00:54:09.468,1.06677,1.06703
2013.03.25 00:54:09.648,1.06675,1.06702
2013.03.25 00:54:09.767,1.06675,1.06703
2013.03.25 00:54:10.515,1.06678,1.06703
2013.03.25 00:54:11.699,1.0668,1.06706
2013.03.25 00:54:11.758,1.06681,1.06706
2013.03.25 00:54:12.278,1.06683,1.06708
2013.03.25 00:54:12.518,1.06683,1.0671
2013.03.25 00:54:12.877,1.06682,1.06706
2013.03.25 00:54:12.938,1.06678,1.06706
2013.03.25 00:54:13.717,1.06679,1.06704
2013.03.25 00:54:13.838,1.0668,1.06704
2013.03.25 00:54:15.197,1.06681,1.06705
2013.03.25 00:54:16.168,1.06684,1.06705
2013.03.25 00:54:16.528,1.06685,1.06713
2013.03.25 00:54:17.610,1.06686,1.06713
2013.03.25 00:54:17.948,1.06687,1.06715
2013.03.25 00:54:19.677,1.06687,1.06713
2013.03.25 00:54:21.997,1.06685,1.06711
2013.03.25 00:54:23.159,1.06684,1.0671
2013.03.25 00:54:23.219,1.0668,1.06708
2013.03.25 00:54:25.417,1.0668,1.06706
2013.03.25 00:54:25.478,1.06676,1.06703
2013.03.25 00:54:25.660,1.06674,1.06701
2013.03.25 00:54:27.307,1.06673,1.067
2013.03.25 00:54:28.448,1.06672,1.06698
2013.03.25 00:54:29.396,1.06672,1.06699
2013.03.25 00:54:34.643,1.06671,1.06699
2013.03.25 00:54:35.319,1.06671,1.06699
2013.03.25 00:54:35.469,1.06669,1.06698
2013.03.25 00:54:37.668,1.06669,1.06699
2013.03.25 00:54:37.978,1.06668,1.06696
2013.03.25 00:54:38.498,1.06668,1.06694
2013.03.25 00:54:38.678,1.06663,1.06689
2013.03.25 00:54:39.098,1.06664,1.06691
2013.03.25 00:54:40.289,1.06664,1.06691
2013.03.25 00:54:40.924,1.06664,1.06691
2013.03.25 00:54:41.497,1.06664,1.06691
2013.03.25 00:54:42.540,1.06661,1.06687
2013.03.25 00:54:42.599,1.0666,1.06687
2013.03.25 00:54:42.978,1.0666,1.06688
2013.03.25 00:54:43.866,1.0666,1.06688
2013.03.25 00:54:44.179,1.0666,1.06687
2013.03.25 00:54:44.239,1.0666,1.06688
2013.03.25 00:54:44.488,1.06664,1.06688
2013.03.25 00:54:44.728,1.06669,1.06696
2013.03.25 00:54:45.498,1.06669,1.06695
2013.03.25 00:54:45.558,1.06671,1.06696
2013.03.25 00:54:47.489,1.06679,1.06701
2013.03.25 00:54:47.729,1.06679,1.06701
2013.03.25 00:54:47.907,1.06679,1.06705
2013.03.25 00:54:48.208,1.06681,1.06705
2013.03.25 00:54:48.328,1.06681,1.06705
2013.03.25 00:54:49.798,1.06678,1.06706
2013.03.25 00:54:50.558,1.06678,1.06706
2013.03.25 00:54:51.108,1.06679,1.06707
2013.03.25 00:54:51.349,1.06681,1.06707
2013.03.25 00:54:51.468,1.06682,1.0671
2013.03.25 00:54:51.588,1.06684,1.06713
2013.03.25 00:54:51.918,1.06689,1.06713
2013.03.25 00:54:52.678,1.06691,1.06717
2013.03.25 00:54:52.799,1.0669,1.06716
2013.03.25 00:54:53.100,1.06688,1.06714
2013.03.25 00:54:53.638,1.06688,1.06713
2013.03.25 00:54:54.572,1.06664,1.0669
2013.03.25 00:54:54.937,1.06664,1.0669
2013.03.25 00:54:55.118,1.06665,1.06693
2013.03.25 00:54:55.640,1.06667,1.06693
2013.03.25 00:54:55.702,1.06671,1.06695
2013.03.25 00:54:56.008,1.06675,1.06701
2013.03.25 00:54:56.577,1.06675,1.06703
2013.03.25 00:55:00.010,1.06679,1.06706
2013.03.25 00:55:00.249,1.0668,1.06708
2013.03.25 00:55:00.609,1.0668,1.06706
2013.03.25 00:55:00.851,1.06668,1.06696
2013.03.25 00:55:00.968,1.06668,1.06693
2013.03.25 00:55:01.509,1.06668,1.06693
2013.03.25 00:55:01.569,1.06668,1.06696
2013.03.25 00:55:01.868,1.0667,1.06696
2013.03.25 00:55:02.648,1.0667,1.06696
2013.03.25 00:55:02.964,1.0667,1.06696
2013.03.25 00:55:03.088,1.06668,1.06696
2013.03.25 00:55:03.338,1.06668,1.06696
2013.03.25 00:55:03.518,1.06671,1.06698
2013.03.25 00:55:04.209,1.06666,1.06692
2013.03.25 00:55:04.269,1.06663,1.06692
2013.03.25 00:55:04.332,1.06662,1.0669
2013.03.25 00:55:05.359,1.06663,1.0669
2013.03.25 00:55:05.479,1.06662,1.0669
2013.03.25 00:55:05.719,1.0666,1.06686
2013.03.25 00:55:06.201,1.06656,1.06684
2013.03.25 00:55:06.328,1.06655,1.06682
2013.03.25 00:55:06.629,1.06655,1.0668
2013.03.25 00:55:06.748,1.06652,1.0668
2013.03.25 00:55:07.730,1.06656,1.06684
2013.03.25 00:55:08.091,1.0666,1.06685
2013.03.25 00:55:08.968,1.06661,1.06686
2013.03.25 00:55:10.998,1.06663,1.0669
2013.03.25 00:55:11.179,1.06667,1.06691
2013.03.25 00:55:11.478,1.06667,1.06695
2013.03.25 00:55:11.778,1.06671,1.06693
2013.03.25 00:55:11.920,1.06671,1.06696
2013.03.25 00:55:12.038,1.06667,1.06695
2013.03.25 00:55:12.158,1.06666,1.06694
2013.03.25 00:55:13.148,1.06667,1.06695
2013.03.25 00:55:13.489,1.0667,1.06697
2013.03.25 00:55:14.313,1.06675,1.067
2013.03.25 00:55:14.386,1.06678,1.06705
2013.03.25 00:55:14.768,1.06678,1.06705
2013.03.25 00:55:16.798,1.0668,1.06705
2013.03.25 00:55:17.518,1.06681,1.06708
2013.03.25 00:55:17.818,1.0668,1.06707
2013.03.25 00:55:18.178,1.06685,1.0671
2013.03.25 00:55:18.478,1.06682,1.06708
2013.03.25 00:55:18.929,1.06682,1.06707
2013.03.25 00:55:19.468,1.06682,1.06707
2013.03.25 00:55:20.058,1.06681,1.06708
2013.03.25 00:55:20.178,1.06681,1.06708
2013.03.25 00:55:20.891,1.06686,1.06711
2013.03.25 00:55:21.658,1.06686,1.06708
2013.03.25 00:55:21.718,1.06678,1.06704
2013.03.25 00:55:21.779,1.06678,1.06704
2013.03.25 00:55:22.019,1.06681,1.06704
2013.03.25 00:55:22.198,1.06681,1.06707
2013.03.25 00:55:22.678,1.06683,1.06711
2013.03.25 00:55:23.918,1.06679,1.06708
2013.03.25 00:55:24.098,1.06679,1.06707
2013.03.25 00:55:24.158,1.06677,1.06701
2013.03.25 00:55:24.398,1.06665,1.06693
2013.03.25 00:55:24.519,1.06665,1.0669
2013.03.25 00:55:24.578,1.06665,1.0669
2013.03.25 00:55:25.359,1.06665,1.0669
2013.03.25 00:55:25.907,1.06664,1.0669
2013.03.25 00:55:27.454,1.06665,1.0669
2013.03.25 00:55:27.988,1.06665,1.06692
2013.03.25 00:55:29.410,1.06665,1.06692
2013.03.25 00:55:29.529,1.06669,1.06693
2013.03.25 00:55:29.738,1.0667,1.06697
2013.03.25 00:55:30.158,1.06671,1.06697
2013.03.25 00:55:30.587,1.06671,1.06697
2013.03.25 00:55:30.888,1.06671,1.06697
2013.03.25 00:55:31.248,1.06661,1.06687
2013.03.25 00:55:31.558,1.06661,1.06687
2013.03.25 00:55:31.618,1.06661,1.06687
2013.03.25 00:55:32.246,1.06661,1.06687
2013.03.25 00:55:33.908,1.06663,1.06692
2013.03.25 00:55:33.968,1.06666,1.06692
2013.03.25 00:55:34.328,1.06668,1.06694
2013.03.25 00:55:34.997,1.06668,1.06696
2013.03.25 00:55:35.908,1.06668,1.06694
2013.03.25 00:55:35.969,1.06666,1.06692
2013.03.25 00:55:36.028,1.06664,1.06692
2013.03.25 00:55:36.208,1.06666,1.06692
2013.03.25 00:55:36.388,1.06668,1.06695
2013.03.25 00:55:37.378,1.06669,1.06696
2013.03.25 00:55:39.278,1.0667,1.06696
2013.03.25 00:55:43.738,1.06672,1.067
2013.03.25 00:55:44.097,1.06672,1.067
2013.03.25 00:55:44.398,1.06672,1.067
2013.03.25 00:55:44.907,1.06672,1.067
2013.03.25 00:55:45.028,1.06674,1.06701
2013.03.25 00:55:46.238,1.06676,1.06702
2013.03.25 00:55:46.419,1.06678,1.06704
2013.03.25 00:55:46.598,1.06678,1.06705
2013.03.25 00:55:47.087,1.06678,1.06705
2013.03.25 00:55:47.418,1.06676,1.06702
2013.03.25 00:55:47.538,1.06676,1.06702
2013.03.25 00:55:47.658,1.06674,1.06701
2013.03.25 00:55:48.448,1.06675,1.06701
2013.03.25 00:55:48.907,1.06673,1.06699
2013.03.25 00:55:49.598,1.06673,1.06699
2013.03.25 00:55:49.719,1.06673,1.06701
2013.03.25 00:55:50.390,1.06673,1.06701
2013.03.25 00:55:50.669,1.06673,1.06699
2013.03.25 00:55:50.892,1.06673,1.06699
2013.03.25 00:55:59.199,1.06673,1.06701
2013.03.25 00:55:59.318,1.06673,1.06701
2013.03.25 00:56:00.999,1.06673,1.06698
2013.03.25 00:56:01.120,1.06672,1.06698
2013.03.25 00:56:03.399,1.06673,1.067
2013.03.25 00:56:03.459,1.06674,1.067
2013.03.25 00:56:04.000,1.06673,1.067
2013.03.25 00:56:04.736,1.06667,1.06694
2013.03.25 00:56:05.278,1.06669,1.06695
2013.03.25 00:56:05.338,1.06667,1.06694
2013.03.25 00:56:05.458,1.0667,1.06698
2013.03.25 00:56:05.829,1.0667,1.06697
2013.03.25 00:56:06.347,1.0667,1.06698
2013.03.25 00:56:07.699,1.06671,1.06699
2013.03.25 00:56:07.764,1.06671,1.06699
2013.03.25 00:56:08.348,1.06671,1.06699
2013.03.25 00:56:08.528,1.06675,1.06704
2013.03.25 00:56:08.942,1.06675,1.06704
2013.03.25 00:56:09.849,1.06679,1.06704
2013.03.25 00:56:10.028,1.06686,1.06706
2013.03.25 00:56:10.448,1.06683,1.06709
2013.03.25 00:56:10.748,1.06681,1.06707
2013.03.25 00:56:14.758,1.06682,1.06708
2013.03.25 00:56:15.068,1.06683,1.06708
2013.03.25 00:56:15.348,1.06683,1.06708
2013.03.25 00:56:16.068,1.06684,1.06709
2013.03.25 00:56:17.189,1.06681,1.06706
2013.03.25 00:56:17.488,1.0668,1.06703
2013.03.25 00:56:18.438,1.0668,1.06703
2013.03.25 00:56:19.811,1.06678,1.06702
2013.03.25 00:56:20.441,1.06678,1.06702
2013.03.25 00:56:23.348,1.06679,1.06704
2013.03.25 00:56:24.498,1.06675,1.06701
2013.03.25 00:56:24.858,1.06674,1.06699
2013.03.25 00:56:25.039,1.06677,1.06701
2013.03.25 00:56:25.279,1.0668,1.06702
2013.03.25 00:56:25.710,1.06681,1.067
2013.03.25 00:56:26.215,1.06677,1.067
2013.03.25 00:56:27.087,1.06677,1.067
2013.03.25 00:56:27.669,1.06682,1.06703
2013.03.25 00:56:27.968,1.06685,1.06708
2013.03.25 00:56:28.443,1.06682,1.06705
2013.03.25 00:56:28.748,1.06684,1.06703
2013.03.25 00:56:29.038,1.06687,1.06706
2013.03.25 00:56:29.218,1.06687,1.06707
2013.03.25 00:56:29.601,1.06683,1.06706
2013.03.25 00:56:30.821,1.06686,1.06707
2013.03.25 00:56:32.608,1.06686,1.06707
2013.03.25 00:56:33.160,1.06686,1.06707
2013.03.25 00:56:33.519,1.06692,1.06713
2013.03.25 00:56:34.429,1.06692,1.06713
2013.03.25 00:56:34.490,1.06696,1.06717
2013.03.25 00:56:35.668,1.06691,1.06715
2013.03.25 00:56:36.396,1.06691,1.06714
2013.03.25 00:56:36.580,1.06691,1.06713
2013.03.25 00:56:37.801,1.06691,1.06712
2013.03.25 00:56:38.149,1.06691,1.06712
2013.03.25 00:56:40.588,1.0669,1.06712
2013.03.25 00:56:43.119,1.06691,1.06712
2013.03.25 00:56:43.239,1.06691,1.06712
2013.03.25 00:56:43.548,1.06691,1.06713
2013.03.25 00:56:43.961,1.06691,1.06713
2013.03.25 00:56:45.070,1.06691,1.06713
2013.03.25 00:56:45.250,1.06695,1.06718
2013.03.25 00:56:54.526,1.06697,1.06717
2013.03.25 00:56:54.719,1.06697,1.06717
2013.03.25 00:56:55.139,1.06697,1.06717
2013.03.25 00:56:55.679,1.06701,1.06719
2013.03.25 00:56:55.739,1.06701,1.06723
2013.03.25 00:56:55.919,1.06701,1.06724
2013.03.25 00:56:55.982,1.06702,1.06724
2013.03.25 00:57:02.253,1.06701,1.06723
2013.03.25 00:57:02.811,1.06701,1.06723
2013.03.25 00:57:03.140,1.06705,1.06727
2013.03.25 00:57:03.199,1.06705,1.06727
2013.03.25 00:57:03.688,1.06707,1.0673
2013.03.25 00:57:03.808,1.06707,1.06732
2013.03.25 00:57:09.958,1.06707,1.06732
2013.03.25 00:57:10.518,1.06711,1.06732
2013.03.25 00:57:13.311,1.06708,1.06732
2013.03.25 00:57:13.849,1.06708,1.06732
2013.03.25 00:57:16.289,1.06712,1.06734
2013.03.25 00:57:16.490,1.06712,1.06736
2013.03.25 00:57:16.729,1.06712,1.06736
2013.03.25 00:57:17.089,1.06717,1.06739
2013.03.25 00:57:20.649,1.06717,1.06741
2013.03.25 00:57:21.019,1.06717,1.06741
2013.03.25 00:57:21.138,1.06717,1.06741
2013.03.25 00:57:22.886,1.06717,1.06742
2013.03.25 00:57:24.081,1.06718,1.06741
2013.03.25 00:57:28.919,1.06718,1.06741
2013.03.25 00:57:28.979,1.06719,1.06742
2013.03.25 00:57:29.099,1.06722,1.06746
2013.03.25 00:57:29.169,1.06722,1.06746
2013.03.25 00:57:35.370,1.06721,1.06746
2013.03.25 00:57:36.169,1.06716,1.06743
2013.03.25 00:57:36.719,1.06716,1.06742
2013.03.25 00:57:38.168,1.06716,1.06742
2013.03.25 00:57:40.483,1.06716,1.06742
2013.03.25 00:57:40.930,1.06721,1.06743
2013.03.25 00:57:41.648,1.06717,1.06743
2013.03.25 00:57:49.512,1.06719,1.06742
2013.03.25 00:57:53.857,1.06721,1.06741
2013.03.25 00:57:57.479,1.06721,1.06744
2013.03.25 00:57:57.679,1.06718,1.06739
2013.03.25 00:57:57.810,1.06712,1.06737
2013.03.25 00:57:57.884,1.06712,1.06737
2013.03.25 00:57:58.129,1.06712,1.06738
2013.03.25 00:57:58.202,1.06717,1.06736
2013.03.25 00:57:58.270,1.06712,1.06736
2013.03.25 00:57:58.775,1.06712,1.06736
2013.03.25 00:57:59.700,1.06712,1.06734
2013.03.25 00:58:00.649,1.06709,1.06732
2013.03.25 00:58:00.828,1.06709,1.06731
2013.03.25 00:58:00.888,1.06707,1.06731
2013.03.25 00:58:01.259,1.06702,1.06728
2013.03.25 00:58:02.110,1.06702,1.06726
2013.03.25 00:58:04.539,1.06704,1.06726
2013.03.25 00:58:04.898,1.0671,1.06731
2013.03.25 00:58:04.958,1.06711,1.06735
2013.03.25 00:58:05.019,1.06712,1.06735
2013.03.25 00:58:05.579,1.06712,1.06735
2013.03.25 00:58:06.323,1.06712,1.06736
2013.03.25 00:58:09.158,1.06715,1.06736
2013.03.25 00:58:14.750,1.06719,1.0674
2013.03.25 00:58:14.960,1.06719,1.06743
2013.03.25 00:58:15.079,1.06722,1.06742
2013.03.25 00:58:15.318,1.0672,1.06741
2013.03.25 00:58:17.698,1.06716,1.06739
2013.03.25 00:58:18.218,1.06712,1.06737
2013.03.25 00:58:18.360,1.06711,1.06736
2013.03.25 00:58:23.864,1.06712,1.06737
2013.03.25 00:58:24.170,1.06716,1.06737
2013.03.25 00:58:30.978,1.06713,1.06739
2013.03.25 00:58:43.398,1.06712,1.06736
2013.03.25 00:58:43.981,1.0672,1.06738
2013.03.25 00:58:57.680,1.0672,1.06738
2013.03.25 00:59:05.539,1.06716,1.06739
2013.03.25 00:59:05.779,1.06715,1.06739
2013.03.25 00:59:09.609,1.06715,1.06739
2013.03.25 00:59:12.118,1.06716,1.06741
2013.03.25 00:59:12.179,1.06719,1.06743
2013.03.25 00:59:12.362,1.06721,1.06746
2013.03.25 00:59:12.429,1.06723,1.06747
2013.03.25 00:59:12.608,1.06725,1.06749
2013.03.25 00:59:12.809,1.06727,1.06749
2013.03.25 00:59:20.890,1.06728,1.06754
2013.03.25 00:59:21.009,1.06728,1.06753
2013.03.25 00:59:21.189,1.0673,1.06754
2013.03.25 00:59:21.309,1.06728,1.06753
2013.03.25 00:59:21.429,1.06731,1.06755
2013.03.25 00:59:24.835,1.06731,1.06755
2013.03.25 00:59:26.620,1.06731,1.06755
2013.03.25 00:59:31.330,1.0673,1.06754
2013.03.25 00:59:31.460,1.06733,1.06757
2013.03.25 00:59:32.134,1.06735,1.0676
2013.03.25 00:59:33.608,1.06735,1.06759
2013.03.25 00:59:34.137,1.06735,1.06756
2013.03.25 00:59:34.859,1.06732,1.06755
2013.03.25 00:59:35.248,1.06732,1.06755
2013.03.25 00:59:35.889,1.06732,1.06755
2013.03.25 00:59:35.949,1.06733,1.06755
2013.03.25 00:59:36.454,1.06733,1.06755
2013.03.25 00:59:38.429,1.06734,1.06756
2013.03.25 00:59:40.125,1.06732,1.06755
2013.03.25 00:59:40.429,1.06735,1.06756
2013.03.25 00:59:53.848,1.06733,1.06758
2013.03.25 00:59:56.039,1.06732,1.06758
2013.03.25 00:59:57.379,1.06731,1.06756
2013.03.25 00:59:57.439,1.06731,1.06754
2013.03.25 00:59:57.839,1.0673,1.06754
2013.03.25 00:59:58.389,1.06732,1.06753
2013.03.25 00:59:58.628,1.0673,1.06754
2013.03.25 01:00:00.528,1.06732,1.06757
2013.03.25 01:00:01.457,1.06732,1.06757
2013.03.25 01:00:05.650,1.06732,1.06757
2013.03.25 01:00:05.967,1.06732,1.06755
2013.03.25 01:00:06.149,1.06732,1.06753
2013.03.25 01:00:07.245,1.06728,1.06752
2013.03.25 01:00:07.549,1.06726,1.06748
2013.03.25 01:00:08.798,1.06727,1.06751
2013.03.25 01:00:09.138,1.06727,1.06751
2013.03.25 01:00:10.168,1.06727,1.06751
2013.03.25 01:00:10.679,1.06727,1.06752
2013.03.25 01:00:10.799,1.0673,1.06754
2013.03.25 01:00:12.407,1.06731,1.06755
2013.03.25 01:00:12.547,1.06731,1.06754
2013.03.25 01:00:12.669,1.06731,1.06755
2013.03.25 01:00:14.873,1.06732,1.06756
2013.03.25 01:00:14.938,1.06731,1.06756
2013.03.25 01:00:17.379,1.06732,1.06758
2013.03.25 01:00:18.159,1.06733,1.06757
2013.03.25 01:00:28.340,1.06734,1.06758
2013.03.25 01:00:32.527,1.06734,1.06758
2013.03.25 01:00:34.370,1.06731,1.06756
2013.03.25 01:00:34.430,1.06731,1.06756
2013.03.25 01:00:34.490,1.06728,1.06751
2013.03.25 01:00:35.308,1.06725,1.06748
2013.03.25 01:00:35.406,1.0672,1.06746
2013.03.25 01:00:43.619,1.06721,1.06745
2013.03.25 01:00:45.310,1.06722,1.06747
2013.03.25 01:00:45.567,1.06725,1.06749
2013.03.25 01:00:46.574,1.06725,1.06749
2013.03.25 01:00:47.805,1.06728,1.06752
2013.03.25 01:00:51.619,1.0673,1.06752
2013.03.25 01:00:52.098,1.06728,1.06752
2013.03.25 01:00:58.112,1.06728,1.06752
2013.03.25 01:01:01.159,1.06726,1.06752
2013.03.25 01:01:01.279,1.06723,1.06748
2013.03.25 01:01:01.459,1.06723,1.06743
2013.03.25 01:01:01.519,1.06722,1.06743
2013.03.25 01:01:02.029,1.06719,1.06743
2013.03.25 01:01:02.150,1.06723,1.06749
2013.03.25 01:01:02.270,1.06724,1.06749
2013.03.25 01:01:02.330,1.06724,1.06749
2013.03.25 01:01:03.291,1.06724,1.06749
2013.03.25 01:01:11.180,1.06727,1.06751
2013.03.25 01:01:11.242,1.06731,1.06754
2013.03.25 01:01:11.370,1.06731,1.06753
2013.03.25 01:01:12.160,1.06726,1.06752
2013.03.25 01:01:13.029,1.06726,1.06752
2013.03.25 01:01:14.720,1.06726,1.06752
2013.03.25 01:01:18.720,1.06725,1.06748
2013.03.25 01:01:19.078,1.06722,1.06748
2013.03.25 01:01:19.749,1.06722,1.06745
2013.03.25 01:01:20.288,1.06719,1.06743
2013.03.25 01:01:23.520,1.0672,1.06739
2013.03.25 01:01:23.879,1.06715,1.06734
2013.03.25 01:01:24.239,1.06715,1.0674
2013.03.25 01:01:24.699,1.06717,1.06738
2013.03.25 01:01:25.122,1.06715,1.06739
2013.03.25 01:01:25.250,1.06715,1.06738
2013.03.25 01:01:25.609,1.06716,1.0674
2013.03.25 01:01:28.079,1.06716,1.0674
2013.03.25 01:01:28.620,1.06721,1.06743
2013.03.25 01:01:35.826,1.06716,1.0674
2013.03.25 01:01:37.520,1.06716,1.06739
2013.03.25 01:01:37.639,1.06716,1.06739
2013.03.25 01:01:38.359,1.06711,1.06737
2013.03.25 01:01:38.420,1.06711,1.06734
2013.03.25 01:01:38.540,1.06709,1.06733
2013.03.25 01:01:46.061,1.06707,1.06731
2013.03.25 01:01:46.309,1.06713,1.06737
2013.03.25 01:01:46.499,1.06716,1.0674
2013.03.25 01:01:47.041,1.0672,1.0674
2013.03.25 01:01:47.379,1.0672,1.06741
2013.03.25 01:01:48.349,1.06725,1.06745
2013.03.25 01:01:49.301,1.0672,1.06745
2013.03.25 01:01:51.359,1.06722,1.06747
2013.03.25 01:01:51.839,1.06727,1.06748
2013.03.25 01:01:52.339,1.06727,1.0675
2013.03.25 01:01:52.460,1.06727,1.06752
2013.03.25 01:01:52.519,1.06732,1.06752
2013.03.25 01:01:53.049,1.06727,1.06752
2013.03.25 01:01:53.598,1.06727,1.06752
2013.03.25 01:01:53.901,1.06731,1.06754
2013.03.25 01:01:54.021,1.06727,1.06752
2013.03.25 01:01:54.509,1.06726,1.06749
2013.03.25 01:01:56.638,1.06726,1.06751
2013.03.25 01:01:58.141,1.06727,1.06753
2013.03.25 01:01:58.561,1.06726,1.06751
2013.03.25 01:01:58.620,1.06725,1.0675
2013.03.25 01:01:58.986,1.06723,1.06748
2013.03.25 01:01:59.051,1.06722,1.06745
2013.03.25 01:01:59.349,1.0672,1.06744
2013.03.25 01:02:00.149,1.0672,1.06744
2013.03.25 01:02:03.631,1.06719,1.06743
2013.03.25 01:02:03.690,1.06719,1.06741
2013.03.25 01:02:04.200,1.06717,1.06742
2013.03.25 01:02:07.479,1.06718,1.06744
2013.03.25 01:02:07.979,1.06717,1.06743
2013.03.25 01:02:08.282,1.06715,1.06739
2013.03.25 01:02:08.382,1.06717,1.06742
2013.03.25 01:02:09.151,1.06717,1.06741
2013.03.25 01:02:11.369,1.06716,1.0674
2013.03.25 01:02:12.379,1.06716,1.0674
2013.03.25 01:02:12.819,1.06718,1.06742
2013.03.25 01:02:13.180,1.06722,1.06744
2013.03.25 01:02:13.680,1.06722,1.06746
2013.03.25 01:02:15.680,1.06722,1.06746
2013.03.25 01:02:16.369,1.06722,1.06746
2013.03.25 01:02:17.313,1.06722,1.06746
2013.03.25 01:02:17.891,1.06722,1.06745
2013.03.25 01:02:18.847,1.06722,1.06745
2013.03.25 01:02:20.387,1.06722,1.06745
2013.03.25 01:02:21.045,1.06722,1.06745
2013.03.25 01:02:24.121,1.06722,1.06748
2013.03.25 01:02:26.559,1.06722,1.06746
2013.03.25 01:02:26.720,1.06721,1.06745
2013.03.25 01:02:26.961,1.06722,1.06746
2013.03.25 01:02:27.141,1.06722,1.06746
2013.03.25 01:02:27.989,1.06723,1.06746
2013.03.25 01:02:28.633,1.06723,1.06746
2013.03.25 01:02:31.742,1.06722,1.06745
2013.03.25 01:02:32.569,1.06723,1.06746
2013.03.25 01:02:32.809,1.06726,1.0675
2013.03.25 01:02:33.760,1.06726,1.06751
2013.03.25 01:02:37.979,1.0673,1.06753
2013.03.25 01:02:38.690,1.0673,1.06754
2013.03.25 01:02:39.399,1.0673,1.06754
2013.03.25 01:02:40.209,1.06727,1.06753
2013.03.25 01:02:42.794,1.06728,1.06752
