Time,Bid,Ask
2013.03.22 00:00:02.972,1.06927,1.06949
2013.03.22 00:00:03.032,1.06928,1.06951
2013.03.22 00:00:03.272,1.06927,1.0695
2013.03.22 00:00:03.643,1.06928,1.0695
2013.03.22 00:00:11.336,1.06925,1.0695
2013.03.22 00:00:11.392,1.06925,1.06947
2013.03.22 00:00:29.621,1.06922,1.06945
2013.03.22 00:00:31.260,1.06923,1.06947
2013.03.22 00:00:31.431,1.06923,1.06948
2013.03.22 00:00:32.812,1.06923,1.06948
2013.03.22 00:00:43.472,1.06928,1.0695
2013.03.22 00:00:43.532,1.06928,1.06953
2013.03.22 00:00:44.393,1.06929,1.06954
2013.03.22 00:00:44.452,1.06931,1.06956
2013.03.22 00:00:45.356,1.06931,1.06954
2013.03.22 00:00:45.472,1.06929,1.06954
2013.03.22 00:00:45.532,1.06929,1.06954
2013.03.22 00:00:51.993,1.06931,1.06955
2013.03.22 00:00:52.066,1.06931,1.06956
2013.03.22 00:00:53.313,1.06931,1.06955
2013.03.22 00:00:53.826,1.06931,1.06953
2013.03.22 00:00:54.403,1.06931,1.06952
2013.03.22 00:00:57.542,1.06931,1.06952
2013.03.22 00:00:58.116,1.06929,1.06951
2013.03.22 00:00:58.172,1.06927,1.06951
2013.03.22 00:01:00.033,1.06926,1.06949
2013.03.22 00:01:03.836,1.06925,1.06952
2013.03.22 00:01:04.513,1.06927,1.06952
2013.03.22 00:01:05.233,1.06927,1.06952
2013.03.22 00:01:07.462,1.06927,1.06952
2013.03.22 00:01:11.183,1.06927,1.06952
2013.03.22 00:01:11.423,1.06923,1.06946
2013.03.22 00:01:11.665,1.06923,1.06945
2013.03.22 00:01:11.793,1.06924,1.06949
2013.03.22 00:01:11.972,1.06923,1.06949
2013.03.22 00:01:19.244,1.0692,1.06945
2013.03.22 00:01:21.493,1.0692,1.06945
2013.03.22 00:01:23.372,1.0692,1.06945
2013.03.22 00:01:31.773,1.0692,1.06945
2013.03.22 00:01:31.885,1.0692,1.06943
2013.03.22 00:01:38.883,1.06922,1.06943
2013.03.22 00:01:39.643,1.06922,1.06946
2013.03.22 00:01:53.623,1.06919,1.06943
2013.03.22 00:01:54.345,1.06918,1.06941
2013.03.22 00:01:55.401,1.06917,1.06941
2013.03.22 00:01:55.594,1.06916,1.06934
2013.03.22 00:01:56.150,1.06916,1.06936
2013.03.22 00:01:56.714,1.06916,1.06937
2013.03.22 00:01:58.912,1.06918,1.0694
2013.03.22 00:02:00.324,1.06918,1.06939
2013.03.22 00:02:01.472,1.06918,1.06939
2013.03.22 00:02:07.903,1.06917,1.06939
2013.03.22 00:02:12.655,1.06918,1.06939
2013.03.22 00:02:14.624,1.06916,1.06939
2013.03.22 00:02:18.214,1.06916,1.06939
2013.03.22 00:02:18.276,1.06916,1.06938
2013.03.22 00:02:19.135,1.06917,1.06935
2013.03.22 00:02:22.793,1.06917,1.06938
2013.03.22 00:02:24.662,1.06919,1.06938
2013.03.22 00:02:30.070,1.06919,1.06941
2013.03.22 00:02:31.253,1.06919,1.0694
2013.03.22 00:02:34.602,1.06919,1.0694
2013.03.22 00:02:36.673,1.06916,1.0694
2013.03.22 00:02:37.613,1.06916,1.06939
2013.03.22 00:02:37.674,1.06919,1.0694
2013.03.22 00:02:41.854,1.06916,1.06939
2013.03.22 00:02:43.191,1.06916,1.06939
2013.03.22 00:02:45.792,1.06916,1.06939
2013.03.22 00:02:46.683,1.06918,1.0694
2013.03.22 00:02:49.063,1.06916,1.0694
2013.03.22 00:02:50.438,1.06916,1.06939
2013.03.22 00:02:50.602,1.06918,1.0694
2013.03.22 00:02:55.544,1.06916,1.06939
2013.03.22 00:02:57.893,1.06914,1.06938
2013.03.22 00:02:58.312,1.06917,1.06938
2013.03.22 00:02:58.820,1.06917,1.06938
2013.03.22 00:03:01.252,1.06917,1.06938
2013.03.22 00:03:01.823,1.06912,1.06938
2013.03.22 00:03:02.273,1.06911,1.06934
2013.03.22 00:03:02.784,1.06911,1.06934
2013.03.22 00:03:09.769,1.06911,1.06934
2013.03.22 00:03:22.232,1.06911,1.06933
2013.03.22 00:03:22.683,1.06911,1.06933
2013.03.22 00:03:23.322,1.06911,1.06933
2013.03.22 00:03:28.242,1.06911,1.06933
2013.03.22 00:03:31.593,1.06906,1.0693
2013.03.22 00:03:32.073,1.06904,1.06925
2013.03.22 00:03:32.797,1.06901,1.06925
2013.03.22 00:03:40.064,1.06901,1.06925
2013.03.22 00:03:40.853,1.06903,1.06925
2013.03.22 00:03:42.354,1.06903,1.06925
2013.03.22 00:03:48.493,1.06903,1.06923
2013.03.22 00:03:48.733,1.06908,1.06926
2013.03.22 00:03:49.092,1.06906,1.0693
2013.03.22 00:03:49.630,1.06907,1.0693
2013.03.22 00:03:52.042,1.06906,1.0693
2013.03.22 00:03:57.198,1.06908,1.0693
2013.03.22 00:03:57.860,1.06908,1.0693
2013.03.22 00:04:00.617,1.06909,1.06932
2013.03.22 00:04:01.092,1.06908,1.0693
2013.03.22 00:04:04.837,1.06908,1.06932
2013.03.22 00:04:07.103,1.06908,1.0693
2013.03.22 00:04:07.623,1.06908,1.0693
2013.03.22 00:04:07.682,1.06909,1.06931
2013.03.22 00:04:08.952,1.06909,1.0693
2013.03.22 00:04:10.873,1.06907,1.06929
2013.03.22 00:04:11.382,1.06909,1.0693
2013.03.22 00:04:17.862,1.06906,1.06929
2013.03.22 00:04:20.252,1.06906,1.06929
2013.03.22 00:04:23.592,1.06908,1.0693
2013.03.22 00:04:29.009,1.06908,1.06931
2013.03.22 00:04:29.518,1.06908,1.06931
2013.03.22 00:04:30.072,1.06907,1.06931
2013.03.22 00:04:30.592,1.06907,1.06931
2013.03.22 00:04:48.355,1.06909,1.06932
2013.03.22 00:04:51.352,1.06907,1.06931
2013.03.22 00:05:02.655,1.06907,1.06933
2013.03.22 00:05:04.623,1.06909,1.06933
2013.03.22 00:05:06.493,1.06911,1.06938
2013.03.22 00:05:06.793,1.06913,1.06938
2013.03.22 00:05:07.162,1.06916,1.0694
2013.03.22 00:05:09.352,1.06916,1.06943
2013.03.22 00:05:27.132,1.06916,1.0694
2013.03.22 00:05:31.867,1.06914,1.0694
2013.03.22 00:05:32.053,1.0691,1.06933
2013.03.22 00:05:33.793,1.0691,1.06934
2013.03.22 00:05:38.263,1.06909,1.06934
2013.03.22 00:05:39.568,1.06908,1.06934
2013.03.22 00:05:43.976,1.06911,1.06938
2013.03.22 00:05:48.243,1.06914,1.06938
2013.03.22 00:05:48.944,1.06912,1.06938
2013.03.22 00:05:49.243,1.0691,1.06934
2013.03.22 00:05:53.072,1.06909,1.06933
2013.03.22 00:05:58.344,1.06909,1.06933
2013.03.22 00:05:58.944,1.06909,1.06933
2013.03.22 00:05:59.063,1.06913,1.06938
2013.03.22 00:05:59.473,1.06917,1.0694
2013.03.22 00:06:00.164,1.06917,1.06943
2013.03.22 00:06:04.004,1.06919,1.06944
2013.03.22 00:06:06.671,1.06917,1.06942
2013.03.22 00:06:06.853,1.06917,1.06942
2013.03.22 00:06:07.233,1.06917,1.0694
2013.03.22 00:06:08.512,1.06913,1.0694
2013.03.22 00:06:08.572,1.06914,1.0694
2013.03.22 00:06:15.061,1.06915,1.0694
2013.03.22 00:06:18.030,1.06915,1.06939
2013.03.22 00:06:19.534,1.06916,1.06941
2013.03.22 00:06:23.050,1.06916,1.0694
2013.03.22 00:06:23.623,1.06916,1.06941
2013.03.22 00:06:23.862,1.06916,1.0694
2013.03.22 00:06:25.153,1.06923,1.06943
2013.03.22 00:06:25.274,1.06918,1.06943
2013.03.22 00:06:25.764,1.06917,1.06939
2013.03.22 00:06:26.300,1.06916,1.06939
2013.03.22 00:06:27.203,1.06917,1.06939
2013.03.22 00:06:27.733,1.06917,1.06939
2013.03.22 00:06:27.793,1.06916,1.06939
2013.03.22 00:06:35.213,1.06915,1.06939
2013.03.22 00:06:35.634,1.06915,1.06939
2013.03.22 00:06:39.383,1.06915,1.06939
2013.03.22 00:06:39.714,1.06915,1.06938
2013.03.22 00:06:40.195,1.06915,1.06939
2013.03.22 00:06:40.254,1.06912,1.06939
2013.03.22 00:06:41.243,1.06912,1.06934
2013.03.22 00:06:42.044,1.06911,1.06934
2013.03.22 00:06:42.845,1.06911,1.06934
2013.03.22 00:06:43.324,1.0691,1.06934
2013.03.22 00:06:43.864,1.06909,1.0693
2013.03.22 00:06:49.233,1.06909,1.0693
2013.03.22 00:06:49.353,1.06909,1.0693
2013.03.22 00:06:49.683,1.06906,1.06929
2013.03.22 00:06:49.994,1.06909,1.0693
2013.03.22 00:06:51.169,1.06909,1.06933
2013.03.22 00:06:51.353,1.06914,1.06934
2013.03.22 00:06:51.894,1.06916,1.0694
2013.03.22 00:06:53.403,1.06918,1.06941
2013.03.22 00:07:00.570,1.06918,1.06942
2013.03.22 00:07:00.633,1.06918,1.06941
2013.03.22 00:07:04.483,1.06914,1.06937
2013.03.22 00:07:05.023,1.06914,1.06939
2013.03.22 00:07:07.238,1.06916,1.06939
2013.03.22 00:07:14.005,1.06914,1.06939
2013.03.22 00:07:15.862,1.06914,1.06939
2013.03.22 00:07:16.413,1.06914,1.06936
2013.03.22 00:07:17.755,1.06911,1.06936
2013.03.22 00:07:17.934,1.06911,1.06934
2013.03.22 00:07:18.293,1.06909,1.06931
2013.03.22 00:07:18.809,1.06909,1.06931
2013.03.22 00:07:20.807,1.06909,1.06929
2013.03.22 00:07:20.874,1.06909,1.06929
2013.03.22 00:07:20.993,1.06908,1.0693
2013.03.22 00:07:21.353,1.06908,1.06931
2013.03.22 00:07:22.423,1.06909,1.06931
2013.03.22 00:07:22.813,1.06909,1.06934
2013.03.22 00:07:23.064,1.06909,1.06935
2013.03.22 00:07:23.423,1.06909,1.06935
2013.03.22 00:07:23.603,1.06909,1.06935
2013.03.22 00:07:23.844,1.06909,1.06935
2013.03.22 00:07:24.173,1.06909,1.06935
2013.03.22 00:07:24.373,1.06909,1.06935
2013.03.22 00:07:24.613,1.06909,1.06935
2013.03.22 00:07:27.194,1.06909,1.06935
2013.03.22 00:07:27.374,1.06909,1.06935
2013.03.22 00:07:27.554,1.0691,1.06937
2013.03.22 00:07:30.483,1.0691,1.06936
2013.03.22 00:07:30.672,1.0691,1.06935
2013.03.22 00:07:30.973,1.06909,1.06933
2013.03.22 00:07:31.950,1.06908,1.0693
2013.03.22 00:07:32.023,1.06908,1.06929
2013.03.22 00:07:34.713,1.06908,1.0693
2013.03.22 00:07:35.253,1.0691,1.06934
2013.03.22 00:07:35.373,1.0691,1.06934
2013.03.22 00:07:37.123,1.0691,1.06934
2013.03.22 00:07:37.573,1.06908,1.06933
2013.03.22 00:07:38.290,1.0691,1.06934
2013.03.22 00:07:40.564,1.0691,1.06934
2013.03.22 00:07:41.104,1.0691,1.06937
2013.03.22 00:07:41.906,1.06912,1.06937
2013.03.22 00:07:42.224,1.06912,1.06934
2013.03.22 00:07:42.405,1.06912,1.06937
2013.03.22 00:07:43.073,1.06913,1.06937
2013.03.22 00:07:43.133,1.06914,1.06938
2013.03.22 00:07:43.677,1.06916,1.0694
2013.03.22 00:07:47.383,1.06915,1.0694
2013.03.22 00:07:48.325,1.06914,1.0694
2013.03.22 00:07:52.984,1.06912,1.06935
2013.03.22 00:07:53.223,1.06911,1.06935
2013.03.22 00:07:53.343,1.0691,1.06935
2013.03.22 00:07:54.664,1.06911,1.06935
2013.03.22 00:07:55.164,1.06911,1.06935
2013.03.22 00:07:55.284,1.0691,1.06935
2013.03.22 00:07:55.829,1.06911,1.06935
2013.03.22 00:07:58.216,1.06911,1.06935
2013.03.22 00:08:01.904,1.06911,1.06935
2013.03.22 00:08:03.224,1.06911,1.06935
2013.03.22 00:08:07.699,1.06912,1.06935
2013.03.22 00:08:10.443,1.06911,1.06935
2013.03.22 00:08:10.624,1.0691,1.06935
2013.03.22 00:08:11.224,1.06909,1.06935
2013.03.22 00:08:12.099,1.0691,1.06935
2013.03.22 00:08:13.373,1.06908,1.06928
2013.03.22 00:08:15.299,1.06909,1.06929
2013.03.22 00:08:19.843,1.06907,1.06929
2013.03.22 00:08:20.526,1.06906,1.06926
2013.03.22 00:08:20.924,1.06908,1.06926
2013.03.22 00:08:21.044,1.06909,1.06931
2013.03.22 00:08:22.567,1.06908,1.0693
2013.03.22 00:08:22.683,1.06909,1.06928
2013.03.22 00:08:22.803,1.06907,1.06928
2013.03.22 00:08:24.214,1.06907,1.06925
2013.03.22 00:08:24.574,1.06907,1.06926
2013.03.22 00:08:24.693,1.06907,1.06926
2013.03.22 00:08:25.023,1.06907,1.06926
2013.03.22 00:08:28.828,1.06905,1.06926
2013.03.22 00:08:29.133,1.06906,1.06922
2013.03.22 00:08:29.258,1.06906,1.06923
2013.03.22 00:08:29.683,1.06906,1.06925
2013.03.22 00:08:42.798,1.06903,1.06923
2013.03.22 00:08:43.085,1.06903,1.06924
2013.03.22 00:08:45.317,1.06905,1.06924
2013.03.22 00:08:45.505,1.06896,1.06919
2013.03.22 00:08:46.318,1.06897,1.06919
2013.03.22 00:08:47.223,1.06903,1.06919
2013.03.22 00:08:47.403,1.06903,1.06925
2013.03.22 00:08:52.678,1.06905,1.0693
2013.03.22 00:08:55.358,1.06904,1.0693
2013.03.22 00:08:58.894,1.06905,1.0693
2013.03.22 00:08:59.251,1.06906,1.0693
2013.03.22 00:09:01.073,1.06905,1.0693
2013.03.22 00:09:01.313,1.06905,1.0693
2013.03.22 00:09:02.324,1.06906,1.0693
2013.03.22 00:09:03.673,1.06908,1.06931
2013.03.22 00:09:09.024,1.06906,1.06928
2013.03.22 00:09:13.953,1.06903,1.06928
2013.03.22 00:09:14.074,1.06902,1.06926
2013.03.22 00:09:14.593,1.06901,1.06926
2013.03.22 00:09:14.953,1.06903,1.06928
2013.03.22 00:09:15.475,1.06907,1.06932
2013.03.22 00:09:18.913,1.06908,1.06932
2013.03.22 00:09:18.973,1.06908,1.06933
2013.03.22 00:09:19.382,1.06906,1.06932
2013.03.22 00:09:21.886,1.06908,1.06933
2013.03.22 00:09:23.993,1.06911,1.06936
2013.03.22 00:09:25.975,1.06913,1.06937
2013.03.22 00:09:27.693,1.06911,1.06937
2013.03.22 00:09:30.744,1.06913,1.06939
2013.03.22 00:09:31.413,1.06917,1.06939
2013.03.22 00:09:31.873,1.06919,1.06943
2013.03.22 00:09:33.589,1.0692,1.06943
2013.03.22 00:09:34.153,1.06919,1.06943
2013.03.22 00:09:34.214,1.06918,1.06943
2013.03.22 00:09:48.315,1.06915,1.06939
2013.03.22 00:09:49.183,1.06911,1.06936
2013.03.22 00:10:05.854,1.0691,1.06935
2013.03.22 00:10:06.094,1.06916,1.06938
2013.03.22 00:10:06.394,1.06916,1.0694
2013.03.22 00:10:19.374,1.06914,1.0694
2013.03.22 00:10:19.795,1.06911,1.06935
2013.03.22 00:10:29.587,1.06909,1.06935
2013.03.22 00:10:39.752,1.06908,1.06933
2013.03.22 00:10:49.386,1.06909,1.06933
2013.03.22 00:10:53.214,1.06909,1.06933
2013.03.22 00:11:10.013,1.06912,1.06934
2013.03.22 00:11:10.074,1.06915,1.06937
2013.03.22 00:11:10.674,1.0691,1.06935
2013.03.22 00:11:11.055,1.0691,1.06935
2013.03.22 00:11:23.477,1.06909,1.06935
2013.03.22 00:11:23.857,1.06909,1.06934
2013.03.22 00:11:25.245,1.06909,1.06933
2013.03.22 00:11:26.355,1.06908,1.06931
2013.03.22 00:11:26.534,1.06906,1.06929
2013.03.22 00:11:27.131,1.06905,1.0693
2013.03.22 00:11:27.324,1.06906,1.06933
2013.03.22 00:11:34.244,1.0691,1.06934
2013.03.22 00:11:34.800,1.0691,1.06934
2013.03.22 00:11:40.671,1.0691,1.06934
2013.03.22 00:11:46.248,1.0691,1.06934
2013.03.22 00:11:54.313,1.06911,1.06935
2013.03.22 00:11:59.885,1.06912,1.06936
2013.03.22 00:12:00.393,1.06912,1.06937
2013.03.22 00:12:03.583,1.06917,1.0694
2013.03.22 00:12:04.084,1.06917,1.06941
2013.03.22 00:12:05.048,1.06917,1.06942
2013.03.22 00:12:05.316,1.06917,1.06941
2013.03.22 00:12:12.811,1.06917,1.06941
2013.03.22 00:12:17.505,1.06917,1.06941
2013.03.22 00:12:17.564,1.06916,1.0694
2013.03.22 00:12:17.744,1.06912,1.06938
2013.03.22 00:12:19.454,1.06912,1.06936
2013.03.22 00:12:21.723,1.06912,1.06937
2013.03.22 00:12:35.033,1.06912,1.06936
2013.03.22 00:12:44.175,1.06912,1.06936
2013.03.22 00:12:46.944,1.06912,1.06936
2013.03.22 00:13:17.663,1.06912,1.06936
2013.03.22 00:13:18.448,1.0691,1.06936
2013.03.22 00:13:20.152,1.06911,1.06938
2013.03.22 00:13:28.166,1.06916,1.06939
2013.03.22 00:13:33.889,1.06916,1.06941
2013.03.22 00:13:35.035,1.06916,1.06939
2013.03.22 00:13:35.642,1.06916,1.06941
2013.03.22 00:13:40.424,1.06916,1.06941
2013.03.22 00:13:40.543,1.06917,1.06943
2013.03.22 00:13:41.383,1.06916,1.06942
2013.03.22 00:13:42.317,1.06916,1.06941
2013.03.22 00:13:42.375,1.06916,1.06942
2013.03.22 00:13:42.625,1.06916,1.0694
2013.03.22 00:13:57.624,1.06914,1.06938
2013.03.22 00:14:00.089,1.06913,1.06938
2013.03.22 00:14:00.614,1.06912,1.06937
2013.03.22 00:14:07.268,1.06911,1.06937
2013.03.22 00:14:12.583,1.06912,1.06937
2013.03.22 00:14:14.423,1.06911,1.06937
2013.03.22 00:14:17.093,1.06911,1.06935
2013.03.22 00:14:53.323,1.06911,1.06937
2013.03.22 00:15:10.485,1.06912,1.06938
2013.03.22 00:15:17.774,1.06911,1.06936
2013.03.22 00:15:18.863,1.06911,1.06935
2013.03.22 00:15:21.814,1.06911,1.06936
2013.03.22 00:15:22.054,1.06915,1.06938
2013.03.22 00:15:23.092,1.06917,1.06938
2013.03.22 00:15:28.154,1.06917,1.06938
2013.03.22 00:15:32.025,1.06916,1.06938
2013.03.22 00:15:37.804,1.06915,1.06938
2013.03.22 00:15:38.764,1.06913,1.06937
2013.03.22 00:15:39.294,1.06913,1.06933
2013.03.22 00:15:39.354,1.06912,1.06933
2013.03.22 00:15:39.414,1.06912,1.06932
2013.03.22 00:15:39.774,1.06908,1.06929
2013.03.22 00:15:40.303,1.06908,1.06929
2013.03.22 00:15:40.424,1.06907,1.06929
2013.03.22 00:15:41.483,1.06907,1.06933
2013.03.22 00:15:45.563,1.06906,1.06933
2013.03.22 00:15:46.613,1.06906,1.06931
2013.03.22 00:15:47.118,1.06906,1.06931
2013.03.22 00:15:47.449,1.06907,1.06933
2013.03.22 00:16:01.463,1.06909,1.06933
2013.03.22 00:16:05.645,1.06908,1.06933
2013.03.22 00:16:11.124,1.06908,1.06933
2013.03.22 00:16:11.364,1.06909,1.06934
2013.03.22 00:16:19.657,1.06909,1.06933
2013.03.22 00:16:21.485,1.06907,1.06932
2013.03.22 00:16:31.704,1.06911,1.06933
2013.03.22 00:16:31.765,1.06911,1.06936
2013.03.22 00:16:33.466,1.06909,1.06934
2013.03.22 00:16:36.092,1.06909,1.06934
2013.03.22 00:16:40.821,1.06909,1.06934
2013.03.22 00:16:44.436,1.06909,1.06934
2013.03.22 00:16:45.774,1.06909,1.06934
2013.03.22 00:16:48.900,1.06909,1.06936
2013.03.22 00:16:48.978,1.06915,1.06939
2013.03.22 00:16:49.104,1.06914,1.06936
2013.03.22 00:16:49.344,1.06914,1.06939
2013.03.22 00:16:49.947,1.06915,1.06939
2013.03.22 00:16:59.794,1.06916,1.06939
2013.03.22 00:17:01.494,1.06916,1.06939
2013.03.22 00:17:01.554,1.06915,1.06938
2013.03.22 00:17:01.615,1.06913,1.06938
2013.03.22 00:17:01.735,1.06912,1.06935
2013.03.22 00:17:02.331,1.0691,1.06935
2013.03.22 00:17:11.434,1.06913,1.06937
2013.03.22 00:17:11.614,1.06913,1.06938
2013.03.22 00:17:11.795,1.06911,1.06937
2013.03.22 00:17:22.175,1.0691,1.06934
2013.03.22 00:17:33.576,1.06908,1.0693
2013.03.22 00:17:33.694,1.06907,1.0693
2013.03.22 00:17:37.895,1.06907,1.06932
2013.03.22 00:17:37.955,1.06909,1.06934
2013.03.22 00:17:38.554,1.0691,1.06934
2013.03.22 00:17:40.847,1.0691,1.06934
2013.03.22 00:17:41.025,1.06907,1.0693
2013.03.22 00:17:44.785,1.06908,1.06932
2013.03.22 00:17:44.847,1.06911,1.06936
2013.03.22 00:17:45.126,1.06912,1.06936
2013.03.22 00:17:45.195,1.06912,1.06937
2013.03.22 00:17:48.537,1.06912,1.06937
2013.03.22 00:17:51.494,1.06909,1.06932
2013.03.22 00:17:55.598,1.06908,1.06932
2013.03.22 00:17:57.236,1.06907,1.06932
2013.03.22 00:17:57.294,1.06908,1.06935
2013.03.22 00:17:57.906,1.06911,1.06936
2013.03.22 00:17:58.431,1.06911,1.06935
2013.03.22 00:17:59.366,1.06911,1.06936
2013.03.22 00:18:06.984,1.06911,1.06936
2013.03.22 00:18:09.332,1.06911,1.06936
2013.03.22 00:18:13.714,1.06911,1.06936
2013.03.22 00:18:17.266,1.0691,1.06935
2013.03.22 00:18:25.374,1.06909,1.06935
2013.03.22 00:18:26.724,1.06909,1.06935
2013.03.22 00:18:30.325,1.06908,1.06935
2013.03.22 00:18:30.859,1.06909,1.06935
2013.03.22 00:18:32.855,1.06909,1.06935
2013.03.22 00:18:33.385,1.06909,1.06934
2013.03.22 00:18:34.504,1.06909,1.06934
2013.03.22 00:18:35.610,1.06909,1.06934
2013.03.22 00:18:38.695,1.06912,1.06936
2013.03.22 00:18:39.201,1.06909,1.0693
2013.03.22 00:18:39.384,1.06907,1.0693
2013.03.22 00:18:40.895,1.06906,1.0693
2013.03.22 00:18:41.674,1.06906,1.0693
2013.03.22 00:18:41.804,1.06906,1.0693
2013.03.22 00:18:43.101,1.06905,1.0693
2013.03.22 00:18:43.285,1.06907,1.06931
2013.03.22 00:18:43.846,1.06907,1.06934
2013.03.22 00:18:44.524,1.06909,1.06934
2013.03.22 00:18:45.122,1.06908,1.06931
2013.03.22 00:18:48.610,1.06906,1.06931
2013.03.22 00:18:51.313,1.06907,1.06931
2013.03.22 00:18:55.928,1.06908,1.06931
2013.03.22 00:18:56.485,1.06906,1.0693
2013.03.22 00:19:28.621,1.06906,1.06929
2013.03.22 00:19:35.545,1.06906,1.06929
2013.03.22 00:19:52.877,1.06905,1.06931
2013.03.22 00:19:53.393,1.06904,1.06929
2013.03.22 00:20:00.794,1.06902,1.06928
2013.03.22 00:20:15.317,1.06902,1.06925
2013.03.22 00:20:15.625,1.06899,1.06922
2013.03.22 00:20:17.434,1.06896,1.06921
2013.03.22 00:20:17.808,1.06896,1.06918
2013.03.22 00:20:18.954,1.06896,1.06917
2013.03.22 00:20:19.615,1.06901,1.06918
2013.03.22 00:20:19.854,1.06896,1.06923
2013.03.22 00:20:19.915,1.06896,1.06921
2013.03.22 00:20:20.524,1.06896,1.06918
2013.03.22 00:20:20.644,1.06896,1.06918
2013.03.22 00:20:20.705,1.06902,1.06922
2013.03.22 00:20:20.764,1.06904,1.06924
2013.03.22 00:20:20.885,1.06904,1.06928
2013.03.22 00:20:21.244,1.06908,1.06933
2013.03.22 00:20:21.804,1.06908,1.06933
2013.03.22 00:20:22.212,1.0691,1.06933
2013.03.22 00:20:23.587,1.06908,1.06929
2013.03.22 00:20:23.824,1.06907,1.06929
2013.03.22 00:20:24.124,1.06904,1.06927
2013.03.22 00:20:24.184,1.06902,1.06924
2013.03.22 00:20:24.244,1.06901,1.06924
2013.03.22 00:20:28.867,1.06902,1.06925
2013.03.22 00:20:29.315,1.06902,1.06924
2013.03.22 00:20:29.926,1.06901,1.06924
2013.03.22 00:20:32.829,1.06901,1.06925
2013.03.22 00:20:33.378,1.069,1.06924
2013.03.22 00:20:40.216,1.06897,1.0692
2013.03.22 00:20:40.800,1.06894,1.0692
2013.03.22 00:20:44.034,1.06896,1.06918
2013.03.22 00:20:44.155,1.06894,1.06916
2013.03.22 00:20:47.344,1.06891,1.06914
2013.03.22 00:20:48.714,1.06897,1.06917
2013.03.22 00:20:49.474,1.06899,1.06919
2013.03.22 00:20:49.774,1.06898,1.06924
2013.03.22 00:20:50.314,1.06898,1.06924
2013.03.22 00:20:51.185,1.06901,1.06924
2013.03.22 00:20:51.741,1.06901,1.06924
2013.03.22 00:20:52.457,1.06901,1.06926
2013.03.22 00:20:53.004,1.06902,1.06927
2013.03.22 00:20:53.065,1.06905,1.06927
2013.03.22 00:20:54.664,1.06902,1.06927
2013.03.22 00:20:55.025,1.06901,1.06924
2013.03.22 00:21:12.035,1.06901,1.06924
2013.03.22 00:21:15.004,1.06901,1.06924
2013.03.22 00:21:15.064,1.06902,1.06926
2013.03.22 00:21:15.425,1.06902,1.06924
2013.03.22 00:21:17.455,1.06899,1.06924
2013.03.22 00:21:18.123,1.06901,1.06924
2013.03.22 00:21:18.186,1.06899,1.06924
2013.03.22 00:21:19.965,1.06898,1.06924
2013.03.22 00:21:20.514,1.06897,1.0692
2013.03.22 00:21:21.097,1.06895,1.06918
2013.03.22 00:21:21.851,1.06894,1.06918
2013.03.22 00:21:22.385,1.06896,1.06919
2013.03.22 00:21:23.636,1.06894,1.06918
2013.03.22 00:21:25.666,1.06897,1.06918
2013.03.22 00:21:28.576,1.06899,1.0692
2013.03.22 00:21:28.834,1.06899,1.06923
2013.03.22 00:21:28.964,1.06899,1.06923
2013.03.22 00:21:31.015,1.06899,1.06918
2013.03.22 00:21:31.374,1.06896,1.06915
2013.03.22 00:21:31.734,1.06893,1.06912
2013.03.22 00:21:32.284,1.0689,1.06911
2013.03.22 00:21:32.814,1.06887,1.06911
2013.03.22 00:21:32.873,1.06889,1.06912
2013.03.22 00:21:33.906,1.06889,1.06913
2013.03.22 00:21:34.910,1.06887,1.06911
2013.03.22 00:21:41.616,1.0689,1.06912
2013.03.22 00:21:42.047,1.0689,1.06912
2013.03.22 00:21:42.474,1.0689,1.06916
2013.03.22 00:21:44.157,1.06891,1.06915
2013.03.22 00:21:44.706,1.0689,1.06915
2013.03.22 00:21:52.125,1.06891,1.06916
2013.03.22 00:21:58.894,1.06889,1.06915
2013.03.22 00:22:01.664,1.06889,1.06915
2013.03.22 00:22:12.316,1.0689,1.06913
2013.03.22 00:22:22.064,1.0689,1.06912
2013.03.22 00:22:42.094,1.06889,1.06912
2013.03.22 00:22:49.674,1.06887,1.06912
2013.03.22 00:23:02.295,1.0689,1.06912
2013.03.22 00:23:16.554,1.06889,1.06912
2013.03.22 00:23:22.142,1.06889,1.06912
2013.03.22 00:23:33.764,1.06885,1.06909
2013.03.22 00:23:45.094,1.06885,1.06909
2013.03.22 00:23:49.390,1.06883,1.06909
2013.03.22 00:23:51.964,1.06889,1.0691
2013.03.22 00:23:55.334,1.06888,1.0691
2013.03.22 00:23:57.205,1.06888,1.06909
2013.03.22 00:23:59.579,1.06883,1.06909
2013.03.22 00:24:07.685,1.06883,1.06909
2013.03.22 00:24:10.594,1.06882,1.06909
2013.03.22 00:24:12.916,1.06882,1.06907
2013.03.22 00:24:15.707,1.06882,1.06907
2013.03.22 00:24:16.456,1.06882,1.06907
2013.03.22 00:24:22.444,1.06886,1.06908
2013.03.22 00:24:22.754,1.06888,1.06912
2013.03.22 00:24:23.064,1.06889,1.06912
2013.03.22 00:24:26.139,1.0689,1.06915
2013.03.22 00:24:26.215,1.06892,1.06917
2013.03.22 00:24:27.104,1.0689,1.06915
2013.03.22 00:24:27.775,1.06888,1.06913
2013.03.22 00:24:32.616,1.06888,1.06912
2013.03.22 00:24:32.934,1.06883,1.06908
2013.03.22 00:24:33.445,1.06878,1.06904
2013.03.22 00:24:47.144,1.06879,1.06904
2013.03.22 00:24:47.445,1.06877,1.069
2013.03.22 00:24:50.137,1.06882,1.06902
2013.03.22 00:24:57.634,1.06881,1.06904
2013.03.22 00:24:58.171,1.06881,1.06904
2013.03.22 00:25:03.424,1.06878,1.06901
2013.03.22 00:25:03.726,1.06882,1.06902
2013.03.22 00:25:04.234,1.06882,1.06903
2013.03.22 00:25:04.955,1.06882,1.06905
2013.03.22 00:25:22.524,1.06882,1.06903
2013.03.22 00:25:25.916,1.06882,1.06905
2013.03.22 00:25:28.726,1.06882,1.06905
2013.03.22 00:25:29.293,1.06882,1.06904
2013.03.22 00:25:35.714,1.06882,1.06903
2013.03.22 00:25:35.834,1.06881,1.06903
2013.03.22 00:25:36.154,1.06882,1.06899
2013.03.22 00:25:37.729,1.06881,1.06899
2013.03.22 00:25:54.376,1.0688,1.06899
2013.03.22 00:25:56.816,1.0688,1.06898
2013.03.22 00:25:57.367,1.0688,1.06898
2013.03.22 00:26:00.046,1.06877,1.06894
2013.03.22 00:26:00.584,1.06875,1.06894
2013.03.22 00:26:01.675,1.06867,1.06891
2013.03.22 00:26:01.795,1.06868,1.06891
2013.03.22 00:26:01.974,1.06868,1.0689
2013.03.22 00:26:03.776,1.06868,1.06892
2013.03.22 00:26:04.536,1.06872,1.06892
2013.03.22 00:26:08.780,1.06872,1.06893
2013.03.22 00:26:10.404,1.06872,1.06892
2013.03.22 00:26:10.526,1.06872,1.06896
2013.03.22 00:26:10.585,1.06876,1.06897
2013.03.22 00:26:11.125,1.06872,1.06896
2013.03.22 00:26:11.684,1.06873,1.06896
2013.03.22 00:26:11.987,1.06869,1.06893
2013.03.22 00:26:12.550,1.06868,1.06892
2013.03.22 00:26:14.852,1.06868,1.06891
2013.03.22 00:26:16.386,1.06868,1.06893
2013.03.22 00:26:16.917,1.06868,1.06891
2013.03.22 00:26:19.082,1.06872,1.06893
2013.03.22 00:26:29.426,1.06877,1.06896
2013.03.22 00:26:29.545,1.06873,1.06898
2013.03.22 00:26:30.785,1.06877,1.06901
2013.03.22 00:26:31.424,1.06877,1.06898
2013.03.22 00:26:32.254,1.06876,1.06903
2013.03.22 00:26:37.555,1.06876,1.06903
2013.03.22 00:26:45.274,1.06875,1.06899
2013.03.22 00:26:45.881,1.06872,1.06898
2013.03.22 00:26:46.946,1.06876,1.06899
2013.03.22 00:26:47.495,1.06876,1.069
2013.03.22 00:26:48.025,1.06876,1.069
2013.03.22 00:26:48.324,1.06873,1.06898
2013.03.22 00:26:50.495,1.06877,1.06901
2013.03.22 00:26:52.633,1.06878,1.06903
2013.03.22 00:26:53.271,1.0688,1.06903
2013.03.22 00:26:56.281,1.06879,1.06903
2013.03.22 00:27:01.615,1.06877,1.06901
2013.03.22 00:27:02.434,1.06877,1.06901
2013.03.22 00:27:03.905,1.06877,1.06902
2013.03.22 00:27:06.095,1.06876,1.06901
2013.03.22 00:27:06.455,1.06874,1.06898
2013.03.22 00:27:25.164,1.06872,1.06896
2013.03.22 00:27:30.205,1.06869,1.06895
2013.03.22 00:27:30.606,1.06869,1.06893
2013.03.22 00:27:30.887,1.06868,1.06893
2013.03.22 00:27:31.915,1.06869,1.06893
2013.03.22 00:27:33.571,1.06866,1.06891
2013.03.22 00:27:36.144,1.06866,1.06891
2013.03.22 00:27:38.104,1.06872,1.06895
2013.03.22 00:27:53.916,1.06872,1.06895
2013.03.22 00:28:38.122,1.06873,1.06897
2013.03.22 00:28:41.735,1.06876,1.06897
2013.03.22 00:28:42.521,1.06876,1.06895
2013.03.22 00:28:46.485,1.06876,1.06897
2013.03.22 00:28:46.605,1.06876,1.06899
2013.03.22 00:28:47.026,1.06877,1.06901
2013.03.22 00:28:47.145,1.06879,1.06902
2013.03.22 00:28:47.205,1.06879,1.06904
2013.03.22 00:28:56.579,1.06879,1.06904
2013.03.22 00:29:07.086,1.06877,1.06901
2013.03.22 00:29:08.544,1.06877,1.06901
2013.03.22 00:29:13.737,1.06878,1.06901
2013.03.22 00:29:20.319,1.06877,1.06901
2013.03.22 00:29:27.658,1.06877,1.06903
2013.03.22 00:29:28.473,1.0688,1.06903
2013.03.22 00:29:30.349,1.06879,1.06903
2013.03.22 00:29:30.475,1.06877,1.06903
2013.03.22 00:29:34.748,1.06876,1.06902
2013.03.22 00:29:36.115,1.06877,1.06902
2013.03.22 00:29:38.762,1.06877,1.06903
2013.03.22 00:29:45.376,1.06877,1.06903
2013.03.22 00:29:45.960,1.06878,1.06904
2013.03.22 00:29:47.255,1.06877,1.06904
2013.03.22 00:29:52.805,1.06875,1.06901
2013.03.22 00:29:53.225,1.06875,1.06898
2013.03.22 00:29:57.485,1.06874,1.06896
2013.03.22 00:29:57.664,1.06875,1.069
2013.03.22 00:29:57.845,1.06875,1.06899
2013.03.22 00:29:58.761,1.06874,1.069
2013.03.22 00:30:03.095,1.06876,1.069
2013.03.22 00:30:09.328,1.06876,1.069
2013.03.22 00:30:12.339,1.06876,1.069
2013.03.22 00:30:12.646,1.06876,1.069
2013.03.22 00:30:12.954,1.06871,1.06896
2013.03.22 00:30:13.095,1.06871,1.06896
2013.03.22 00:30:38.809,1.06871,1.06895
2013.03.22 00:30:44.845,1.06871,1.06895
2013.03.22 00:30:45.355,1.06871,1.06894
2013.03.22 00:31:45.376,1.06867,1.06894
2013.03.22 00:31:45.436,1.06867,1.06894
2013.03.22 00:31:49.327,1.06867,1.06894
2013.03.22 00:31:50.585,1.06867,1.06894
2013.03.22 00:31:53.837,1.06867,1.06893
2013.03.22 00:31:54.572,1.06866,1.06891
2013.03.22 00:31:55.665,1.06866,1.06891
2013.03.22 00:32:00.191,1.06866,1.06891
2013.03.22 00:32:02.146,1.06868,1.06891
2013.03.22 00:32:02.206,1.0687,1.06896
2013.03.22 00:32:02.685,1.0687,1.06896
2013.03.22 00:32:03.180,1.0687,1.06895
2013.03.22 00:32:04.976,1.0687,1.06895
2013.03.22 00:32:06.309,1.0687,1.06895
2013.03.22 00:32:06.376,1.0687,1.06896
2013.03.22 00:32:06.736,1.06872,1.06897
2013.03.22 00:32:06.795,1.06873,1.06898
2013.03.22 00:32:07.156,1.06874,1.06899
2013.03.22 00:32:07.216,1.06875,1.06902
2013.03.22 00:32:08.855,1.06875,1.06902
2013.03.22 00:32:09.397,1.06875,1.06901
2013.03.22 00:32:11.467,1.06875,1.06901
2013.03.22 00:32:15.006,1.06875,1.06898
2013.03.22 00:32:15.546,1.06871,1.06896
2013.03.22 00:32:18.220,1.0687,1.06896
2013.03.22 00:32:21.477,1.0687,1.06895
2013.03.22 00:32:30.056,1.06868,1.06891
2013.03.22 00:32:30.115,1.06867,1.06891
2013.03.22 00:32:30.236,1.06866,1.06889
2013.03.22 00:32:31.857,1.06865,1.06889
2013.03.22 00:32:32.215,1.06866,1.0689
2013.03.22 00:32:32.336,1.06867,1.06892
2013.03.22 00:32:32.636,1.06866,1.06891
2013.03.22 00:32:34.395,1.06865,1.06888
2013.03.22 00:32:34.973,1.06862,1.06888
2013.03.22 00:32:36.178,1.06862,1.06888
2013.03.22 00:32:36.896,1.06863,1.06888
2013.03.22 00:32:37.256,1.06866,1.06891
2013.03.22 00:32:37.615,1.06862,1.06888
2013.03.22 00:32:39.888,1.06862,1.06888
2013.03.22 00:32:40.395,1.06861,1.06888
2013.03.22 00:32:40.456,1.06861,1.06888
2013.03.22 00:32:40.815,1.06861,1.06885
2013.03.22 00:32:42.717,1.06859,1.06885
2013.03.22 00:32:43.725,1.06858,1.06883
2013.03.22 00:32:46.327,1.06858,1.06884
2013.03.22 00:32:48.527,1.06858,1.06884
2013.03.22 00:32:49.356,1.06859,1.06884
2013.03.22 00:32:49.866,1.06861,1.06884
2013.03.22 00:32:58.605,1.06861,1.06884
2013.03.22 00:33:00.489,1.06861,1.06884
2013.03.22 00:33:05.417,1.06861,1.06885
2013.03.22 00:33:13.635,1.06862,1.06884
2013.03.22 00:33:15.001,1.06862,1.06884
2013.03.22 00:33:23.921,1.06862,1.06886
2013.03.22 00:33:25.156,1.06862,1.06886
2013.03.22 00:33:30.025,1.06862,1.06886
2013.03.22 00:33:30.721,1.06862,1.06886
2013.03.22 00:33:32.787,1.06862,1.06885
2013.03.22 00:33:33.086,1.06857,1.06882
2013.03.22 00:33:38.916,1.06857,1.06882
2013.03.22 00:33:39.466,1.06861,1.06884
2013.03.22 00:33:42.546,1.06856,1.06882
2013.03.22 00:33:46.748,1.06856,1.06881
2013.03.22 00:33:46.926,1.06857,1.06883
2013.03.22 00:33:48.315,1.06857,1.06883
2013.03.22 00:33:57.115,1.06856,1.0688
2013.03.22 00:34:05.576,1.06856,1.0688
2013.03.22 00:34:05.955,1.06856,1.0688
2013.03.22 00:34:06.076,1.06859,1.06884
2013.03.22 00:34:06.135,1.0686,1.06884
2013.03.22 00:34:07.499,1.06862,1.06887
2013.03.22 00:34:18.815,1.06861,1.06886
2013.03.22 00:34:20.205,1.06862,1.06887
2013.03.22 00:34:20.506,1.06864,1.06888
2013.03.22 00:34:20.625,1.06866,1.0689
2013.03.22 00:34:21.165,1.06866,1.06892
2013.03.22 00:34:21.825,1.06866,1.06892
2013.03.22 00:34:22.156,1.06867,1.06892
2013.03.22 00:34:23.055,1.06871,1.06894
2013.03.22 00:34:26.235,1.06867,1.06894
2013.03.22 00:34:28.770,1.06867,1.06894
2013.03.22 00:34:30.675,1.06867,1.06893
2013.03.22 00:34:31.137,1.06869,1.06893
2013.03.22 00:34:31.341,1.06867,1.06893
2013.03.22 00:34:36.665,1.06867,1.06891
2013.03.22 00:34:40.771,1.06867,1.06892
2013.03.22 00:34:41.084,1.06866,1.06891
2013.03.22 00:34:46.215,1.06865,1.0689
2013.03.22 00:34:50.615,1.06865,1.06891
2013.03.22 00:34:51.055,1.06866,1.06891
2013.03.22 00:34:52.379,1.06865,1.06891
2013.03.22 00:34:52.866,1.06865,1.06891
2013.03.22 00:34:59.855,1.06865,1.06891
2013.03.22 00:35:03.636,1.06865,1.06891
2013.03.22 00:35:07.916,1.06865,1.06891
2013.03.22 00:35:08.616,1.06866,1.06891
2013.03.22 00:35:14.054,1.06866,1.06891
2013.03.22 00:35:18.596,1.06866,1.06892
2013.03.22 00:35:18.795,1.06865,1.06891
2013.03.22 00:35:20.741,1.06865,1.06891
2013.03.22 00:35:24.260,1.06865,1.06891
2013.03.22 00:35:32.125,1.06866,1.06891
2013.03.22 00:35:32.543,1.06866,1.06891
2013.03.22 00:35:33.092,1.06866,1.06891
2013.03.22 00:35:36.617,1.06866,1.06892
2013.03.22 00:35:36.836,1.06865,1.06891
2013.03.22 00:35:39.027,1.06866,1.06891
2013.03.22 00:35:43.485,1.06866,1.06891
2013.03.22 00:35:47.762,1.06866,1.06891
2013.03.22 00:35:58.666,1.06866,1.06891
2013.03.22 00:36:02.043,1.06866,1.06893
2013.03.22 00:36:03.606,1.06866,1.06891
2013.03.22 00:36:05.563,1.06866,1.06891
2013.03.22 00:36:11.265,1.06868,1.06891
2013.03.22 00:36:11.665,1.0687,1.06893
2013.03.22 00:36:11.726,1.06871,1.06895
2013.03.22 00:36:16.287,1.06872,1.06898
2013.03.22 00:36:18.969,1.06873,1.06898
2013.03.22 00:36:21.098,1.06873,1.06899
2013.03.22 00:36:21.726,1.06875,1.06901
2013.03.22 00:36:23.305,1.06875,1.06901
2013.03.22 00:36:23.477,1.06872,1.06896
2013.03.22 00:36:26.647,1.06874,1.06896
2013.03.22 00:36:30.167,1.06874,1.06896
2013.03.22 00:36:30.339,1.06874,1.06896
2013.03.22 00:36:30.467,1.06872,1.06896
2013.03.22 00:36:36.887,1.06872,1.06896
2013.03.22 00:36:40.926,1.06874,1.06896
2013.03.22 00:36:41.456,1.06875,1.069
2013.03.22 00:37:02.686,1.06872,1.06898
2013.03.22 00:37:06.763,1.06872,1.06898
2013.03.22 00:37:08.770,1.06872,1.06897
2013.03.22 00:37:13.996,1.06874,1.06898
2013.03.22 00:37:16.995,1.06874,1.06898
2013.03.22 00:37:18.997,1.06872,1.06898
2013.03.22 00:37:20.265,1.06873,1.06898
2013.03.22 00:37:21.335,1.06872,1.06895
2013.03.22 00:37:21.395,1.06871,1.06895
2013.03.22 00:37:22.359,1.0687,1.06895
2013.03.22 00:37:23.755,1.0687,1.06895
2013.03.22 00:37:24.367,1.0687,1.06895
2013.03.22 00:37:24.787,1.06865,1.06889
2013.03.22 00:37:24.847,1.06865,1.06889
2013.03.22 00:37:28.776,1.06862,1.06885
2013.03.22 00:37:31.586,1.06861,1.06885
2013.03.22 00:37:33.455,1.06863,1.06887
2013.03.22 00:37:33.656,1.06863,1.06888
2013.03.22 00:37:34.288,1.06866,1.06889
2013.03.22 00:37:38.486,1.06864,1.06889
2013.03.22 00:37:39.586,1.06865,1.06889
2013.03.22 00:37:43.187,1.06866,1.06889
2013.03.22 00:37:43.697,1.06866,1.06889
2013.03.22 00:37:45.300,1.06866,1.06889
2013.03.22 00:37:48.705,1.06868,1.06889
2013.03.22 00:37:49.937,1.06868,1.06894
2013.03.22 00:37:50.846,1.06866,1.06889
2013.03.22 00:37:52.935,1.06865,1.06889
2013.03.22 00:37:59.043,1.06865,1.06889
2013.03.22 00:38:02.705,1.06859,1.06884
2013.03.22 00:38:04.366,1.06859,1.06883
2013.03.22 00:38:12.293,1.06859,1.06883
2013.03.22 00:38:23.356,1.06856,1.06881
2013.03.22 00:38:23.656,1.06854,1.06879
2013.03.22 00:38:24.015,1.06852,1.06877
2013.03.22 00:38:30.236,1.06856,1.06879
2013.03.22 00:38:30.755,1.06856,1.0688
2013.03.22 00:38:37.348,1.06856,1.0688
2013.03.22 00:38:42.736,1.06852,1.06875
2013.03.22 00:38:45.810,1.06853,1.06878
2013.03.22 00:38:55.456,1.06856,1.06878
2013.03.22 00:38:57.666,1.06855,1.06878
2013.03.22 00:39:02.848,1.06853,1.06878
2013.03.22 00:39:12.817,1.06856,1.06881
2013.03.22 00:39:12.996,1.06857,1.06881
2013.03.22 00:39:13.299,1.06866,1.06889
2013.03.22 00:39:13.476,1.06866,1.06892
2013.03.22 00:39:13.561,1.06867,1.06893
2013.03.22 00:39:13.925,1.06866,1.06892
2013.03.22 00:39:14.331,1.06866,1.06894
2013.03.22 00:39:14.517,1.06868,1.06894
2013.03.22 00:39:17.081,1.06869,1.06894
2013.03.22 00:39:17.626,1.06872,1.06896
2013.03.22 00:39:19.526,1.06872,1.06893
2013.03.22 00:39:20.456,1.06868,1.06893
2013.03.22 00:39:21.456,1.06867,1.06892
2013.03.22 00:39:21.839,1.06864,1.06888
2013.03.22 00:39:22.075,1.06864,1.06888
2013.03.22 00:39:24.905,1.06867,1.06892
2013.03.22 00:39:24.965,1.06867,1.06893
2013.03.22 00:39:26.285,1.06867,1.06892
2013.03.22 00:39:27.555,1.06867,1.06893
2013.03.22 00:39:33.040,1.06867,1.06893
2013.03.22 00:39:41.446,1.06867,1.06893
2013.03.22 00:39:42.055,1.06867,1.06893
2013.03.22 00:39:44.546,1.06867,1.06892
2013.03.22 00:39:44.856,1.06864,1.0689
2013.03.22 00:39:55.205,1.06865,1.06891
2013.03.22 00:39:59.184,1.06865,1.06889
2013.03.22 00:40:04.877,1.06864,1.06888
2013.03.22 00:40:06.348,1.06864,1.06888
2013.03.22 00:40:07.778,1.0686,1.06884
2013.03.22 00:40:19.994,1.06862,1.06888
2013.03.22 00:40:21.057,1.06862,1.06888
2013.03.22 00:40:21.565,1.06864,1.06888
2013.03.22 00:40:25.793,1.06864,1.06888
2013.03.22 00:40:33.048,1.06863,1.06888
2013.03.22 00:40:33.598,1.06864,1.06888
2013.03.22 00:40:37.145,1.06858,1.06884
2013.03.22 00:40:39.869,1.06858,1.06884
2013.03.22 00:40:39.996,1.06857,1.06882
2013.03.22 00:40:41.628,1.06857,1.06884
2013.03.22 00:40:44.333,1.06858,1.06884
2013.03.22 00:40:46.937,1.06857,1.06884
2013.03.22 00:40:47.356,1.06857,1.06884
2013.03.22 00:40:47.537,1.06855,1.0688
2013.03.22 00:40:47.596,1.06853,1.0688
2013.03.22 00:40:47.657,1.06853,1.06878
2013.03.22 00:40:48.318,1.06853,1.06878
2013.03.22 00:40:48.901,1.06854,1.06879
2013.03.22 00:40:51.145,1.06855,1.0688
2013.03.22 00:40:51.206,1.06859,1.06884
2013.03.22 00:40:54.527,1.06859,1.06884
2013.03.22 00:40:54.585,1.06859,1.06886
2013.03.22 00:40:55.006,1.06861,1.06886
2013.03.22 00:40:57.846,1.06862,1.06886
2013.03.22 00:41:01.145,1.06862,1.06885
2013.03.22 00:41:01.206,1.06859,1.06885
2013.03.22 00:41:05.139,1.06859,1.06884
2013.03.22 00:41:19.524,1.06861,1.06885
2013.03.22 00:41:20.266,1.06861,1.06885
2013.03.22 00:41:27.866,1.06862,1.06885
2013.03.22 00:41:28.425,1.06861,1.06886
2013.03.22 00:41:34.256,1.06862,1.06885
2013.03.22 00:41:35.226,1.06863,1.06887
2013.03.22 00:41:36.718,1.06863,1.06887
2013.03.22 00:41:40.524,1.06862,1.06887
2013.03.22 00:41:47.926,1.06863,1.06889
2013.03.22 00:41:48.107,1.06861,1.06884
2013.03.22 00:41:48.548,1.06861,1.06884
2013.03.22 00:41:48.667,1.06861,1.06885
2013.03.22 00:41:52.716,1.06863,1.06889
2013.03.22 00:41:53.257,1.06865,1.06889
2013.03.22 00:41:54.900,1.06864,1.06889
2013.03.22 00:41:56.797,1.06865,1.06889
2013.03.22 00:42:01.366,1.06867,1.06891
2013.03.22 00:42:07.826,1.06866,1.06891
2013.03.22 00:42:09.256,1.06869,1.06892
2013.03.22 00:42:12.776,1.06868,1.06892
2013.03.22 00:42:16.676,1.06869,1.06892
2013.03.22 00:42:18.970,1.06868,1.06892
2013.03.22 00:42:21.109,1.06868,1.06892
2013.03.22 00:42:21.356,1.06863,1.06888
2013.03.22 00:42:21.716,1.06862,1.06887
2013.03.22 00:42:22.276,1.06862,1.06887
2013.03.22 00:42:23.926,1.06861,1.06887
2013.03.22 00:42:25.620,1.06862,1.06887
2013.03.22 00:42:26.257,1.06862,1.06887
2013.03.22 00:42:29.946,1.06863,1.06888
2013.03.22 00:42:30.066,1.06863,1.06888
2013.03.22 00:42:30.257,1.06866,1.06888
2013.03.22 00:42:32.329,1.06865,1.06889
2013.03.22 00:42:34.376,1.06866,1.06893
2013.03.22 00:42:34.907,1.06866,1.06889
2013.03.22 00:42:35.457,1.06865,1.06889
2013.03.22 00:42:37.597,1.06866,1.06891
2013.03.22 00:42:39.646,1.06866,1.06891
2013.03.22 00:42:39.896,1.06866,1.06892
2013.03.22 00:42:40.726,1.06867,1.06889
2013.03.22 00:42:40.909,1.06868,1.06889
2013.03.22 00:42:42.646,1.06867,1.06888
2013.03.22 00:42:45.432,1.06866,1.06888
2013.03.22 00:42:49.416,1.06867,1.06888
2013.03.22 00:42:49.919,1.06867,1.06892
2013.03.22 00:42:50.869,1.06867,1.06893
2013.03.22 00:42:50.997,1.06865,1.0689
2013.03.22 00:42:54.456,1.06865,1.0689
2013.03.22 00:42:54.635,1.06867,1.0689
2013.03.22 00:42:55.312,1.06868,1.06893
2013.03.22 00:42:55.437,1.0687,1.06894
2013.03.22 00:43:13.116,1.0687,1.06895
2013.03.22 00:43:13.176,1.06866,1.06891
2013.03.22 00:43:13.236,1.06865,1.06891
2013.03.22 00:43:13.909,1.06866,1.06891
2013.03.22 00:43:17.066,1.06866,1.06891
2013.03.22 00:43:17.586,1.06865,1.06891
2013.03.22 00:43:22.559,1.06866,1.06891
2013.03.22 00:43:30.587,1.06867,1.06891
2013.03.22 00:43:33.237,1.06868,1.06892
2013.03.22 00:43:36.756,1.06868,1.06892
2013.03.22 00:43:36.936,1.06868,1.06892
2013.03.22 00:43:47.924,1.06868,1.06892
2013.03.22 00:43:48.256,1.06866,1.06892
2013.03.22 00:43:50.805,1.06866,1.0689
2013.03.22 00:43:51.355,1.06866,1.0689
2013.03.22 00:43:53.268,1.06865,1.06889
2013.03.22 00:43:53.337,1.06865,1.06889
2013.03.22 00:43:55.156,1.06865,1.06889
2013.03.22 00:44:07.073,1.06865,1.06889
2013.03.22 00:44:09.196,1.06865,1.06889
2013.03.22 00:44:13.226,1.06865,1.06892
2013.03.22 00:44:14.055,1.06865,1.06892
2013.03.22 00:44:14.366,1.06866,1.06893
2013.03.22 00:44:14.547,1.06863,1.06887
2013.03.22 00:44:14.847,1.06863,1.06887
2013.03.22 00:44:15.367,1.06861,1.06887
2013.03.22 00:44:17.356,1.06861,1.06885
2013.03.22 00:44:17.996,1.06861,1.06884
2013.03.22 00:44:19.116,1.06861,1.06886
2013.03.22 00:44:19.177,1.06862,1.06888
2013.03.22 00:44:19.236,1.06862,1.06889
2013.03.22 00:44:20.227,1.06863,1.06889
2013.03.22 00:44:40.286,1.06863,1.06889
2013.03.22 00:44:41.477,1.06863,1.06889
2013.03.22 00:44:42.874,1.06863,1.06889
2013.03.22 00:44:46.926,1.06863,1.06884
2013.03.22 00:44:46.986,1.06861,1.06884
2013.03.22 00:44:48.875,1.06862,1.06885
2013.03.22 00:44:49.441,1.06863,1.06887
2013.03.22 00:44:50.701,1.06863,1.06887
2013.03.22 00:44:58.821,1.06863,1.06887
2013.03.22 00:45:06.930,1.06863,1.06887
2013.03.22 00:45:10.627,1.0686,1.06884
2013.03.22 00:45:10.806,1.06857,1.06883
2013.03.22 00:45:11.827,1.06857,1.06883
2013.03.22 00:45:12.428,1.06857,1.06883
2013.03.22 00:45:12.676,1.06856,1.0688
2013.03.22 00:45:13.413,1.06857,1.06883
2013.03.22 00:45:14.406,1.06858,1.06882
2013.03.22 00:45:14.586,1.06858,1.06884
2013.03.22 00:45:21.786,1.06858,1.06883
2013.03.22 00:45:22.026,1.06858,1.06885
2013.03.22 00:45:27.346,1.06858,1.06884
2013.03.22 00:45:28.058,1.06858,1.06883
2013.03.22 00:45:29.036,1.06858,1.06884
2013.03.22 00:45:30.334,1.06858,1.06883
2013.03.22 00:45:30.886,1.06856,1.06881
2013.03.22 00:45:32.787,1.06856,1.06879
2013.03.22 00:45:34.416,1.0685,1.06874
2013.03.22 00:45:34.477,1.0685,1.06874
2013.03.22 00:45:34.596,1.06851,1.06874
2013.03.22 00:45:35.146,1.06852,1.06876
2013.03.22 00:45:35.708,1.06853,1.06879
2013.03.22 00:45:39.276,1.06853,1.06879
2013.03.22 00:45:39.417,1.06853,1.0688
2013.03.22 00:45:40.576,1.06853,1.06879
2013.03.22 00:45:41.458,1.06852,1.06878
2013.03.22 00:45:42.796,1.06853,1.06879
2013.03.22 00:45:43.047,1.06852,1.06878
2013.03.22 00:45:47.661,1.06853,1.06879
2013.03.22 00:45:48.238,1.06853,1.06879
2013.03.22 00:45:48.299,1.06851,1.06874
2013.03.22 00:45:50.246,1.06851,1.06876
2013.03.22 00:45:50.626,1.06851,1.06879
2013.03.22 00:45:54.916,1.06853,1.06879
2013.03.22 00:45:55.096,1.06853,1.0688
2013.03.22 00:45:55.398,1.06857,1.06883
2013.03.22 00:45:55.719,1.06857,1.06881
2013.03.22 00:46:02.606,1.06857,1.06882
2013.03.22 00:46:02.726,1.06857,1.06884
2013.03.22 00:46:02.966,1.0686,1.06884
2013.03.22 00:46:03.276,1.06862,1.06887
2013.03.22 00:46:04.557,1.06862,1.06888
2013.03.22 00:46:05.112,1.06862,1.06887
2013.03.22 00:46:05.627,1.06862,1.06888
2013.03.22 00:46:06.137,1.06865,1.06888
2013.03.22 00:46:07.102,1.06865,1.06889
2013.03.22 00:46:08.467,1.06865,1.06889
2013.03.22 00:46:12.568,1.06864,1.06889
2013.03.22 00:46:12.807,1.06865,1.06889
2013.03.22 00:46:13.844,1.06865,1.06889
2013.03.22 00:46:18.518,1.06866,1.06894
2013.03.22 00:46:18.577,1.06866,1.06894
2013.03.22 00:46:20.296,1.06867,1.0689
2013.03.22 00:46:20.477,1.06869,1.06894
2013.03.22 00:46:20.596,1.06866,1.06893
2013.03.22 00:46:25.086,1.06863,1.0689
2013.03.22 00:46:25.947,1.06863,1.06888
2013.03.22 00:46:29.276,1.06863,1.06888
2013.03.22 00:46:30.946,1.06863,1.06888
2013.03.22 00:46:31.457,1.06864,1.0689
2013.03.22 00:46:32.833,1.06864,1.06889
2013.03.22 00:46:35.597,1.06863,1.06887
2013.03.22 00:46:36.146,1.06861,1.06884
2013.03.22 00:46:36.211,1.0686,1.06884
2013.03.22 00:46:41.497,1.0686,1.06884
2013.03.22 00:46:42.017,1.06858,1.06883
2013.03.22 00:46:43.037,1.06856,1.06882
2013.03.22 00:46:44.475,1.06856,1.06881
2013.03.22 00:46:49.185,1.06856,1.06882
2013.03.22 00:46:49.699,1.06857,1.06883
2013.03.22 00:46:52.329,1.06856,1.06882
2013.03.22 00:46:57.638,1.06854,1.06879
2013.03.22 00:46:58.866,1.06854,1.06879
2013.03.22 00:47:00.456,1.06854,1.06879
2013.03.22 00:47:00.736,1.06852,1.06877
2013.03.22 00:47:01.322,1.06851,1.06877
2013.03.22 00:47:03.139,1.06851,1.06877
2013.03.22 00:47:05.357,1.06851,1.06877
2013.03.22 00:47:06.107,1.06851,1.06876
2013.03.22 00:47:06.644,1.06851,1.06873
2013.03.22 00:47:07.681,1.0685,1.06872
2013.03.22 00:47:09.606,1.06851,1.06873
2013.03.22 00:47:10.313,1.06847,1.06872
2013.03.22 00:47:16.747,1.06846,1.06871
2013.03.22 00:47:17.298,1.06846,1.0687
2013.03.22 00:47:17.358,1.06847,1.06871
2013.03.22 00:47:17.907,1.06847,1.06871
2013.03.22 00:47:26.347,1.06847,1.06871
2013.03.22 00:47:26.876,1.06846,1.06871
2013.03.22 00:47:28.927,1.06844,1.0687
2013.03.22 00:47:30.622,1.06842,1.06864
2013.03.22 00:47:31.158,1.06843,1.06868
2013.03.22 00:47:31.456,1.06843,1.06868
2013.03.22 00:47:36.396,1.06844,1.06868
2013.03.22 00:47:38.548,1.06846,1.0687
2013.03.22 00:47:40.943,1.06844,1.06869
2013.03.22 00:47:50.117,1.06846,1.06871
2013.03.22 00:48:07.568,1.06847,1.06872
2013.03.22 00:48:08.152,1.06847,1.0687
2013.03.22 00:48:08.406,1.06841,1.06866
2013.03.22 00:48:09.086,1.06841,1.06866
2013.03.22 00:48:10.177,1.06841,1.06866
2013.03.22 00:48:10.297,1.06843,1.06868
2013.03.22 00:48:10.847,1.06842,1.06866
2013.03.22 00:48:11.553,1.06841,1.06865
2013.03.22 00:48:14.726,1.06841,1.06865
2013.03.22 00:48:17.272,1.06841,1.06865
2013.03.22 00:48:17.967,1.06843,1.06865
2013.03.22 00:48:18.328,1.06845,1.0687
2013.03.22 00:48:22.897,1.06846,1.06872
2013.03.22 00:48:23.207,1.06847,1.06873
2013.03.22 00:48:23.566,1.06849,1.06873
2013.03.22 00:48:26.071,1.06847,1.06873
2013.03.22 00:48:26.257,1.06846,1.06873
2013.03.22 00:48:27.218,1.06846,1.0687
2013.03.22 00:48:27.301,1.06844,1.06869
2013.03.22 00:48:27.816,1.06841,1.06866
2013.03.22 00:48:27.876,1.06841,1.06868
2013.03.22 00:48:31.176,1.06842,1.06868
2013.03.22 00:48:37.096,1.06841,1.06866
2013.03.22 00:48:37.731,1.06841,1.06866
2013.03.22 00:48:38.896,1.06842,1.06866
2013.03.22 00:48:44.179,1.06841,1.06866
2013.03.22 00:48:44.677,1.06837,1.06863
2013.03.22 00:48:44.737,1.06837,1.06863
2013.03.22 00:48:47.436,1.06837,1.06861
2013.03.22 00:48:47.870,1.06837,1.0686
2013.03.22 00:48:48.099,1.06837,1.06861
2013.03.22 00:48:48.702,1.06837,1.06861
2013.03.22 00:48:49.106,1.06837,1.06859
2013.03.22 00:48:49.851,1.06837,1.06861
2013.03.22 00:48:50.360,1.06837,1.06861
2013.03.22 00:48:50.547,1.06841,1.06865
2013.03.22 00:48:51.026,1.06842,1.06868
2013.03.22 00:48:51.280,1.06842,1.06868
2013.03.22 00:48:51.516,1.06847,1.06872
2013.03.22 00:48:51.608,1.06847,1.06872
2013.03.22 00:49:01.812,1.06846,1.06872
2013.03.22 00:49:02.187,1.06846,1.06869
2013.03.22 00:49:02.247,1.06841,1.06868
2013.03.22 00:49:02.308,1.06841,1.06867
2013.03.22 00:49:02.967,1.06841,1.06867
2013.03.22 00:49:03.147,1.06841,1.06864
2013.03.22 00:49:10.067,1.06841,1.06867
2013.03.22 00:49:10.656,1.06841,1.06867
2013.03.22 00:49:11.218,1.06839,1.06864
2013.03.22 00:49:14.130,1.06841,1.06867
2013.03.22 00:49:14.706,1.06841,1.06867
2013.03.22 00:49:15.682,1.06836,1.06863
2013.03.22 00:49:16.509,1.06838,1.06863
2013.03.22 00:49:21.341,1.06838,1.06862
2013.03.22 00:49:21.468,1.06836,1.06862
2013.03.22 00:49:26.843,1.06836,1.06862
2013.03.22 00:49:27.088,1.06837,1.06863
2013.03.22 00:49:27.207,1.06841,1.06864
2013.03.22 00:49:27.688,1.06842,1.06865
2013.03.22 00:49:28.109,1.06843,1.06869
2013.03.22 00:49:47.147,1.06844,1.06869
2013.03.22 00:49:49.456,1.06844,1.06871
2013.03.22 00:49:49.852,1.06844,1.0687
2013.03.22 00:49:50.257,1.06846,1.0687
2013.03.22 00:49:51.548,1.06844,1.0687
2013.03.22 00:49:56.876,1.06843,1.0687
2013.03.22 00:50:02.138,1.06843,1.0687
2013.03.22 00:50:02.396,1.06844,1.06869
2013.03.22 00:50:24.529,1.06846,1.06869
2013.03.22 00:50:27.226,1.06843,1.06869
2013.03.22 00:51:03.867,1.06845,1.06869
2013.03.22 00:51:08.987,1.06846,1.06872
2013.03.22 00:51:09.550,1.06846,1.06869
2013.03.22 00:51:09.737,1.06845,1.06869
2013.03.22 00:51:11.878,1.06843,1.06864
2013.03.22 00:51:11.938,1.06841,1.06864
2013.03.22 00:51:12.058,1.06841,1.06864
2013.03.22 00:51:12.299,1.06844,1.06864
2013.03.22 00:51:12.659,1.06845,1.06869
2013.03.22 00:51:19.356,1.06845,1.06869
2013.03.22 00:51:21.177,1.06843,1.06869
2013.03.22 00:51:32.694,1.06843,1.06869
2013.03.22 00:51:45.809,1.06839,1.06865
2013.03.22 00:51:46.047,1.06837,1.06864
2013.03.22 00:51:46.352,1.06837,1.06864
2013.03.22 00:51:47.037,1.06837,1.06864
2013.03.22 00:51:53.267,1.06839,1.06864
2013.03.22 00:51:53.629,1.06835,1.06859
2013.03.22 00:51:58.259,1.06836,1.06859
2013.03.22 00:52:06.938,1.06836,1.06863
2013.03.22 00:52:07.778,1.06836,1.06863
2013.03.22 00:52:08.057,1.06835,1.06859
2013.03.22 00:52:08.117,1.06835,1.06859
2013.03.22 00:52:11.629,1.06836,1.06859
2013.03.22 00:52:14.088,1.06837,1.06862
2013.03.22 00:52:14.579,1.06838,1.06863
2013.03.22 00:52:20.597,1.06839,1.06863
2013.03.22 00:52:29.177,1.06836,1.06858
2013.03.22 00:52:29.359,1.06835,1.06858
2013.03.22 00:52:29.417,1.06833,1.06858
2013.03.22 00:52:30.157,1.06834,1.06859
2013.03.22 00:52:30.337,1.06834,1.06859
2013.03.22 00:52:30.457,1.06832,1.06854
2013.03.22 00:52:30.518,1.06832,1.06853
2013.03.22 00:52:30.817,1.06833,1.06859
2013.03.22 00:52:31.118,1.06833,1.06858
2013.03.22 00:52:31.357,1.06833,1.06859
2013.03.22 00:52:36.527,1.06834,1.06859
2013.03.22 00:52:43.808,1.06834,1.06858
2013.03.22 00:52:44.117,1.06828,1.06849
2013.03.22 00:52:44.178,1.06828,1.0685
2013.03.22 00:52:44.357,1.06828,1.0685
2013.03.22 00:52:46.117,1.06827,1.06849
2013.03.22 00:52:53.567,1.06828,1.06853
2013.03.22 00:52:53.937,1.06827,1.06853
2013.03.22 00:52:54.487,1.06827,1.06849
2013.03.22 00:52:54.728,1.06826,1.06849
2013.03.22 00:52:54.788,1.06823,1.06849
2013.03.22 00:52:54.907,1.06823,1.06845
2013.03.22 00:52:57.489,1.06822,1.06847
2013.03.22 00:53:01.868,1.06823,1.06848
2013.03.22 00:53:02.107,1.06827,1.06848
2013.03.22 00:53:02.228,1.06827,1.0685
2013.03.22 00:53:03.028,1.06832,1.06854
2013.03.22 00:53:03.328,1.06826,1.06853
2013.03.22 00:53:03.847,1.06828,1.06853
2013.03.22 00:53:06.358,1.06827,1.06853
2013.03.22 00:53:18.138,1.06829,1.06853
2013.03.22 00:53:18.678,1.06831,1.06855
2013.03.22 00:53:19.179,1.06832,1.06857
2013.03.22 00:53:21.897,1.0683,1.06855
2013.03.22 00:53:22.017,1.06829,1.06853
2013.03.22 00:53:24.048,1.06829,1.06854
2013.03.22 00:53:25.018,1.06828,1.06854
2013.03.22 00:53:25.978,1.06827,1.06853
2013.03.22 00:53:26.577,1.06828,1.06854
2013.03.22 00:53:27.142,1.06828,1.06853
2013.03.22 00:53:28.217,1.06828,1.06852
2013.03.22 00:53:28.917,1.06829,1.06854
2013.03.22 00:53:29.037,1.06832,1.06858
2013.03.22 00:53:29.097,1.06833,1.06859
2013.03.22 00:53:29.588,1.06832,1.06859
2013.03.22 00:53:29.902,1.06833,1.06859
2013.03.22 00:53:33.907,1.06833,1.06859
2013.03.22 00:53:34.268,1.06832,1.06854
2013.03.22 00:53:35.889,1.06832,1.06854
2013.03.22 00:53:37.816,1.06832,1.06854
2013.03.22 00:53:38.357,1.06829,1.0685
2013.03.22 00:53:38.417,1.06827,1.0685
2013.03.22 00:53:38.541,1.06826,1.06849
2013.03.22 00:53:39.097,1.06827,1.06849
2013.03.22 00:53:39.157,1.06828,1.06853
2013.03.22 00:53:39.407,1.06828,1.06853
2013.03.22 00:53:40.835,1.06828,1.06853
2013.03.22 00:53:41.117,1.06827,1.06853
2013.03.22 00:53:41.957,1.06829,1.06853
2013.03.22 00:53:43.550,1.06829,1.06854
2013.03.22 00:53:43.667,1.06827,1.0685
2013.03.22 00:53:57.537,1.06824,1.06848
2013.03.22 00:54:03.607,1.06822,1.06838
2013.03.22 00:54:03.790,1.06813,1.06834
2013.03.22 00:54:04.565,1.0681,1.06833
2013.03.22 00:54:04.645,1.06813,1.06837
2013.03.22 00:54:05.017,1.06816,1.06839
2013.03.22 00:54:09.941,1.06816,1.06841
2013.03.22 00:54:11.659,1.06812,1.06835
2013.03.22 00:54:11.778,1.06811,1.06834
2013.03.22 00:54:12.359,1.06809,1.06834
2013.03.22 00:54:13.097,1.06811,1.06837
2013.03.22 00:54:13.637,1.06812,1.06837
2013.03.22 00:54:14.861,1.06811,1.06835
2013.03.22 00:54:15.296,1.06811,1.06837
2013.03.22 00:54:15.667,1.06813,1.06837
2013.03.22 00:54:16.087,1.06816,1.06837
2013.03.22 00:54:17.225,1.06813,1.0684
2013.03.22 00:54:20.168,1.06816,1.06839
2013.03.22 00:54:20.822,1.06816,1.0684
2013.03.22 00:54:21.618,1.06816,1.0684
2013.03.22 00:54:22.173,1.06813,1.0684
2013.03.22 00:54:23.967,1.06816,1.0684
2013.03.22 00:54:25.085,1.06813,1.0684
2013.03.22 00:54:25.927,1.06816,1.0684
2013.03.22 00:54:26.170,1.06817,1.0684
2013.03.22 00:54:27.817,1.06817,1.0684
2013.03.22 00:54:29.618,1.06817,1.06842
2013.03.22 00:54:30.157,1.06816,1.0684
2013.03.22 00:54:31.087,1.06816,1.0684
2013.03.22 00:54:31.626,1.06815,1.0684
2013.03.22 00:54:32.136,1.06815,1.0684
2013.03.22 00:54:32.499,1.06816,1.0684
2013.03.22 00:54:33.107,1.06816,1.0684
2013.03.22 00:54:33.168,1.06813,1.06838
2013.03.22 00:54:33.713,1.06812,1.06838
2013.03.22 00:54:34.417,1.06812,1.06838
2013.03.22 00:54:39.066,1.06813,1.06836
2013.03.22 00:54:39.367,1.06808,1.06833
2013.03.22 00:54:39.907,1.06805,1.06831
2013.03.22 00:54:40.845,1.06804,1.06831
2013.03.22 00:54:42.331,1.06804,1.06828
2013.03.22 00:54:42.457,1.06802,1.06823
2013.03.22 00:54:42.517,1.06802,1.06823
2013.03.22 00:54:43.057,1.06798,1.06823
2013.03.22 00:54:43.477,1.06801,1.06827
2013.03.22 00:54:44.077,1.06801,1.06825
2013.03.22 00:54:44.256,1.06801,1.06824
2013.03.22 00:54:44.557,1.06794,1.06818
2013.03.22 00:54:44.677,1.06795,1.06818
2013.03.22 00:54:45.097,1.06795,1.06821
2013.03.22 00:54:45.757,1.06795,1.0682
2013.03.22 00:54:45.816,1.06794,1.06818
2013.03.22 00:54:46.357,1.06792,1.06818
2013.03.22 00:54:46.669,1.06792,1.06813
2013.03.22 00:54:46.787,1.06789,1.06813
2013.03.22 00:54:47.347,1.06791,1.06813
2013.03.22 00:54:47.827,1.06788,1.06813
2013.03.22 00:54:47.889,1.06788,1.06811
2013.03.22 00:54:48.198,1.06785,1.06805
2013.03.22 00:54:48.317,1.06787,1.0681
2013.03.22 00:54:48.378,1.06788,1.06811
2013.03.22 00:54:48.682,1.06793,1.06815
2013.03.22 00:54:48.930,1.06793,1.06817
2013.03.22 00:54:49.047,1.06793,1.06818
2013.03.22 00:54:49.107,1.06793,1.06817
2013.03.22 00:54:50.039,1.0679,1.06814
2013.03.22 00:54:50.517,1.06789,1.06814
2013.03.22 00:54:51.043,1.06789,1.06814
2013.03.22 00:54:52.167,1.06789,1.06813
2013.03.22 00:54:55.720,1.06788,1.06809
2013.03.22 00:54:55.799,1.06783,1.06803
2013.03.22 00:54:55.987,1.06783,1.06807
2013.03.22 00:54:56.108,1.06783,1.06805
2013.03.22 00:54:56.447,1.06783,1.06803
2013.03.22 00:54:56.858,1.06781,1.06804
2013.03.22 00:55:00.330,1.06783,1.06805
2013.03.22 00:55:00.689,1.06785,1.0681
2013.03.22 00:55:00.868,1.06785,1.06808
2013.03.22 00:55:00.929,1.06785,1.06807
2013.03.22 00:55:01.049,1.06782,1.06807
2013.03.22 00:55:01.107,1.06782,1.06805
2013.03.22 00:55:01.440,1.06788,1.06808
2013.03.22 00:55:01.739,1.0679,1.0681
2013.03.22 00:55:01.918,1.06791,1.06813
2013.03.22 00:55:01.977,1.06791,1.06813
2013.03.22 00:55:02.717,1.0679,1.06813
2013.03.22 00:55:02.897,1.06786,1.0681
2013.03.22 00:55:03.377,1.06787,1.0681
2013.03.22 00:55:03.917,1.06788,1.06813
2013.03.22 00:55:04.527,1.06791,1.06814
2013.03.22 00:55:04.928,1.06788,1.06813
2013.03.22 00:55:05.048,1.06787,1.06811
2013.03.22 00:55:05.531,1.06789,1.06812
2013.03.22 00:55:06.077,1.06789,1.06814
2013.03.22 00:55:07.867,1.06792,1.06814
2013.03.22 00:55:08.047,1.06793,1.06815
2013.03.22 00:55:08.411,1.06795,1.06821
2013.03.22 00:55:08.478,1.06797,1.06823
2013.03.22 00:55:08.600,1.06801,1.06825
2013.03.22 00:55:08.779,1.06806,1.06829
2013.03.22 00:55:08.837,1.06806,1.06831
2013.03.22 00:55:09.317,1.06805,1.06827
2013.03.22 00:55:09.627,1.06799,1.06824
2013.03.22 00:55:09.937,1.06802,1.06823
2013.03.22 00:55:11.117,1.06802,1.06822
2013.03.22 00:55:11.664,1.06799,1.06823
2013.03.22 00:55:14.107,1.06802,1.06827
2013.03.22 00:55:14.348,1.06806,1.06829
2013.03.22 00:55:15.087,1.06806,1.06829
2013.03.22 00:55:16.117,1.06806,1.06829
2013.03.22 00:55:20.518,1.06806,1.06831
2013.03.22 00:55:21.377,1.06807,1.06833
2013.03.22 00:55:22.846,1.06808,1.06833
2013.03.22 00:55:23.957,1.06808,1.06833
2013.03.22 00:55:28.407,1.06808,1.06833
2013.03.22 00:55:29.088,1.06808,1.06832
2013.03.22 00:55:29.628,1.06806,1.06829
2013.03.22 00:55:30.608,1.06806,1.06829
2013.03.22 00:55:31.177,1.06808,1.0683
2013.03.22 00:55:31.497,1.06808,1.06832
2013.03.22 00:55:31.797,1.06808,1.06832
2013.03.22 00:55:32.367,1.06808,1.06832
2013.03.22 00:55:32.638,1.0681,1.06832
2013.03.22 00:55:34.127,1.06811,1.06834
2013.03.22 00:55:34.367,1.06811,1.06836
2013.03.22 00:55:36.009,1.06811,1.06836
2013.03.22 00:55:36.127,1.06811,1.06834
2013.03.22 00:55:36.978,1.06811,1.06835
2013.03.22 00:55:37.719,1.06811,1.06836
2013.03.22 00:55:38.130,1.06812,1.06835
2013.03.22 00:55:38.838,1.06814,1.06835
2013.03.22 00:55:39.378,1.06815,1.06838
2013.03.22 00:55:41.388,1.06815,1.0684
2013.03.22 00:55:41.978,1.06813,1.06835
2013.03.22 00:55:44.637,1.06811,1.06835
2013.03.22 00:55:44.937,1.0681,1.06834
2013.03.22 00:55:46.097,1.0681,1.06835
2013.03.22 00:55:53.887,1.06811,1.06835
2013.03.22 00:55:55.561,1.06811,1.06834
2013.03.22 00:55:57.114,1.0681,1.06834
2013.03.22 00:56:01.418,1.06809,1.06835
2013.03.22 00:56:12.107,1.06809,1.06834
2013.03.22 00:56:12.657,1.06808,1.06834
2013.03.22 00:56:16.844,1.06809,1.06835
2013.03.22 00:56:20.557,1.0681,1.06835
2013.03.22 00:56:23.771,1.06809,1.06835
2013.03.22 00:56:26.988,1.06809,1.06835
2013.03.22 00:56:29.887,1.06811,1.06835
2013.03.22 00:56:36.558,1.06809,1.06835
2013.03.22 00:56:36.617,1.06809,1.06835
2013.03.22 00:56:41.378,1.06809,1.06835
2013.03.22 00:56:49.559,1.06811,1.06835
2013.03.22 00:56:51.557,1.06811,1.06835
2013.03.22 00:56:53.863,1.06811,1.06835
2013.03.22 00:56:54.868,1.06811,1.06835
2013.03.22 00:56:54.928,1.06811,1.06835
2013.03.22 00:56:56.804,1.06812,1.06837
2013.03.22 00:56:59.108,1.06812,1.06835
2013.03.22 00:57:04.897,1.06812,1.06836
2013.03.22 00:57:06.608,1.06812,1.06836
2013.03.22 00:57:08.168,1.06812,1.06836
2013.03.22 00:57:10.315,1.06811,1.06836
2013.03.22 00:57:11.657,1.0681,1.06834
2013.03.22 00:57:11.718,1.06807,1.0683
2013.03.22 00:57:11.788,1.06804,1.0683
2013.03.22 00:57:13.925,1.06803,1.06828
2013.03.22 00:57:15.117,1.06804,1.06828
2013.03.22 00:57:15.477,1.06808,1.06833
2013.03.22 00:57:28.466,1.06809,1.06833
2013.03.22 00:57:28.777,1.06804,1.06831
2013.03.22 00:57:31.167,1.06805,1.06829
2013.03.22 00:57:34.471,1.06805,1.0683
2013.03.22 00:57:39.097,1.06805,1.0683
2013.03.22 00:57:57.913,1.06804,1.06828
2013.03.22 00:58:15.307,1.06805,1.06829
2013.03.22 00:58:19.167,1.06805,1.06829
2013.03.22 00:58:19.378,1.06804,1.06829
2013.03.22 00:58:29.207,1.06802,1.06829
2013.03.22 00:58:29.887,1.06803,1.06829
2013.03.22 00:58:30.127,1.06805,1.06829
2013.03.22 00:58:30.247,1.06808,1.06829
2013.03.22 00:58:30.548,1.06812,1.06834
2013.03.22 00:58:30.908,1.06815,1.06839
2013.03.22 00:58:31.665,1.06815,1.06839
2013.03.22 00:58:42.357,1.06817,1.06839
2013.03.22 00:58:42.635,1.06816,1.06839
2013.03.22 00:59:02.186,1.06816,1.06839
2013.03.22 00:59:03.758,1.06819,1.06843
2013.03.22 00:59:07.457,1.06818,1.06842
2013.03.22 00:59:12.874,1.06819,1.06844
2013.03.22 00:59:12.997,1.06821,1.06844
2013.03.22 00:59:13.057,1.06822,1.06844
2013.03.22 00:59:13.848,1.06822,1.06848
2013.03.22 00:59:14.327,1.06823,1.06849
2013.03.22 00:59:15.823,1.06827,1.06849
2013.03.22 00:59:17.752,1.06827,1.06849
2013.03.22 00:59:17.937,1.06823,1.06847
2013.03.22 00:59:18.440,1.06821,1.06844
2013.03.22 00:59:18.558,1.06823,1.06848
2013.03.22 00:59:20.621,1.06822,1.06847
2013.03.22 00:59:20.947,1.06823,1.06848
2013.03.22 00:59:38.407,1.06824,1.06848
2013.03.22 00:59:43.851,1.06821,1.06848
2013.03.22 00:59:45.028,1.06823,1.06848
2013.03.22 00:59:47.227,1.06824,1.06848
2013.03.22 00:59:48.038,1.06824,1.06846
2013.03.22 00:59:48.377,1.06821,1.06846
2013.03.22 00:59:48.768,1.06823,1.06846
2013.03.22 00:59:50.539,1.06823,1.06846
2013.03.22 00:59:51.440,1.06822,1.06846
2013.03.22 00:59:52.913,1.0682,1.06843
2013.03.22 00:59:52.985,1.06817,1.06842
2013.03.22 00:59:53.287,1.06815,1.0684
2013.03.22 00:59:57.097,1.06815,1.06842
2013.03.22 00:59:57.663,1.06815,1.0684
2013.03.22 01:00:03.157,1.06815,1.06839
2013.03.22 01:00:03.747,1.06817,1.06842
2013.03.22 01:00:05.027,1.06815,1.0684
2013.03.22 01:00:34.597,1.06816,1.06839
2013.03.22 01:00:35.198,1.06813,1.06839
2013.03.22 01:00:37.588,1.06815,1.06839
2013.03.22 01:00:55.261,1.06817,1.0684
2013.03.22 01:00:58.010,1.06817,1.0684
2013.03.22 01:01:01.708,1.06817,1.0684
2013.03.22 01:01:03.099,1.06816,1.0684
2013.03.22 01:01:07.428,1.06817,1.06843
2013.03.22 01:01:07.667,1.06818,1.0684
2013.03.22 01:01:09.518,1.06817,1.0684
2013.03.22 01:01:11.157,1.06817,1.0684
2013.03.22 01:01:11.398,1.06822,1.06844
2013.03.22 01:01:11.577,1.06822,1.06846
2013.03.22 01:01:11.698,1.06821,1.06846
2013.03.22 01:01:11.758,1.06823,1.06846
2013.03.22 01:01:12.178,1.06824,1.06848
2013.03.22 01:01:12.726,1.06826,1.06848
2013.03.22 01:01:15.147,1.06823,1.06846
2013.03.22 01:01:15.209,1.06821,1.06846
2013.03.22 01:01:15.688,1.06817,1.06843
2013.03.22 01:01:19.847,1.06822,1.06843
2013.03.22 01:01:21.247,1.06818,1.06843
2013.03.22 01:01:21.588,1.06818,1.06844
2013.03.22 01:01:24.979,1.0682,1.06844
2013.03.22 01:01:33.192,1.06821,1.06845
2013.03.22 01:01:35.478,1.06821,1.06848
2013.03.22 01:01:38.100,1.06823,1.06848
2013.03.22 01:01:47.550,1.06824,1.06845
2013.03.22 01:01:47.670,1.06821,1.06845
2013.03.22 01:01:48.124,1.06822,1.06845
2013.03.22 01:01:48.308,1.06823,1.06848
2013.03.22 01:01:49.648,1.06823,1.06848
2013.03.22 01:02:03.940,1.06823,1.06849
2013.03.22 01:02:08.349,1.06822,1.06848
2013.03.22 01:02:14.358,1.06823,1.06848
2013.03.22 01:02:24.387,1.06823,1.06846
2013.03.22 01:02:25.159,1.06821,1.06846
2013.03.22 01:02:27.818,1.06821,1.06846
2013.03.22 01:02:28.959,1.06821,1.06848
2013.03.22 01:02:29.398,1.0682,1.06845
2013.03.22 01:02:29.518,1.06817,1.06842
2013.03.22 01:02:29.827,1.06816,1.06842
2013.03.22 01:02:30.019,1.06818,1.06843
2013.03.22 01:02:32.888,1.06821,1.06843
2013.03.22 01:02:32.948,1.06821,1.06847
2013.03.22 01:02:33.509,1.06822,1.06848
2013.03.22 01:02:37.640,1.06823,1.06848
2013.03.22 01:02:42.098,1.06822,1.06848
2013.03.22 01:02:43.288,1.06821,1.06844
2013.03.22 01:02:45.258,1.06822,1.06847
2013.03.22 01:02:54.649,1.06823,1.06848
2013.03.22 01:03:03.369,1.06826,1.06848
2013.03.22 01:03:03.607,1.06828,1.06852
2013.03.22 01:03:03.668,1.06832,1.06852
2013.03.22 01:03:03.849,1.06834,1.06858
2013.03.22 01:03:04.388,1.06833,1.06858
2013.03.22 01:03:04.688,1.06831,1.06857
2013.03.22 01:03:05.319,1.06832,1.06859
2013.03.22 01:03:06.548,1.06832,1.06856
2013.03.22 01:03:06.608,1.06831,1.06855
2013.03.22 01:03:06.729,1.0683,1.06854
2013.03.22 01:03:07.972,1.06831,1.06854
2013.03.22 01:03:08.509,1.06832,1.06857
2013.03.22 01:03:09.228,1.0683,1.06855
2013.03.22 01:03:09.348,1.06828,1.06855
2013.03.22 01:03:09.408,1.0683,1.06855
2013.03.22 01:03:09.528,1.0683,1.06855
2013.03.22 01:03:10.068,1.0683,1.06855
2013.03.22 01:03:11.768,1.06826,1.0685
2013.03.22 01:03:14.318,1.06827,1.06853
2013.03.22 01:03:18.721,1.06827,1.0685
2013.03.22 01:03:19.378,1.06832,1.06855
2013.03.22 01:03:23.847,1.06832,1.06857
2013.03.22 01:03:35.847,1.06833,1.06859
2013.03.22 01:03:40.798,1.06835,1.0686
2013.03.22 01:03:41.117,1.06835,1.06859
2013.03.22 01:03:41.298,1.06831,1.06857
2013.03.22 01:03:47.199,1.06831,1.06858
2013.03.22 01:03:57.847,1.06832,1.06859
2013.03.22 01:03:59.682,1.06831,1.06854
2013.03.22 01:03:59.748,1.06831,1.06857
2013.03.22 01:04:00.430,1.06831,1.06857
2013.03.22 01:04:01.088,1.06831,1.06857
2013.03.22 01:04:06.950,1.06831,1.06857
2013.03.22 01:04:09.380,1.06833,1.06857
2013.03.22 01:04:10.165,1.06837,1.0686
2013.03.22 01:04:46.789,1.06836,1.06858
2013.03.22 01:05:05.160,1.06836,1.0686
2013.03.22 01:05:09.629,1.06835,1.0686
2013.03.22 01:05:11.597,1.06836,1.0686
2013.03.22 01:05:11.658,1.06836,1.06858
2013.03.22 01:05:15.340,1.06833,1.06857
2013.03.22 01:05:18.689,1.06831,1.06856
2013.03.22 01:05:21.760,1.06831,1.06856
2013.03.22 01:05:28.339,1.06831,1.06856
2013.03.22 01:05:29.149,1.06833,1.06857
2013.03.22 01:05:34.150,1.06835,1.06858
2013.03.22 01:05:34.653,1.06835,1.06859
2013.03.22 01:05:38.886,1.06835,1.06859
2013.03.22 01:05:39.557,1.06835,1.06859
2013.03.22 01:05:39.638,1.06836,1.06862
2013.03.22 01:05:39.759,1.06839,1.06866
2013.03.22 01:05:40.118,1.06839,1.06865
2013.03.22 01:05:40.478,1.06836,1.0686
2013.03.22 01:05:40.919,1.06836,1.06862
2013.03.22 01:05:41.099,1.06838,1.06864
2013.03.22 01:05:41.342,1.06838,1.06863
2013.03.22 01:05:41.468,1.06837,1.06861
2013.03.22 01:05:41.650,1.06834,1.0686
2013.03.22 01:05:54.006,1.06834,1.06861
2013.03.22 01:06:03.840,1.06832,1.06858
2013.03.22 01:06:05.520,1.06834,1.06858
2013.03.22 01:06:14.288,1.06832,1.06858
2013.03.22 01:06:21.528,1.06831,1.06858
2013.03.22 01:06:31.158,1.06835,1.06858
2013.03.22 01:06:43.649,1.06835,1.06861
2013.03.22 01:06:43.708,1.06836,1.06861
2013.03.22 01:06:44.552,1.06838,1.06863
2013.03.22 01:06:44.869,1.06837,1.06862
2013.03.22 01:06:45.470,1.06836,1.06862
2013.03.22 01:06:47.710,1.06837,1.06863
2013.03.22 01:06:49.696,1.06837,1.06863
2013.03.22 01:06:50.644,1.06838,1.06863
2013.03.22 01:06:51.368,1.06841,1.06866
2013.03.22 01:06:51.634,1.06842,1.06867
2013.03.22 01:06:56.197,1.06842,1.06868
2013.03.22 01:07:00.568,1.06842,1.06869
2013.03.22 01:07:00.749,1.06843,1.06869
2013.03.22 01:07:00.989,1.06841,1.06867
2013.03.22 01:07:07.365,1.0684,1.06867
2013.03.22 01:07:09.179,1.06841,1.06867
2013.03.22 01:07:10.573,1.06842,1.06869
2013.03.22 01:07:11.333,1.06843,1.0687
2013.03.22 01:07:17.064,1.06842,1.06869
2013.03.22 01:07:18.824,1.06843,1.06868
2013.03.22 01:07:20.848,1.06844,1.0687
2013.03.22 01:07:23.770,1.06848,1.06874
2013.03.22 01:07:24.323,1.06847,1.06872
2013.03.22 01:07:24.688,1.06845,1.06869
2013.03.22 01:07:26.338,1.06843,1.06869
2013.03.22 01:07:27.139,1.06843,1.06868
2013.03.22 01:07:27.678,1.06841,1.06865
2013.03.22 01:07:34.639,1.06843,1.06868
2013.03.22 01:07:34.938,1.06843,1.06868
2013.03.22 01:07:36.219,1.06842,1.06868
2013.03.22 01:07:36.278,1.0684,1.06865
2013.03.22 01:07:45.970,1.06841,1.06865
2013.03.22 01:07:47.164,1.06841,1.06865
2013.03.22 01:07:50.348,1.06841,1.06865
2013.03.22 01:07:50.589,1.06844,1.06869
2013.03.22 01:07:51.879,1.06842,1.06868
2013.03.22 01:07:52.000,1.06841,1.06868
2013.03.22 01:07:57.595,1.06842,1.06868
2013.03.22 01:07:58.531,1.06844,1.06868
2013.03.22 01:08:04.029,1.06842,1.06866
2013.03.22 01:08:07.063,1.06842,1.06866
2013.03.22 01:08:07.189,1.06844,1.06868
2013.03.22 01:08:07.249,1.06844,1.06869
2013.03.22 01:08:10.190,1.06844,1.06869
2013.03.22 01:08:10.248,1.06842,1.06869
2013.03.22 01:08:10.786,1.06842,1.06867
2013.03.22 01:08:12.587,1.06842,1.06867
2013.03.22 01:08:12.708,1.06845,1.06869
2013.03.22 01:08:16.368,1.06846,1.06871
2013.03.22 01:08:16.548,1.06848,1.06873
2013.03.22 01:08:16.789,1.06849,1.06875
2013.03.22 01:08:17.761,1.06849,1.06875
2013.03.22 01:08:19.839,1.0685,1.06876
2013.03.22 01:08:20.860,1.06851,1.06875
2013.03.22 01:08:21.161,1.0685,1.06875
2013.03.22 01:08:24.690,1.06851,1.06875
2013.03.22 01:08:28.368,1.0685,1.06875
2013.03.22 01:08:28.429,1.06848,1.06874
2013.03.22 01:08:28.728,1.06845,1.0687
2013.03.22 01:08:28.908,1.06844,1.06869
2013.03.22 01:08:29.460,1.06841,1.06865
2013.03.22 01:08:32.043,1.06841,1.06866
2013.03.22 01:08:40.815,1.06843,1.06866
2013.03.22 01:08:41.308,1.06842,1.06866
2013.03.22 01:08:41.679,1.06841,1.06866
2013.03.22 01:08:42.060,1.06841,1.06866
2013.03.22 01:08:42.659,1.06841,1.06866
2013.03.22 01:08:46.630,1.06842,1.06866
2013.03.22 01:08:48.979,1.06844,1.06868
2013.03.22 01:08:49.039,1.06844,1.06869
2013.03.22 01:08:55.852,1.06842,1.06868
2013.03.22 01:08:56.208,1.06844,1.06868
2013.03.22 01:08:59.729,1.06845,1.06868
2013.03.22 01:09:01.710,1.06842,1.06868
2013.03.22 01:09:02.188,1.06839,1.06862
2013.03.22 01:09:02.738,1.06836,1.06862
2013.03.22 01:09:03.148,1.06836,1.06861
2013.03.22 01:09:03.677,1.06836,1.06859
2013.03.22 01:09:17.119,1.06832,1.06859
2013.03.22 01:09:17.478,1.0683,1.06854
2013.03.22 01:09:17.959,1.06825,1.06851
2013.03.22 01:09:18.079,1.06825,1.06849
2013.03.22 01:09:18.319,1.06827,1.06851
2013.03.22 01:09:22.169,1.06832,1.06853
2013.03.22 01:09:22.229,1.06833,1.06858
2013.03.22 01:09:22.409,1.06833,1.06857
2013.03.22 01:09:22.729,1.06832,1.06855
2013.03.22 01:09:23.297,1.06832,1.06855
2013.03.22 01:09:24.140,1.06832,1.06855
2013.03.22 01:09:24.699,1.06832,1.06855
2013.03.22 01:09:25.013,1.06828,1.06853
2013.03.22 01:09:25.269,1.06827,1.06852
2013.03.22 01:09:26.938,1.06824,1.0685
2013.03.22 01:09:27.328,1.06824,1.06848
2013.03.22 01:09:28.278,1.06822,1.06844
2013.03.22 01:09:28.700,1.06824,1.06848
2013.03.22 01:09:29.853,1.06825,1.06848
2013.03.22 01:09:30.229,1.06825,1.06848
2013.03.22 01:09:33.409,1.06827,1.06852
2013.03.22 01:09:34.039,1.06827,1.06852
2013.03.22 01:09:34.639,1.06827,1.06852
2013.03.22 01:09:34.939,1.06831,1.06854
2013.03.22 01:09:42.460,1.06829,1.06854
2013.03.22 01:09:49.869,1.06829,1.06856
2013.03.22 01:09:50.180,1.06833,1.06856
2013.03.22 01:09:50.419,1.06833,1.06858
2013.03.22 01:09:51.018,1.06836,1.06859
2013.03.22 01:09:51.572,1.06839,1.0686
2013.03.22 01:09:52.099,1.0684,1.06863
2013.03.22 01:09:52.279,1.06839,1.06863
2013.03.22 01:09:52.889,1.06839,1.06864
2013.03.22 01:09:57.178,1.06839,1.06863
2013.03.22 01:09:57.479,1.06839,1.06864
2013.03.22 01:09:57.598,1.06839,1.06864
2013.03.22 01:09:57.958,1.06844,1.06866
2013.03.22 01:10:01.669,1.06844,1.06865
2013.03.22 01:10:01.969,1.06845,1.06868
2013.03.22 01:10:02.092,1.06848,1.06871
2013.03.22 01:10:03.319,1.06849,1.06874
2013.03.22 01:10:03.798,1.06846,1.0687
2013.03.22 01:10:03.859,1.06846,1.0687
2013.03.22 01:10:04.348,1.06843,1.06868
2013.03.22 01:10:04.842,1.06843,1.06868
2013.03.22 01:10:07.371,1.06843,1.06868
2013.03.22 01:10:07.549,1.0684,1.06867
2013.03.22 01:10:07.609,1.0684,1.06867
2013.03.22 01:10:11.061,1.0684,1.06866
2013.03.22 01:10:11.130,1.06841,1.06866
2013.03.22 01:10:11.260,1.0684,1.06866
2013.03.22 01:10:14.851,1.06841,1.06867
2013.03.22 01:10:15.292,1.06841,1.06868
2013.03.22 01:10:16.359,1.06841,1.06867
2013.03.22 01:10:16.720,1.06836,1.06861
2013.03.22 01:10:16.779,1.06836,1.06861
2013.03.22 01:10:17.639,1.06835,1.06861
2013.03.22 01:10:18.189,1.06834,1.06859
2013.03.22 01:10:18.478,1.06834,1.06859
2013.03.22 01:10:18.851,1.06834,1.06859
2013.03.22 01:10:22.289,1.06831,1.06856
2013.03.22 01:10:22.859,1.06832,1.06859
2013.03.22 01:10:23.586,1.06832,1.06858
2013.03.22 01:10:25.411,1.06829,1.06856
2013.03.22 01:10:25.782,1.06829,1.06856
2013.03.22 01:10:26.919,1.0683,1.06857
2013.03.22 01:10:26.980,1.06833,1.06859
2013.03.22 01:10:27.260,1.06834,1.06859
2013.03.22 01:10:27.380,1.06834,1.06859
2013.03.22 01:10:29.608,1.06831,1.06856
2013.03.22 01:10:29.738,1.06831,1.06856
2013.03.22 01:10:32.844,1.06831,1.06856
2013.03.22 01:10:38.579,1.06831,1.06857
2013.03.22 01:10:49.838,1.06832,1.06858
2013.03.22 01:10:51.693,1.06831,1.06857
2013.03.22 01:11:00.700,1.06831,1.06856
2013.03.22 01:11:01.210,1.06831,1.06856
2013.03.22 01:11:01.740,1.06831,1.06856
2013.03.22 01:11:03.301,1.0683,1.06856
2013.03.22 01:11:06.259,1.06827,1.06852
2013.03.22 01:11:06.798,1.06827,1.06852
2013.03.22 01:11:07.181,1.06826,1.06852
2013.03.22 01:11:08.751,1.06826,1.06852
2013.03.22 01:11:12.551,1.06826,1.06852
2013.03.22 01:11:17.060,1.06826,1.06852
2013.03.22 01:11:21.609,1.06822,1.06846
2013.03.22 01:11:21.799,1.06822,1.06846
2013.03.22 01:11:22.158,1.06816,1.06842
2013.03.22 01:11:22.339,1.06816,1.06841
2013.03.22 01:11:22.939,1.06816,1.0684
2013.03.22 01:11:35.059,1.06814,1.06838
2013.03.22 01:11:35.120,1.06811,1.06836
2013.03.22 01:11:35.179,1.0681,1.06831
2013.03.22 01:11:35.240,1.06807,1.06831
2013.03.22 01:11:35.359,1.06807,1.0683
2013.03.22 01:11:35.950,1.06807,1.06829
2013.03.22 01:11:36.509,1.06807,1.06829
2013.03.22 01:11:37.179,1.06807,1.06834
2013.03.22 01:11:39.789,1.06807,1.06834
2013.03.22 01:11:43.789,1.06809,1.06834
2013.03.22 01:11:43.909,1.06809,1.06834
2013.03.22 01:11:47.998,1.06812,1.06836
2013.03.22 01:11:48.880,1.06812,1.06838
2013.03.22 01:11:48.998,1.06813,1.06839
2013.03.22 01:11:49.299,1.0681,1.06836
2013.03.22 01:11:49.679,1.06809,1.06833
2013.03.22 01:11:50.080,1.06806,1.06829
2013.03.22 01:11:52.179,1.06804,1.06829
2013.03.22 01:11:52.299,1.06809,1.06834
2013.03.22 01:11:52.439,1.06807,1.06833
2013.03.22 01:11:55.300,1.06809,1.06833
2013.03.22 01:11:56.209,1.06813,1.0684
2013.03.22 01:11:56.389,1.06813,1.0684
2013.03.22 01:11:56.569,1.06816,1.0684
2013.03.22 01:11:56.939,1.06818,1.0684
2013.03.22 01:11:57.550,1.06818,1.06843
2013.03.22 01:11:58.033,1.06816,1.06843
2013.03.22 01:11:58.557,1.06816,1.0684
2013.03.22 01:11:59.452,1.06816,1.06843
2013.03.22 01:11:59.533,1.06821,1.06847
2013.03.22 01:12:00.096,1.0682,1.06845
2013.03.22 01:12:03.624,1.0682,1.06844
2013.03.22 01:12:04.128,1.06816,1.0684
2013.03.22 01:12:05.111,1.06816,1.06843
2013.03.22 01:12:05.171,1.06819,1.06845
2013.03.22 01:12:05.604,1.06818,1.06843
2013.03.22 01:12:06.839,1.06819,1.06843
2013.03.22 01:12:08.549,1.06819,1.06844
2013.03.22 01:12:09.105,1.06818,1.06844
2013.03.22 01:12:10.508,1.06819,1.06845
2013.03.22 01:12:11.080,1.06819,1.06845
2013.03.22 01:12:18.640,1.06813,1.06838
2013.03.22 01:12:18.700,1.06813,1.06838
2013.03.22 01:12:21.309,1.06813,1.06837
2013.03.22 01:12:23.290,1.06813,1.06835
2013.03.22 01:12:23.529,1.06813,1.06837
2013.03.22 01:12:23.889,1.06811,1.06835
2013.03.22 01:12:25.109,1.06811,1.06836
2013.03.22 01:12:26.389,1.06811,1.06836
2013.03.22 01:12:26.509,1.06811,1.06834
2013.03.22 01:12:26.869,1.0681,1.06834
2013.03.22 01:12:26.929,1.06809,1.06834
2013.03.22 01:12:28.730,1.06807,1.06832
2013.03.22 01:12:28.848,1.06807,1.06833
2013.03.22 01:12:29.388,1.06807,1.06834
2013.03.22 01:12:29.694,1.06812,1.06837
2013.03.22 01:12:37.270,1.06811,1.06838
2013.03.22 01:12:39.148,1.06811,1.06834
2013.03.22 01:12:39.749,1.06807,1.06833
2013.03.22 01:12:40.412,1.06807,1.06833
2013.03.22 01:12:41.150,1.06808,1.06833
2013.03.22 01:12:41.909,1.06812,1.06837
2013.03.22 01:12:42.239,1.06812,1.06836
2013.03.22 01:12:43.140,1.06812,1.06837
2013.03.22 01:12:48.839,1.06812,1.06836
2013.03.22 01:12:48.958,1.06812,1.06835
2013.03.22 01:12:51.578,1.06812,1.06835
2013.03.22 01:12:51.759,1.06812,1.06837
2013.03.22 01:12:56.359,1.06816,1.06838
2013.03.22 01:12:56.549,1.06816,1.06838
2013.03.22 01:12:56.909,1.06816,1.06836
2013.03.22 01:12:57.329,1.06812,1.06835
2013.03.22 01:12:57.868,1.06808,1.06833
2013.03.22 01:13:03.680,1.06807,1.06832
2013.03.22 01:13:03.799,1.06806,1.0683
2013.03.22 01:13:07.539,1.06805,1.06829
2013.03.22 01:13:09.727,1.06802,1.06826
2013.03.22 01:13:10.318,1.06802,1.06823
2013.03.22 01:13:18.308,1.06799,1.06824
2013.03.22 01:13:18.458,1.06798,1.06823
2013.03.22 01:13:23.579,1.06796,1.06823
2013.03.22 01:13:24.880,1.06799,1.06823
2013.03.22 01:13:25.963,1.06799,1.0682
2013.03.22 01:13:26.031,1.06796,1.06819
2013.03.22 01:13:28.643,1.06797,1.06818
2013.03.22 01:13:29.620,1.06796,1.06818
2013.03.22 01:13:29.888,1.06796,1.06819
2013.03.22 01:13:30.640,1.06795,1.06819
2013.03.22 01:13:31.498,1.06795,1.06818
2013.03.22 01:13:33.111,1.06795,1.06819
2013.03.22 01:13:36.263,1.06795,1.06818
2013.03.22 01:13:40.589,1.06794,1.06816
2013.03.22 01:13:41.097,1.06794,1.06816
2013.03.22 01:13:50.611,1.06793,1.06814
2013.03.22 01:13:51.155,1.06793,1.06815
2013.03.22 01:13:54.702,1.06793,1.06814
2013.03.22 01:13:56.289,1.06793,1.06814
2013.03.22 01:13:56.409,1.06793,1.06816
2013.03.22 01:13:56.769,1.06796,1.06822
2013.03.22 01:13:59.813,1.06796,1.06822
2013.03.22 01:14:02.623,1.06796,1.06821
2013.03.22 01:14:03.931,1.06796,1.06822
2013.03.22 01:14:04.573,1.06796,1.06822
2013.03.22 01:14:05.090,1.06797,1.06822
2013.03.22 01:14:05.270,1.06801,1.06825
2013.03.22 01:14:15.189,1.06798,1.06823
2013.03.22 01:14:18.599,1.06797,1.06823
2013.03.22 01:14:19.472,1.06797,1.06823
2013.03.22 01:14:20.003,1.06797,1.06823
2013.03.22 01:14:30.909,1.06798,1.06823
2013.03.22 01:14:34.749,1.06797,1.06822
2013.03.22 01:14:35.374,1.06798,1.06823
2013.03.22 01:14:36.969,1.06798,1.06823
2013.03.22 01:14:39.222,1.06798,1.06825
2013.03.22 01:14:42.968,1.06798,1.06823
2013.03.22 01:14:46.550,1.06801,1.06823
2013.03.22 01:14:52.376,1.06801,1.06827
2013.03.22 01:14:52.504,1.06803,1.06829
2013.03.22 01:14:56.038,1.06803,1.06828
2013.03.22 01:14:57.547,1.06801,1.06828
2013.03.22 01:14:58.689,1.06802,1.06825
2013.03.22 01:14:59.213,1.06802,1.06826
2013.03.22 01:15:01.584,1.06802,1.06827
2013.03.22 01:15:01.838,1.06802,1.06827
2013.03.22 01:15:02.178,1.06801,1.06823
2013.03.22 01:15:03.596,1.06803,1.06823
2013.03.22 01:15:03.720,1.06803,1.06828
2013.03.22 01:15:03.839,1.06805,1.06828
2013.03.22 01:15:05.618,1.06805,1.06828
2013.03.22 01:15:08.429,1.06807,1.06831
2013.03.22 01:15:08.668,1.06807,1.06831
2013.03.22 01:15:08.979,1.06809,1.06831
2013.03.22 01:15:10.909,1.06809,1.06833
2013.03.22 01:15:11.099,1.06809,1.06831
2013.03.22 01:15:11.339,1.06807,1.06831
2013.03.22 01:15:11.880,1.06807,1.06833
2013.03.22 01:15:23.546,1.06805,1.06833
2013.03.22 01:15:24.866,1.06806,1.06833
2013.03.22 01:15:25.689,1.06805,1.06833
2013.03.22 01:15:25.930,1.06807,1.06833
2013.03.22 01:15:31.348,1.06807,1.06833
2013.03.22 01:15:31.830,1.06806,1.06828
2013.03.22 01:15:32.189,1.06806,1.06821
2013.03.22 01:15:33.760,1.06806,1.06827
2013.03.22 01:15:33.879,1.06807,1.06828
2013.03.22 01:15:37.459,1.06806,1.0683
2013.03.22 01:15:37.901,1.06807,1.06832
2013.03.22 01:15:39.829,1.06808,1.06833
2013.03.22 01:15:40.010,1.06812,1.06835
2013.03.22 01:15:41.171,1.06812,1.06838
2013.03.22 01:15:41.608,1.06812,1.06836
2013.03.22 01:15:51.790,1.06812,1.06836
2013.03.22 01:15:53.356,1.06812,1.06838
2013.03.22 01:15:53.609,1.06812,1.06836
2013.03.22 01:15:54.230,1.06812,1.06834
2013.03.22 01:15:54.439,1.0681,1.06834
2013.03.22 01:15:57.097,1.06808,1.06833
2013.03.22 01:16:05.620,1.06807,1.06833
2013.03.22 01:16:06.133,1.06807,1.06833
2013.03.22 01:16:12.130,1.06811,1.06833
2013.03.22 01:16:13.432,1.06807,1.06833
2013.03.22 01:16:14.299,1.06807,1.06833
2013.03.22 01:16:19.944,1.06809,1.06833
2013.03.22 01:16:24.969,1.06809,1.06833
2013.03.22 01:16:25.159,1.06807,1.06833
2013.03.22 01:16:28.289,1.06807,1.06833
2013.03.22 01:16:32.273,1.06808,1.06833
2013.03.22 01:16:33.440,1.0681,1.06836
2013.03.22 01:16:37.213,1.0681,1.06833
2013.03.22 01:16:39.682,1.06811,1.06833
2013.03.22 01:16:41.819,1.0681,1.06833
2013.03.22 01:16:51.239,1.06811,1.06833
2013.03.22 01:16:51.930,1.0681,1.06833
2013.03.22 01:16:57.248,1.0681,1.06835
2013.03.22 01:16:58.026,1.0681,1.06836
2013.03.22 01:16:59.231,1.06812,1.06836
2013.03.22 01:17:01.139,1.0681,1.06836
2013.03.22 01:17:06.269,1.0681,1.06836
2013.03.22 01:17:06.513,1.0681,1.06834
2013.03.22 01:17:09.989,1.0681,1.06835
2013.03.22 01:17:10.820,1.0681,1.06835
2013.03.22 01:17:11.725,1.0681,1.06834
2013.03.22 01:17:13.711,1.0681,1.06834
2013.03.22 01:17:15.694,1.0681,1.06835
2013.03.22 01:17:16.969,1.06808,1.06835
2013.03.22 01:17:17.029,1.06808,1.06834
2013.03.22 01:17:17.150,1.06805,1.06829
2013.03.22 01:17:17.269,1.06804,1.06829
2013.03.22 01:17:17.451,1.06804,1.06829
2013.03.22 01:17:17.809,1.068,1.06824
2013.03.22 01:17:17.869,1.06801,1.06826
2013.03.22 01:17:18.729,1.068,1.06824
2013.03.22 01:17:20.540,1.068,1.06825
2013.03.22 01:17:24.639,1.06801,1.06826
2013.03.22 01:17:25.311,1.06801,1.06826
2013.03.22 01:17:25.896,1.068,1.06824
2013.03.22 01:17:26.830,1.068,1.06824
2013.03.22 01:17:26.890,1.068,1.06824
2013.03.22 01:17:27.880,1.068,1.06824
2013.03.22 01:17:33.814,1.06801,1.06826
2013.03.22 01:17:34.059,1.06801,1.06826
2013.03.22 01:17:42.880,1.068,1.06824
2013.03.22 01:17:44.605,1.06802,1.06826
2013.03.22 01:17:44.730,1.06803,1.06828
2013.03.22 01:17:45.367,1.06807,1.0683
2013.03.22 01:17:57.169,1.06805,1.0683
2013.03.22 01:17:57.574,1.06805,1.0683
2013.03.22 01:17:57.760,1.06809,1.06834
2013.03.22 01:17:58.299,1.06809,1.06834
2013.03.22 01:17:58.829,1.06809,1.06834
2013.03.22 01:18:06.304,1.0681,1.06834
2013.03.22 01:18:06.830,1.06807,1.06832
2013.03.22 01:18:12.199,1.06806,1.0683
2013.03.22 01:18:22.559,1.06806,1.06829
2013.03.22 01:18:35.539,1.06806,1.06826
2013.03.22 01:18:36.367,1.06805,1.06829
2013.03.22 01:18:36.999,1.06805,1.06826
2013.03.22 01:18:37.378,1.06805,1.06829
2013.03.22 01:18:37.498,1.06805,1.06827
2013.03.22 01:18:37.899,1.06806,1.06829
2013.03.22 01:18:38.019,1.06805,1.06827
2013.03.22 01:18:38.268,1.06805,1.06829
2013.03.22 01:18:38.609,1.06805,1.06828
2013.03.22 01:18:38.818,1.06805,1.06829
2013.03.22 01:18:39.109,1.06805,1.06828
2013.03.22 01:18:39.299,1.06806,1.06829
2013.03.22 01:18:40.338,1.06806,1.06829
2013.03.22 01:18:42.650,1.06806,1.06828
2013.03.22 01:18:44.419,1.06806,1.06828
2013.03.22 01:18:44.600,1.06806,1.06829
2013.03.22 01:18:45.079,1.06804,1.0683
2013.03.22 01:18:45.590,1.06802,1.06829
2013.03.22 01:18:45.830,1.06804,1.0683
2013.03.22 01:18:48.771,1.06804,1.06828
2013.03.22 01:18:49.870,1.06804,1.06828
2013.03.22 01:18:50.219,1.06804,1.06829
2013.03.22 01:19:00.339,1.06804,1.0683
2013.03.22 01:19:00.709,1.06802,1.06828
2013.03.22 01:19:01.560,1.06801,1.06826
2013.03.22 01:19:02.272,1.06801,1.06826
2013.03.22 01:19:02.939,1.06801,1.06826
2013.03.22 01:19:03.990,1.06803,1.06827
2013.03.22 01:19:06.739,1.06803,1.06827
2013.03.22 01:19:08.808,1.06805,1.06826
2013.03.22 01:19:11.189,1.06809,1.06829
2013.03.22 01:19:11.489,1.06809,1.06831
2013.03.22 01:19:11.670,1.06809,1.06834
2013.03.22 01:19:12.089,1.06811,1.06833
2013.03.22 01:19:12.450,1.06809,1.06834
2013.03.22 01:19:12.569,1.0681,1.06834
2013.03.22 01:19:13.515,1.06809,1.06833
2013.03.22 01:19:13.585,1.06809,1.06833
2013.03.22 01:19:13.651,1.06809,1.06833
2013.03.22 01:19:13.841,1.06809,1.06834
2013.03.22 01:19:13.902,1.06809,1.06835
2013.03.22 01:19:14.091,1.06816,1.06837
2013.03.22 01:19:14.269,1.06812,1.06836
2013.03.22 01:19:14.690,1.06807,1.06833
2013.03.22 01:19:14.751,1.06807,1.06828
2013.03.22 01:19:14.870,1.06803,1.06828
2013.03.22 01:19:15.119,1.06805,1.06828
2013.03.22 01:19:15.309,1.06805,1.06832
2013.03.22 01:19:19.950,1.06805,1.06832
2013.03.22 01:19:22.112,1.06805,1.0683
2013.03.22 01:19:22.621,1.06805,1.06832
2013.03.22 01:19:27.199,1.06805,1.06832
2013.03.22 01:19:29.979,1.06805,1.06832
2013.03.22 01:19:31.180,1.06805,1.06832
2013.03.22 01:19:31.421,1.06803,1.06828
2013.03.22 01:19:31.541,1.06802,1.06828
2013.03.22 01:19:31.603,1.06803,1.06828
2013.03.22 01:19:32.161,1.06807,1.06828
2013.03.22 01:19:32.279,1.06807,1.06832
2013.03.22 01:19:35.080,1.06806,1.06832
2013.03.22 01:19:35.449,1.06806,1.06832
2013.03.22 01:19:48.259,1.06805,1.06828
2013.03.22 01:19:48.320,1.06805,1.06828
2013.03.22 01:19:48.857,1.06802,1.06827
2013.03.22 01:19:49.262,1.06802,1.06827
2013.03.22 01:19:49.439,1.06805,1.06826
2013.03.22 01:19:49.559,1.06806,1.06827
2013.03.22 01:19:49.860,1.06806,1.06827
2013.03.22 01:19:50.159,1.06802,1.06826
2013.03.22 01:19:50.219,1.06805,1.06827
2013.03.22 01:19:50.459,1.06802,1.06827
2013.03.22 01:19:51.472,1.06803,1.06827
2013.03.22 01:19:52.050,1.06802,1.06826
2013.03.22 01:19:54.123,1.06802,1.06826
2013.03.22 01:19:54.725,1.06802,1.06826
2013.03.22 01:19:57.297,1.06802,1.06826
2013.03.22 01:19:57.983,1.06802,1.06826
2013.03.22 01:20:01.430,1.06801,1.06825
2013.03.22 01:20:02.090,1.06797,1.06823
2013.03.22 01:20:02.579,1.06797,1.06823
2013.03.22 01:20:08.720,1.06797,1.06822
2013.03.22 01:20:11.541,1.06796,1.06821
2013.03.22 01:20:19.890,1.06796,1.06822
2013.03.22 01:20:21.082,1.06796,1.06822
2013.03.22 01:20:23.611,1.06796,1.06822
2013.03.22 01:20:29.699,1.06796,1.06822
2013.03.22 01:20:36.060,1.068,1.06822
2013.03.22 01:20:47.159,1.06804,1.06822
2013.03.22 01:20:47.946,1.06804,1.06823
2013.03.22 01:20:49.435,1.06803,1.06823
2013.03.22 01:20:50.239,1.06803,1.06827
2013.03.22 01:20:50.373,1.06803,1.06827
2013.03.22 01:20:52.703,1.06803,1.06827
2013.03.22 01:20:53.330,1.06803,1.06827
2013.03.22 01:21:15.570,1.06803,1.06826
2013.03.22 01:21:28.551,1.06803,1.06826
2013.03.22 01:21:29.126,1.06804,1.06822
2013.03.22 01:21:29.677,1.06803,1.06815
2013.03.22 01:21:31.071,1.06798,1.0682
2013.03.22 01:21:31.319,1.06793,1.06811
2013.03.22 01:21:31.439,1.06789,1.06811
2013.03.22 01:21:31.620,1.0679,1.06814
2013.03.22 01:21:31.680,1.06791,1.06815
2013.03.22 01:21:31.800,1.06799,1.06818
2013.03.22 01:21:32.340,1.06798,1.0682
2013.03.22 01:21:32.750,1.06797,1.06822
2013.03.22 01:21:41.710,1.06802,1.06823
2013.03.22 01:21:42.071,1.068,1.06821
2013.03.22 01:21:43.350,1.068,1.06824
2013.03.22 01:21:50.040,1.068,1.06824
2013.03.22 01:22:03.970,1.068,1.06824
2013.03.22 01:22:04.150,1.06802,1.06824
2013.03.22 01:22:04.651,1.06802,1.06824
2013.03.22 01:22:05.083,1.06804,1.06826
2013.03.22 01:22:05.210,1.06804,1.06828
2013.03.22 01:22:05.331,1.06803,1.06827
2013.03.22 01:22:06.400,1.06804,1.06824
2013.03.22 01:22:06.460,1.06806,1.06832
2013.03.22 01:22:06.640,1.06805,1.06829
2013.03.22 01:22:07.010,1.06804,1.06828
2013.03.22 01:22:07.070,1.06804,1.06828
2013.03.22 01:22:11.304,1.06803,1.06829
2013.03.22 01:22:13.899,1.06804,1.06829
2013.03.22 01:22:13.962,1.0681,1.06833
2013.03.22 01:22:14.320,1.06807,1.06833
2013.03.22 01:22:15.318,1.06807,1.06832
2013.03.22 01:22:22.529,1.06807,1.06833
2013.03.22 01:22:33.890,1.06806,1.06832
2013.03.22 01:22:57.630,1.06805,1.0683
2013.03.22 01:23:03.219,1.06804,1.0683
2013.03.22 01:23:14.484,1.06804,1.0683
2013.03.22 01:23:18.619,1.06804,1.0683
2013.03.22 01:23:21.364,1.06804,1.0683
2013.03.22 01:23:26.279,1.06804,1.0683
2013.03.22 01:23:30.180,1.06804,1.0683
2013.03.22 01:23:32.390,1.06804,1.0683
2013.03.22 01:23:34.209,1.06803,1.0683
2013.03.22 01:23:57.298,1.06805,1.06828
2013.03.22 01:24:08.269,1.06805,1.06828
2013.03.22 01:24:08.690,1.06805,1.06828
2013.03.22 01:24:08.809,1.06805,1.06828
2013.03.22 01:24:09.050,1.06805,1.06828
2013.03.22 01:24:09.309,1.06805,1.06826
2013.03.22 01:24:09.609,1.06805,1.06828
2013.03.22 01:24:09.671,1.06805,1.06828
2013.03.22 01:24:09.850,1.06805,1.06828
2013.03.22 01:24:10.536,1.06805,1.06828
2013.03.22 01:24:12.309,1.06805,1.06827
2013.03.22 01:24:16.880,1.06804,1.06826
2013.03.22 01:24:17.000,1.06805,1.06828
2013.03.22 01:24:17.120,1.06804,1.06827
2013.03.22 01:24:17.362,1.06804,1.06828
2013.03.22 01:24:17.541,1.06803,1.06828
2013.03.22 01:24:17.901,1.06806,1.06827
2013.03.22 01:24:18.079,1.06806,1.06832
2013.03.22 01:24:19.340,1.06807,1.06832
2013.03.22 01:24:19.580,1.06809,1.06834
2013.03.22 01:24:19.700,1.06809,1.06834
2013.03.22 01:24:20.061,1.06811,1.06834
2013.03.22 01:24:20.930,1.06811,1.06834
2013.03.22 01:24:21.110,1.06811,1.06835
2013.03.22 01:24:31.410,1.0681,1.06835
2013.03.22 01:24:36.401,1.0681,1.06835
2013.03.22 01:24:40.155,1.06809,1.06835
2013.03.22 01:24:40.890,1.06809,1.06833
2013.03.22 01:24:41.576,1.0681,1.06833
2013.03.22 01:24:43.880,1.06809,1.06833
2013.03.22 01:24:49.659,1.06809,1.06833
2013.03.22 01:24:49.780,1.06805,1.0683
2013.03.22 01:24:49.901,1.06805,1.06829
2013.03.22 01:24:50.081,1.06802,1.06824
2013.03.22 01:24:50.440,1.06801,1.06824
2013.03.22 01:24:50.680,1.068,1.06824
2013.03.22 01:24:52.920,1.06803,1.06827
2013.03.22 01:24:53.460,1.06804,1.06829
2013.03.22 01:24:55.139,1.06805,1.06831
2013.03.22 01:24:56.110,1.06807,1.06833
2013.03.22 01:24:56.726,1.06809,1.06834
2013.03.22 01:24:57.380,1.06809,1.06834
2013.03.22 01:24:57.740,1.06812,1.06836
2013.03.22 01:24:58.369,1.06812,1.06836
2013.03.22 01:24:58.610,1.06808,1.06834
2013.03.22 01:24:58.910,1.06808,1.06834
2013.03.22 01:24:59.811,1.06807,1.06834
2013.03.22 01:25:01.614,1.06807,1.06833
2013.03.22 01:25:03.317,1.06808,1.06834
2013.03.22 01:25:03.881,1.06808,1.06833
2013.03.22 01:25:05.101,1.06808,1.06833
2013.03.22 01:25:05.740,1.06806,1.0683
2013.03.22 01:25:06.378,1.06806,1.06828
2013.03.22 01:25:10.240,1.06805,1.06829
2013.03.22 01:25:11.930,1.06802,1.06827
2013.03.22 01:25:21.031,1.06804,1.06829
2013.03.22 01:25:21.597,1.06802,1.06828
2013.03.22 01:25:22.020,1.06801,1.06826
2013.03.22 01:25:22.570,1.06801,1.06825
2013.03.22 01:25:31.662,1.06798,1.06825
2013.03.22 01:25:31.721,1.06797,1.06822
2013.03.22 01:25:31.960,1.06798,1.06825
2013.03.22 01:25:32.080,1.06798,1.06825
2013.03.22 01:25:37.670,1.06798,1.06825
2013.03.22 01:25:38.241,1.06793,1.06819
2013.03.22 01:25:39.151,1.06795,1.06819
2013.03.22 01:25:39.510,1.06797,1.06824
2013.03.22 01:25:40.283,1.06795,1.06819
2013.03.22 01:25:41.857,1.06795,1.06819
2013.03.22 01:25:41.980,1.06797,1.06819
2013.03.22 01:25:43.070,1.06799,1.06824
2013.03.22 01:25:46.371,1.06801,1.06824
2013.03.22 01:25:47.660,1.068,1.06824
2013.03.22 01:25:54.730,1.068,1.06824
2013.03.22 01:25:57.181,1.068,1.06824
2013.03.22 01:25:59.940,1.068,1.06824
2013.03.22 01:26:01.391,1.06799,1.06824
2013.03.22 01:26:02.704,1.068,1.06825
2013.03.22 01:26:04.196,1.06801,1.06827
2013.03.22 01:26:05.398,1.06801,1.06827
2013.03.22 01:26:24.340,1.06801,1.06827
2013.03.22 01:26:25.306,1.06802,1.06827
2013.03.22 01:26:25.940,1.06802,1.06827
2013.03.22 01:26:26.001,1.06806,1.06831
2013.03.22 01:26:27.661,1.06807,1.06832
2013.03.22 01:26:29.854,1.06806,1.06832
2013.03.22 01:26:30.036,1.06806,1.06833
2013.03.22 01:26:40.176,1.06806,1.06832
2013.03.22 01:26:44.086,1.06806,1.06832
2013.03.22 01:26:44.816,1.06805,1.0683
2013.03.22 01:26:45.540,1.06806,1.06832
2013.03.22 01:26:48.495,1.06804,1.0683
2013.03.22 01:26:48.940,1.06804,1.0683
2013.03.22 01:26:50.206,1.06804,1.06829
2013.03.22 01:26:53.106,1.06803,1.06829
2013.03.22 01:26:56.819,1.06804,1.06829
2013.03.22 01:26:57.070,1.06804,1.0683
2013.03.22 01:27:06.039,1.06802,1.06827
2013.03.22 01:27:24.186,1.06805,1.06829
2013.03.22 01:27:24.311,1.06805,1.06831
2013.03.22 01:27:24.793,1.06806,1.06831
2013.03.22 01:27:28.849,1.06806,1.06832
2013.03.22 01:27:31.769,1.06806,1.06831
2013.03.22 01:27:37.140,1.06805,1.06831
2013.03.22 01:27:37.381,1.06806,1.06832
2013.03.22 01:27:41.731,1.06807,1.06833
2013.03.22 01:27:42.090,1.06809,1.06833
2013.03.22 01:27:42.390,1.06807,1.06833
2013.03.22 01:27:44.182,1.06807,1.06831
2013.03.22 01:27:44.241,1.06805,1.0683
2013.03.22 01:27:47.650,1.06804,1.06831
2013.03.22 01:27:52.611,1.06804,1.06831
2013.03.22 01:27:53.091,1.06806,1.06832
2013.03.22 01:27:53.461,1.06806,1.06833
2013.03.22 01:27:53.522,1.06809,1.06835
2013.03.22 01:27:56.291,1.06808,1.06834
2013.03.22 01:27:56.910,1.06809,1.06836
2013.03.22 01:27:58.330,1.06808,1.06834
2013.03.22 01:27:58.890,1.06808,1.06834
2013.03.22 01:28:00.186,1.06808,1.06834
2013.03.22 01:28:08.120,1.06809,1.06834
2013.03.22 01:28:08.712,1.06806,1.0683
2013.03.22 01:28:21.981,1.06803,1.06829
2013.03.22 01:28:25.355,1.06803,1.06827
2013.03.22 01:28:27.862,1.06803,1.06825
2013.03.22 01:28:28.325,1.06803,1.06828
2013.03.22 01:28:29.873,1.06803,1.06828
2013.03.22 01:28:36.382,1.06803,1.06828
2013.03.22 01:28:37.411,1.06802,1.06826
2013.03.22 01:28:37.530,1.06802,1.06828
2013.03.22 01:28:42.761,1.06802,1.06825
2013.03.22 01:28:46.932,1.06802,1.06827
2013.03.22 01:28:48.367,1.06802,1.06826
2013.03.22 01:29:00.487,1.06802,1.06826
2013.03.22 01:29:05.957,1.06802,1.06826
2013.03.22 01:29:07.258,1.06802,1.06826
2013.03.22 01:29:10.910,1.06802,1.06828
2013.03.22 01:29:18.290,1.06802,1.06828
2013.03.22 01:29:21.304,1.06802,1.06828
2013.03.22 01:29:24.884,1.06802,1.06828
2013.03.22 01:29:25.060,1.06806,1.06831
2013.03.22 01:29:25.120,1.06806,1.06832
2013.03.22 01:29:25.241,1.06808,1.06833
2013.03.22 01:29:25.551,1.06807,1.06833
2013.03.22 01:29:30.111,1.06807,1.06831
2013.03.22 01:29:45.071,1.06806,1.06829
2013.03.22 01:29:52.177,1.06807,1.0683
2013.03.22 01:29:52.579,1.06806,1.0683
2013.03.22 01:29:56.064,1.06801,1.06828
2013.03.22 01:29:56.490,1.06801,1.06823
2013.03.22 01:30:14.641,1.06801,1.06823
2013.03.22 01:30:14.701,1.06801,1.06826
2013.03.22 01:30:14.880,1.06801,1.06828
2013.03.22 01:30:15.060,1.06802,1.06828
2013.03.22 01:30:31.591,1.06802,1.06828
2013.03.22 01:30:32.165,1.06802,1.06828
2013.03.22 01:30:34.701,1.06802,1.06828
2013.03.22 01:30:38.021,1.06798,1.06824
2013.03.22 01:30:39.174,1.06797,1.06823
2013.03.22 01:30:39.688,1.06796,1.0682
2013.03.22 01:30:41.180,1.06797,1.06823
2013.03.22 01:30:41.361,1.06797,1.06823
2013.03.22 01:30:43.713,1.06797,1.06823
2013.03.22 01:30:46.219,1.06797,1.06823
2013.03.22 01:30:46.684,1.06799,1.06824
2013.03.22 01:30:47.088,1.06797,1.06824
2013.03.22 01:30:47.211,1.06797,1.06822
2013.03.22 01:30:47.271,1.06795,1.0682
2013.03.22 01:30:53.323,1.06796,1.0682
2013.03.22 01:30:53.860,1.068,1.06823
2013.03.22 01:30:54.133,1.068,1.06823
2013.03.22 01:30:54.686,1.06802,1.06825
2013.03.22 01:30:56.140,1.06802,1.06828
2013.03.22 01:30:57.612,1.06793,1.06819
2013.03.22 01:30:57.873,1.06793,1.06819
2013.03.22 01:31:01.511,1.06799,1.06823
2013.03.22 01:31:02.014,1.06799,1.06823
2013.03.22 01:31:05.701,1.06799,1.06822
2013.03.22 01:31:08.386,1.06799,1.06822
2013.03.22 01:31:09.387,1.06799,1.06818
2013.03.22 01:31:09.571,1.06794,1.06818
2013.03.22 01:31:11.004,1.06794,1.06818
2013.03.22 01:31:11.167,1.06789,1.06815
2013.03.22 01:31:11.785,1.06788,1.06814
2013.03.22 01:31:11.864,1.06788,1.06814
2013.03.22 01:31:17.840,1.06788,1.06814
2013.03.22 01:31:18.380,1.06789,1.06814
2013.03.22 01:31:26.481,1.06788,1.06814
2013.03.22 01:31:28.161,1.06788,1.06813
2013.03.22 01:31:31.491,1.06788,1.06813
2013.03.22 01:31:35.311,1.06788,1.06813
2013.03.22 01:31:37.831,1.06787,1.06813
2013.03.22 01:31:38.645,1.06792,1.06819
2013.03.22 01:31:39.851,1.06792,1.06819
2013.03.22 01:31:40.043,1.06789,1.06814
2013.03.22 01:31:42.010,1.06788,1.06814
2013.03.22 01:31:48.281,1.06788,1.06815
2013.03.22 01:31:48.401,1.0679,1.06816
2013.03.22 01:31:49.266,1.06793,1.06819
2013.03.22 01:31:56.131,1.06792,1.06819
2013.03.22 01:31:56.371,1.0679,1.06816
2013.03.22 01:31:56.910,1.06792,1.06816
2013.03.22 01:31:57.713,1.06791,1.06816
2013.03.22 01:32:10.341,1.06791,1.06816
2013.03.22 01:32:11.481,1.06794,1.06819
2013.03.22 01:32:14.571,1.06793,1.06819
2013.03.22 01:32:14.811,1.06799,1.06823
2013.03.22 01:32:14.971,1.06799,1.06823
2013.03.22 01:32:15.573,1.06797,1.06823
2013.03.22 01:32:34.797,1.06796,1.0682
2013.03.22 01:32:35.328,1.06796,1.0682
2013.03.22 01:32:37.131,1.06796,1.06821
2013.03.22 01:32:54.822,1.06795,1.0682
2013.03.22 01:32:59.550,1.06796,1.06821
2013.03.22 01:32:59.792,1.06798,1.06823
2013.03.22 01:32:59.850,1.06798,1.06823
2013.03.22 01:33:00.030,1.06797,1.06823
2013.03.22 01:33:01.560,1.06796,1.06822
2013.03.22 01:33:08.412,1.06795,1.06819
2013.03.22 01:33:11.400,1.06796,1.06822
2013.03.22 01:33:11.941,1.06794,1.06819
2013.03.22 01:33:12.471,1.06794,1.06819
2013.03.22 01:33:15.794,1.06795,1.06819
2013.03.22 01:33:22.412,1.06796,1.0682
2013.03.22 01:33:27.260,1.06796,1.0682
2013.03.22 01:33:28.240,1.06796,1.0682
2013.03.22 01:33:28.771,1.06797,1.06822
2013.03.22 01:33:30.336,1.06797,1.06823
2013.03.22 01:33:35.650,1.06797,1.0682
2013.03.22 01:33:35.771,1.06796,1.0682
2013.03.22 01:33:38.680,1.06796,1.06823
2013.03.22 01:33:39.970,1.06797,1.06823
2013.03.22 01:33:43.201,1.06801,1.06825
2013.03.22 01:33:43.261,1.06802,1.06827
2013.03.22 01:33:43.322,1.06802,1.06828
2013.03.22 01:33:43.442,1.06803,1.06828
2013.03.22 01:33:44.900,1.06804,1.06829
2013.03.22 01:33:45.591,1.06803,1.06828
2013.03.22 01:33:46.146,1.06803,1.06828
2013.03.22 01:33:49.079,1.06803,1.06828
2013.03.22 01:33:49.849,1.06803,1.06828
2013.03.22 01:33:58.571,1.06806,1.06828
2013.03.22 01:34:03.147,1.06807,1.06833
2013.03.22 01:34:03.219,1.06808,1.06834
2013.03.22 01:34:09.201,1.06807,1.06833
2013.03.22 01:34:18.352,1.06806,1.06833
2013.03.22 01:34:18.471,1.06806,1.0683
2013.03.22 01:34:20.572,1.06802,1.06826
2013.03.22 01:34:21.197,1.068,1.06825
2013.03.22 01:34:27.400,1.06801,1.06826
2013.03.22 01:34:27.701,1.06802,1.06826
2013.03.22 01:34:28.001,1.06807,1.06832
2013.03.22 01:34:28.301,1.0681,1.06833
2013.03.22 01:34:28.840,1.06813,1.06834
2013.03.22 01:34:30.161,1.06813,1.06834
2013.03.22 01:34:30.870,1.06809,1.06833
2013.03.22 01:34:31.051,1.06806,1.0683
2013.03.22 01:34:31.531,1.06806,1.06829
2013.03.22 01:34:35.132,1.06807,1.0683
2013.03.22 01:34:35.312,1.06806,1.06829
2013.03.22 01:34:35.733,1.06806,1.0683
2013.03.22 01:34:36.401,1.06806,1.06829
2013.03.22 01:34:36.462,1.06803,1.06828
2013.03.22 01:34:43.309,1.06806,1.06828
2013.03.22 01:34:43.831,1.06806,1.06829
2013.03.22 01:34:44.361,1.06809,1.0683
2013.03.22 01:34:44.551,1.06809,1.06833
2013.03.22 01:34:45.176,1.06809,1.06833
2013.03.22 01:34:52.781,1.06807,1.06831
2013.03.22 01:35:01.601,1.06806,1.06832
2013.03.22 01:35:02.651,1.06806,1.06829
2013.03.22 01:35:05.092,1.06804,1.06829
2013.03.22 01:35:22.691,1.06803,1.0683
2013.03.22 01:35:23.324,1.06803,1.0683
2013.03.22 01:35:29.672,1.06803,1.06829
2013.03.22 01:35:31.551,1.06803,1.0683
2013.03.22 01:35:38.393,1.06805,1.0683
2013.03.22 01:35:38.991,1.06808,1.06832
2013.03.22 01:35:40.540,1.06811,1.06832
2013.03.22 01:36:24.912,1.06811,1.06834
2013.03.22 01:36:25.441,1.06811,1.06835
2013.03.22 01:36:25.808,1.06815,1.06834
2013.03.22 01:36:27.032,1.06815,1.06834
2013.03.22 01:36:29.211,1.06812,1.06831
2013.03.22 01:36:29.332,1.06811,1.06832
2013.03.22 01:36:29.821,1.06812,1.06833
2013.03.22 01:36:32.127,1.06811,1.06832
2013.03.22 01:36:32.391,1.06811,1.06838
2013.03.22 01:36:32.572,1.06811,1.06832
2013.03.22 01:36:33.092,1.0681,1.06832
2013.03.22 01:36:46.587,1.06811,1.06838
2013.03.22 01:36:46.711,1.06813,1.06838
2013.03.22 01:36:47.763,1.06813,1.06834
2013.03.22 01:36:49.461,1.06814,1.06834
2013.03.22 01:36:50.523,1.06813,1.06834
2013.03.22 01:36:50.702,1.06807,1.06829
2013.03.22 01:36:51.711,1.06804,1.06829
2013.03.22 01:36:51.771,1.06803,1.06829
2013.03.22 01:36:52.311,1.06801,1.06829
2013.03.22 01:36:53.682,1.06801,1.06827
2013.03.22 01:36:56.381,1.06801,1.06826
2013.03.22 01:37:03.081,1.06799,1.06825
2013.03.22 01:37:03.322,1.06799,1.06823
2013.03.22 01:37:04.101,1.06797,1.06823
2013.03.22 01:37:04.632,1.06799,1.06825
2013.03.22 01:37:05.183,1.06797,1.06821
2013.03.22 01:37:05.251,1.06797,1.06819
2013.03.22 01:37:07.816,1.06793,1.06819
2013.03.22 01:37:08.062,1.06793,1.06818
2013.03.22 01:37:08.604,1.06793,1.06819
2013.03.22 01:37:10.440,1.06794,1.06819
2013.03.22 01:37:12.454,1.06794,1.06819
2013.03.22 01:37:14.484,1.06793,1.06818
2013.03.22 01:37:14.841,1.06792,1.06816
2013.03.22 01:37:15.142,1.06793,1.06818
2013.03.22 01:37:17.172,1.06796,1.06819
2013.03.22 01:37:20.586,1.06795,1.0682
2013.03.22 01:37:23.336,1.06795,1.06819
2013.03.22 01:37:23.761,1.06793,1.06819
2013.03.22 01:37:25.281,1.06796,1.06819
2013.03.22 01:37:26.052,1.06796,1.06819
2013.03.22 01:37:26.651,1.06796,1.06819
2013.03.22 01:37:27.711,1.06796,1.0682
2013.03.22 01:37:28.221,1.06796,1.06822
2013.03.22 01:37:28.341,1.06796,1.0682
2013.03.22 01:37:29.020,1.06793,1.06819
2013.03.22 01:37:30.596,1.06796,1.0682
2013.03.22 01:37:39.451,1.06796,1.0682
2013.03.22 01:37:40.039,1.06796,1.0682
2013.03.22 01:37:40.671,1.06796,1.0682
2013.03.22 01:37:41.211,1.06797,1.0682
2013.03.22 01:37:44.601,1.06795,1.06815
2013.03.22 01:37:44.841,1.06792,1.06815
2013.03.22 01:37:45.391,1.06791,1.06815
2013.03.22 01:37:48.352,1.06791,1.06815
2013.03.22 01:37:48.892,1.06791,1.06817
2013.03.22 01:37:50.012,1.06794,1.06819
2013.03.22 01:37:50.133,1.06796,1.06819
2013.03.22 01:37:50.193,1.06801,1.06821
2013.03.22 01:37:50.252,1.06801,1.06824
2013.03.22 01:37:50.611,1.06801,1.06822
2013.03.22 01:37:50.672,1.06798,1.06822
2013.03.22 01:37:50.911,1.06798,1.06824
2013.03.22 01:37:56.609,1.06797,1.06823
2013.03.22 01:37:57.972,1.06797,1.06823
2013.03.22 01:37:59.421,1.06798,1.06823
2013.03.22 01:38:00.583,1.06801,1.06823
2013.03.22 01:38:00.822,1.06801,1.06824
2013.03.22 01:38:00.942,1.06804,1.06824
2013.03.22 01:38:01.096,1.06806,1.06828
2013.03.22 01:38:01.162,1.06806,1.06828
2013.03.22 01:38:02.111,1.06804,1.06828
2013.03.22 01:38:04.843,1.06804,1.06828
2013.03.22 01:38:07.019,1.06803,1.06828
2013.03.22 01:38:12.096,1.06803,1.06828
2013.03.22 01:38:12.163,1.06802,1.06828
2013.03.22 01:38:13.873,1.06802,1.06828
2013.03.22 01:38:20.853,1.06802,1.06828
2013.03.22 01:38:21.922,1.06803,1.06828
2013.03.22 01:38:26.552,1.06804,1.06827
2013.03.22 01:38:26.636,1.06802,1.06827
2013.03.22 01:38:27.401,1.06802,1.06827
2013.03.22 01:38:27.862,1.06802,1.06823
2013.03.22 01:38:28.371,1.068,1.06823
2013.03.22 01:38:33.868,1.06803,1.06824
2013.03.22 01:38:34.585,1.06803,1.06828
2013.03.22 01:38:37.584,1.06803,1.06828
2013.03.22 01:38:38.231,1.06802,1.06828
2013.03.22 01:38:38.591,1.06803,1.06828
2013.03.22 01:39:11.294,1.06803,1.06825
2013.03.22 01:39:12.531,1.06802,1.06825
2013.03.22 01:39:14.722,1.06802,1.06824
2013.03.22 01:39:32.901,1.068,1.06825
2013.03.22 01:39:33.451,1.06801,1.06825
2013.03.22 01:39:48.641,1.06799,1.06824
2013.03.22 01:39:51.601,1.06798,1.06824
2013.03.22 01:39:52.703,1.06798,1.06824
2013.03.22 01:39:54.861,1.06797,1.06824
2013.03.22 01:39:58.065,1.06797,1.0682
2013.03.22 01:39:59.111,1.06796,1.06819
2013.03.22 01:39:59.650,1.06797,1.06823
2013.03.22 01:40:00.307,1.06795,1.06819
2013.03.22 01:40:03.583,1.06796,1.06819
2013.03.22 01:40:10.684,1.06795,1.06819
2013.03.22 01:40:12.053,1.06792,1.06818
2013.03.22 01:40:14.672,1.06788,1.06814
2013.03.22 01:40:15.211,1.06791,1.06814
2013.03.22 01:40:26.401,1.06792,1.06816
2013.03.22 01:40:27.042,1.06796,1.06821
2013.03.22 01:40:31.911,1.06796,1.06821
2013.03.22 01:40:32.302,1.06796,1.06821
2013.03.22 01:40:33.241,1.06798,1.06822
2013.03.22 01:40:33.541,1.06796,1.06822
2013.03.22 01:40:34.602,1.06796,1.06814
2013.03.22 01:40:34.663,1.06792,1.06813
2013.03.22 01:40:34.781,1.06792,1.06817
2013.03.22 01:40:36.033,1.06792,1.06818
2013.03.22 01:40:36.181,1.06794,1.06818
2013.03.22 01:40:43.482,1.06794,1.06818
2013.03.22 01:40:49.392,1.06794,1.06818
2013.03.22 01:40:53.232,1.06793,1.06818
2013.03.22 01:40:54.091,1.06795,1.0682
2013.03.22 01:40:54.321,1.06797,1.06822
2013.03.22 01:40:57.304,1.06798,1.06822
2013.03.22 01:40:57.491,1.06796,1.06822
2013.03.22 01:41:00.516,1.06797,1.06824
2013.03.22 01:41:01.961,1.06798,1.06824
2013.03.22 01:41:02.502,1.06798,1.06822
2013.03.22 01:41:02.561,1.06798,1.06821
2013.03.22 01:41:03.113,1.06797,1.06821
2013.03.22 01:41:14.028,1.06797,1.0682
2013.03.22 01:41:19.822,1.06797,1.06822
2013.03.22 01:41:20.593,1.06798,1.06821
2013.03.22 01:41:20.712,1.06797,1.06821
2013.03.22 01:41:27.100,1.06797,1.06821
2013.03.22 01:41:51.542,1.06794,1.06819
2013.03.22 01:41:52.462,1.06792,1.06817
