Time,Bid,Ask
2013.03.26 00:00:00.402,1.06867,1.06893
2013.03.26 00:00:00.760,1.06867,1.06888
2013.03.26 00:00:01.320,1.06862,1.06887
2013.03.26 00:00:21.289,1.06863,1.06887
2013.03.26 00:00:26.030,1.06863,1.06887
2013.03.26 00:00:26.821,1.06863,1.06888
2013.03.26 00:00:39.754,1.06863,1.06887
2013.03.26 00:00:40.081,1.06863,1.06887
2013.03.26 00:00:41.160,1.06861,1.06886
2013.03.26 00:00:41.581,1.06862,1.06886
2013.03.26 00:00:42.136,1.06862,1.06886
2013.03.26 00:00:42.417,1.06862,1.06888
2013.03.26 00:00:43.950,1.06862,1.06886
2013.03.26 00:00:44.332,1.06862,1.06888
2013.03.26 00:00:48.670,1.06862,1.06886
2013.03.26 00:01:00.770,1.0686,1.06886
2013.03.26 00:01:09.161,1.06859,1.06885
2013.03.26 00:01:09.440,1.06857,1.06882
2013.03.26 00:01:20.977,1.06857,1.06882
2013.03.26 00:01:22.520,1.06857,1.06882
2013.03.26 00:01:23.106,1.06859,1.06883
2013.03.26 00:01:25.141,1.0686,1.06884
2013.03.26 00:01:38.601,1.0686,1.06886
2013.03.26 00:01:39.151,1.0686,1.06884
2013.03.26 00:01:42.534,1.06859,1.06884
2013.03.26 00:01:44.745,1.06856,1.06882
2013.03.26 00:01:49.258,1.06858,1.06883
2013.03.26 00:01:55.873,1.06856,1.06882
2013.03.26 00:01:56.976,1.06858,1.06883
2013.03.26 00:01:57.481,1.06861,1.06884
2013.03.26 00:01:59.741,1.06861,1.06886
2013.03.26 00:02:12.134,1.06861,1.06887
2013.03.26 00:02:12.322,1.06866,1.06889
2013.03.26 00:02:13.903,1.06866,1.06893
2013.03.26 00:02:14.031,1.06871,1.06893
2013.03.26 00:02:21.636,1.06871,1.06893
2013.03.26 00:02:22.962,1.06871,1.06893
2013.03.26 00:02:25.921,1.06869,1.06893
2013.03.26 00:02:26.381,1.06867,1.06891
2013.03.26 00:02:28.691,1.06872,1.06892
2013.03.26 00:02:28.751,1.06872,1.06895
2013.03.26 00:02:29.261,1.06874,1.06896
2013.03.26 00:02:29.420,1.06875,1.06897
2013.03.26 00:02:29.590,1.06874,1.06896
2013.03.26 00:02:29.801,1.06872,1.06896
2013.03.26 00:02:31.571,1.06873,1.06896
2013.03.26 00:02:34.301,1.06872,1.06896
2013.03.26 00:02:37.001,1.0687,1.06895
2013.03.26 00:02:37.121,1.0687,1.06893
2013.03.26 00:02:57.210,1.0687,1.06894
2013.03.26 00:03:02.329,1.06867,1.06894
2013.03.26 00:03:05.902,1.06867,1.06894
2013.03.26 00:03:13.881,1.06868,1.0689
2013.03.26 00:03:17.303,1.06864,1.06888
2013.03.26 00:03:22.651,1.06862,1.06886
2013.03.26 00:03:27.579,1.06863,1.06886
2013.03.26 00:03:52.421,1.06863,1.06887
2013.03.26 00:03:52.874,1.0686,1.06884
2013.03.26 00:03:53.001,1.06855,1.06882
2013.03.26 00:03:53.851,1.06855,1.06879
2013.03.26 00:03:54.231,1.06853,1.06877
2013.03.26 00:03:55.944,1.06855,1.06877
2013.03.26 00:04:12.682,1.06851,1.06875
2013.03.26 00:04:13.122,1.06851,1.06877
2013.03.26 00:04:14.107,1.06853,1.06877
2013.03.26 00:04:16.882,1.06853,1.0688
2013.03.26 00:04:18.058,1.06853,1.06878
2013.03.26 00:04:20.341,1.06853,1.06877
2013.03.26 00:04:21.111,1.06853,1.06877
2013.03.26 00:04:21.951,1.06856,1.06879
2013.03.26 00:04:22.333,1.06857,1.0688
2013.03.26 00:04:22.672,1.06857,1.06878
2013.03.26 00:04:22.891,1.06857,1.0688
2013.03.26 00:04:23.298,1.0686,1.06884
2013.03.26 00:04:28.291,1.06861,1.06887
2013.03.26 00:04:28.602,1.06862,1.06887
2013.03.26 00:04:30.923,1.06862,1.06887
2013.03.26 00:04:31.351,1.06857,1.06883
2013.03.26 00:04:33.872,1.06857,1.06883
2013.03.26 00:04:34.106,1.06856,1.06883
2013.03.26 00:04:34.668,1.06857,1.06882
2013.03.26 00:04:35.813,1.06857,1.06882
2013.03.26 00:04:39.826,1.06859,1.06878
2013.03.26 00:04:41.241,1.06857,1.06882
2013.03.26 00:04:44.007,1.06857,1.06878
2013.03.26 00:04:51.371,1.06857,1.06878
2013.03.26 00:04:51.432,1.06858,1.0688
2013.03.26 00:04:51.527,1.06858,1.06881
2013.03.26 00:04:52.131,1.06858,1.06883
2013.03.26 00:04:58.900,1.06858,1.06883
2013.03.26 00:05:02.831,1.06857,1.06883
2013.03.26 00:05:04.221,1.06861,1.06883
2013.03.26 00:05:04.711,1.06863,1.06888
2013.03.26 00:05:10.588,1.06862,1.06886
2013.03.26 00:05:10.772,1.06861,1.06886
2013.03.26 00:05:10.831,1.0686,1.06884
2013.03.26 00:05:11.193,1.06857,1.06882
2013.03.26 00:05:11.377,1.06856,1.06882
2013.03.26 00:05:11.581,1.06856,1.06883
2013.03.26 00:05:12.126,1.0686,1.06885
2013.03.26 00:05:12.786,1.06858,1.06885
2013.03.26 00:05:13.032,1.06857,1.06881
2013.03.26 00:05:13.810,1.06857,1.06881
2013.03.26 00:05:20.195,1.06857,1.06881
2013.03.26 00:05:21.941,1.06857,1.06881
2013.03.26 00:05:22.121,1.06852,1.06878
2013.03.26 00:05:22.301,1.06853,1.06878
2013.03.26 00:05:22.421,1.06857,1.06881
2013.03.26 00:05:22.602,1.06861,1.06883
2013.03.26 00:05:22.662,1.06862,1.06886
2013.03.26 00:05:23.172,1.06862,1.06886
2013.03.26 00:05:23.411,1.06866,1.0689
2013.03.26 00:05:24.911,1.06866,1.06892
2013.03.26 00:05:25.288,1.06872,1.06895
2013.03.26 00:05:29.062,1.06872,1.06893
2013.03.26 00:05:29.421,1.06866,1.06891
2013.03.26 00:05:30.161,1.06866,1.06888
2013.03.26 00:05:31.264,1.06867,1.06892
2013.03.26 00:05:32.032,1.06869,1.06892
2013.03.26 00:05:32.291,1.06869,1.06894
2013.03.26 00:05:38.371,1.06867,1.06892
2013.03.26 00:05:38.431,1.06867,1.0689
2013.03.26 00:05:39.421,1.06867,1.06891
2013.03.26 00:05:39.781,1.06868,1.06892
2013.03.26 00:05:40.402,1.06872,1.06896
2013.03.26 00:05:44.856,1.06873,1.06896
2013.03.26 00:05:48.049,1.06875,1.06896
2013.03.26 00:05:49.575,1.06876,1.069
2013.03.26 00:05:50.798,1.06876,1.06899
2013.03.26 00:05:52.849,1.06876,1.06898
2013.03.26 00:05:53.368,1.06876,1.06898
2013.03.26 00:05:53.671,1.06876,1.06898
2013.03.26 00:05:53.851,1.0688,1.06902
2013.03.26 00:05:54.512,1.06876,1.06899
2013.03.26 00:05:55.653,1.06876,1.06903
2013.03.26 00:05:55.831,1.06877,1.06903
2013.03.26 00:05:57.313,1.06877,1.06902
2013.03.26 00:05:58.401,1.06878,1.06903
2013.03.26 00:05:58.941,1.06881,1.06904
2013.03.26 00:05:59.501,1.0688,1.06904
2013.03.26 00:06:00.308,1.06881,1.06904
2013.03.26 00:06:04.286,1.06882,1.06907
2013.03.26 00:06:04.531,1.06882,1.06907
2013.03.26 00:06:05.061,1.06885,1.06907
2013.03.26 00:06:05.956,1.06887,1.06911
2013.03.26 00:06:10.184,1.06887,1.06908
2013.03.26 00:06:10.311,1.06887,1.06908
2013.03.26 00:06:11.107,1.06887,1.06911
2013.03.26 00:06:17.105,1.06887,1.06911
2013.03.26 00:06:21.125,1.06886,1.06909
2013.03.26 00:06:22.096,1.06886,1.06909
2013.03.26 00:06:22.364,1.06886,1.06909
2013.03.26 00:06:23.063,1.06886,1.06909
2013.03.26 00:06:23.651,1.06886,1.06905
2013.03.26 00:06:25.341,1.06883,1.06904
2013.03.26 00:06:28.097,1.06882,1.06904
2013.03.26 00:06:33.812,1.06883,1.06904
2013.03.26 00:06:41.239,1.06883,1.06904
2013.03.26 00:06:45.352,1.06883,1.06909
2013.03.26 00:06:45.852,1.06883,1.06909
2013.03.26 00:06:46.123,1.06884,1.06908
2013.03.26 00:06:46.602,1.06887,1.06912
2013.03.26 00:06:46.661,1.06889,1.06912
2013.03.26 00:06:49.412,1.06888,1.06912
2013.03.26 00:06:49.922,1.06887,1.06911
2013.03.26 00:06:50.099,1.06888,1.06911
2013.03.26 00:06:52.982,1.06884,1.06909
2013.03.26 00:07:00.671,1.06883,1.06906
2013.03.26 00:07:00.981,1.06884,1.06908
2013.03.26 00:07:07.243,1.06886,1.06908
2013.03.26 00:07:07.580,1.06884,1.06907
2013.03.26 00:07:08.576,1.06886,1.06908
2013.03.26 00:07:09.149,1.06886,1.06908
2013.03.26 00:07:16.605,1.06884,1.06907
2013.03.26 00:07:20.763,1.06883,1.06907
2013.03.26 00:07:22.607,1.06884,1.06909
2013.03.26 00:07:26.033,1.06886,1.06909
2013.03.26 00:07:29.805,1.06884,1.06909
2013.03.26 00:07:31.192,1.06884,1.06908
2013.03.26 00:07:33.913,1.06887,1.06907
2013.03.26 00:07:45.966,1.06885,1.06907
2013.03.26 00:07:50.823,1.06882,1.06907
2013.03.26 00:07:51.453,1.06882,1.06904
2013.03.26 00:07:56.972,1.06883,1.06904
2013.03.26 00:07:59.451,1.06882,1.06907
2013.03.26 00:08:02.295,1.06883,1.06908
2013.03.26 00:08:14.553,1.06888,1.06908
2013.03.26 00:08:14.820,1.06886,1.06908
2013.03.26 00:08:17.783,1.06888,1.0691
2013.03.26 00:08:18.611,1.0689,1.06914
2013.03.26 00:08:21.753,1.06891,1.06914
2013.03.26 00:08:24.350,1.0689,1.06914
2013.03.26 00:08:29.264,1.06891,1.06914
2013.03.26 00:08:29.806,1.06891,1.06914
2013.03.26 00:08:31.394,1.06893,1.06914
2013.03.26 00:08:34.639,1.06892,1.06913
2013.03.26 00:08:35.502,1.06891,1.06913
2013.03.26 00:08:36.012,1.0689,1.06913
2013.03.26 00:08:36.614,1.0689,1.06913
2013.03.26 00:08:38.252,1.0689,1.06913
2013.03.26 00:08:41.714,1.06889,1.06912
2013.03.26 00:08:42.704,1.0689,1.06912
2013.03.26 00:08:46.953,1.06887,1.06912
2013.03.26 00:08:49.912,1.06889,1.06914
2013.03.26 00:08:50.032,1.06891,1.06914
2013.03.26 00:08:50.093,1.06893,1.06919
2013.03.26 00:08:50.273,1.06896,1.06919
2013.03.26 00:08:50.893,1.06894,1.06919
2013.03.26 00:08:58.641,1.06894,1.06914
2013.03.26 00:08:58.861,1.06894,1.06921
2013.03.26 00:09:00.813,1.06896,1.0692
2013.03.26 00:09:04.002,1.06897,1.06921
2013.03.26 00:09:04.853,1.06898,1.06923
2013.03.26 00:09:04.972,1.06902,1.06924
2013.03.26 00:09:05.392,1.069,1.06923
2013.03.26 00:09:05.452,1.06899,1.06923
2013.03.26 00:09:07.471,1.06896,1.06921
2013.03.26 00:09:10.242,1.06895,1.0692
2013.03.26 00:09:10.818,1.06895,1.06919
2013.03.26 00:09:11.407,1.06895,1.0692
2013.03.26 00:09:13.911,1.06893,1.06917
2013.03.26 00:09:14.161,1.0689,1.06916
2013.03.26 00:09:17.162,1.06888,1.06915
2013.03.26 00:09:17.463,1.06886,1.06908
2013.03.26 00:09:30.083,1.06884,1.0691
2013.03.26 00:09:30.144,1.06888,1.06913
2013.03.26 00:09:31.331,1.06894,1.06915
2013.03.26 00:09:31.405,1.06897,1.06919
2013.03.26 00:09:34.541,1.06895,1.06918
2013.03.26 00:09:34.602,1.06893,1.06917
2013.03.26 00:09:34.721,1.06893,1.06917
2013.03.26 00:09:45.451,1.06892,1.06915
2013.03.26 00:09:45.964,1.06889,1.06914
2013.03.26 00:09:48.093,1.06888,1.06914
2013.03.26 00:09:48.312,1.0689,1.06914
2013.03.26 00:09:52.213,1.06889,1.06914
2013.03.26 00:09:52.331,1.06889,1.06914
2013.03.26 00:09:53.894,1.06891,1.06915
2013.03.26 00:09:54.011,1.06891,1.06914
2013.03.26 00:09:54.801,1.06891,1.06916
2013.03.26 00:09:54.981,1.06891,1.06915
2013.03.26 00:09:57.921,1.06888,1.06914
2013.03.26 00:09:58.101,1.06887,1.0691
2013.03.26 00:09:58.922,1.06888,1.06912
2013.03.26 00:10:00.632,1.06889,1.06914
2013.03.26 00:10:01.172,1.06889,1.06914
2013.03.26 00:10:02.022,1.06891,1.06914
2013.03.26 00:10:03.124,1.06891,1.06915
2013.03.26 00:10:03.846,1.0689,1.06915
2013.03.26 00:10:06.510,1.06891,1.06915
2013.03.26 00:10:06.853,1.06893,1.06917
2013.03.26 00:10:07.422,1.06889,1.06916
2013.03.26 00:10:07.622,1.06889,1.06916
2013.03.26 00:10:11.142,1.06889,1.06916
2013.03.26 00:10:11.682,1.06895,1.06918
2013.03.26 00:10:12.233,1.06895,1.0692
2013.03.26 00:10:17.782,1.06892,1.06917
2013.03.26 00:10:19.903,1.06897,1.06921
2013.03.26 00:10:23.572,1.06898,1.06924
2013.03.26 00:10:24.581,1.06893,1.06921
2013.03.26 00:10:25.130,1.06895,1.06919
2013.03.26 00:10:25.921,1.06894,1.06919
2013.03.26 00:11:04.771,1.06892,1.06919
2013.03.26 00:11:13.921,1.0689,1.06913
2013.03.26 00:11:16.301,1.06892,1.06916
2013.03.26 00:11:23.683,1.06891,1.06918
2013.03.26 00:11:26.928,1.06893,1.06918
2013.03.26 00:11:36.363,1.0689,1.06918
2013.03.26 00:11:36.703,1.0689,1.06912
2013.03.26 00:11:38.302,1.0689,1.06909
2013.03.26 00:11:40.192,1.0689,1.06911
2013.03.26 00:11:41.312,1.0689,1.0691
2013.03.26 00:11:41.373,1.0689,1.0691
2013.03.26 00:11:41.673,1.06886,1.06909
2013.03.26 00:11:41.793,1.06886,1.06907
2013.03.26 00:11:50.003,1.06886,1.06908
2013.03.26 00:11:50.883,1.06886,1.06908
2013.03.26 00:12:04.453,1.06886,1.06908
2013.03.26 00:12:11.035,1.06886,1.06907
2013.03.26 00:12:13.464,1.06891,1.06907
2013.03.26 00:12:14.223,1.06889,1.06907
2013.03.26 00:12:17.251,1.06889,1.06909
2013.03.26 00:12:20.402,1.06889,1.06907
2013.03.26 00:12:28.276,1.06886,1.06908
2013.03.26 00:12:29.561,1.06887,1.06908
2013.03.26 00:12:31.143,1.06887,1.06908
2013.03.26 00:12:32.083,1.06889,1.06908
2013.03.26 00:12:34.122,1.06889,1.06909
2013.03.26 00:12:41.712,1.06889,1.06908
2013.03.26 00:12:42.132,1.06889,1.06905
2013.03.26 00:12:42.815,1.06889,1.06907
2013.03.26 00:12:47.962,1.06889,1.06908
2013.03.26 00:12:48.112,1.06887,1.06908
2013.03.26 00:12:53.761,1.06887,1.06909
2013.03.26 00:13:00.865,1.06886,1.06907
2013.03.26 00:13:05.002,1.06887,1.0691
2013.03.26 00:13:05.063,1.06887,1.0691
2013.03.26 00:13:05.183,1.06887,1.06914
2013.03.26 00:13:05.702,1.06891,1.06916
2013.03.26 00:13:06.084,1.06892,1.06917
2013.03.26 00:13:07.976,1.06895,1.06918
2013.03.26 00:13:08.514,1.06897,1.0692
2013.03.26 00:13:11.994,1.06897,1.06921
2013.03.26 00:13:12.553,1.069,1.06924
2013.03.26 00:13:12.674,1.069,1.06924
2013.03.26 00:13:12.895,1.06902,1.06926
2013.03.26 00:13:14.901,1.06903,1.06926
2013.03.26 00:13:20.892,1.06905,1.06928
2013.03.26 00:13:21.013,1.06907,1.06931
2013.03.26 00:13:21.313,1.06908,1.06934
2013.03.26 00:13:21.864,1.06908,1.06934
2013.03.26 00:13:22.544,1.06909,1.06934
2013.03.26 00:13:22.963,1.06911,1.06936
2013.03.26 00:13:23.693,1.06912,1.06939
2013.03.26 00:13:31.361,1.06912,1.06937
2013.03.26 00:13:31.603,1.06912,1.06935
2013.03.26 00:13:31.663,1.06909,1.06935
2013.03.26 00:13:31.812,1.06908,1.06935
2013.03.26 00:13:32.175,1.06911,1.06935
2013.03.26 00:13:33.393,1.06911,1.06935
2013.03.26 00:13:33.452,1.06909,1.06935
2013.03.26 00:13:34.112,1.0691,1.06935
2013.03.26 00:13:34.473,1.06912,1.06935
2013.03.26 00:13:34.983,1.06912,1.06937
2013.03.26 00:13:35.223,1.06909,1.06935
2013.03.26 00:13:35.463,1.06914,1.06935
2013.03.26 00:13:37.913,1.06915,1.06937
2013.03.26 00:13:38.093,1.06916,1.06939
2013.03.26 00:13:39.082,1.06917,1.06939
2013.03.26 00:13:39.392,1.06917,1.06939
2013.03.26 00:13:39.513,1.06912,1.06936
2013.03.26 00:13:39.634,1.06909,1.06934
2013.03.26 00:13:39.696,1.06909,1.06929
2013.03.26 00:13:39.754,1.06905,1.06929
2013.03.26 00:13:39.814,1.06904,1.06926
2013.03.26 00:13:40.560,1.069,1.06924
2013.03.26 00:13:41.673,1.069,1.06925
2013.03.26 00:13:41.852,1.069,1.06924
2013.03.26 00:13:42.549,1.06901,1.06924
2013.03.26 00:13:44.339,1.069,1.06924
2013.03.26 00:13:46.540,1.069,1.06926
2013.03.26 00:13:51.063,1.069,1.06924
2013.03.26 00:13:58.173,1.069,1.06924
2013.03.26 00:13:58.663,1.06905,1.06927
2013.03.26 00:13:59.204,1.06905,1.06928
2013.03.26 00:14:00.877,1.06905,1.06928
2013.03.26 00:14:01.514,1.06903,1.06928
2013.03.26 00:14:10.570,1.06905,1.06928
2013.03.26 00:14:10.698,1.06905,1.06927
2013.03.26 00:14:12.753,1.06905,1.06928
2013.03.26 00:14:15.308,1.06905,1.06928
2013.03.26 00:14:17.611,1.06903,1.06928
2013.03.26 00:14:18.523,1.06903,1.06927
2013.03.26 00:14:23.437,1.06904,1.06928
2013.03.26 00:14:30.163,1.06905,1.06931
2013.03.26 00:14:30.403,1.06905,1.06929
2013.03.26 00:14:38.652,1.06904,1.06929
2013.03.26 00:14:52.634,1.06904,1.06928
2013.03.26 00:14:57.062,1.06904,1.0693
2013.03.26 00:14:57.313,1.06908,1.06931
2013.03.26 00:14:57.673,1.06906,1.0693
2013.03.26 00:14:58.633,1.06907,1.0693
2013.03.26 00:14:59.843,1.0691,1.06933
2013.03.26 00:15:00.223,1.0691,1.06935
2013.03.26 00:15:00.405,1.06912,1.06935
2013.03.26 00:15:00.465,1.0691,1.06935
2013.03.26 00:15:01.813,1.06911,1.06935
2013.03.26 00:15:01.933,1.06914,1.06939
2013.03.26 00:15:06.060,1.06913,1.06938
2013.03.26 00:15:11.153,1.06914,1.0694
2013.03.26 00:15:18.155,1.06913,1.06938
2013.03.26 00:15:20.135,1.06914,1.06938
2013.03.26 00:15:20.787,1.06914,1.06938
2013.03.26 00:15:21.549,1.06914,1.06938
2013.03.26 00:15:22.666,1.06912,1.06938
2013.03.26 00:15:23.153,1.06914,1.06938
2013.03.26 00:15:26.323,1.06914,1.06939
2013.03.26 00:15:28.633,1.06912,1.06933
2013.03.26 00:15:28.884,1.06912,1.06936
2013.03.26 00:15:36.852,1.06909,1.06934
2013.03.26 00:15:37.093,1.06909,1.06933
2013.03.26 00:15:38.388,1.06906,1.06931
2013.03.26 00:15:41.164,1.06905,1.0693
2013.03.26 00:15:41.524,1.06901,1.06927
2013.03.26 00:15:42.084,1.069,1.06927
2013.03.26 00:15:42.204,1.06902,1.06927
2013.03.26 00:15:42.844,1.06904,1.06929
2013.03.26 00:15:47.293,1.069,1.06927
2013.03.26 00:15:48.099,1.069,1.06924
2013.03.26 00:15:48.294,1.069,1.06924
2013.03.26 00:15:48.843,1.06896,1.06923
2013.03.26 00:15:56.383,1.06897,1.06922
2013.03.26 00:15:59.587,1.06898,1.06923
2013.03.26 00:16:00.119,1.06898,1.06923
2013.03.26 00:16:02.493,1.06901,1.06927
2013.03.26 00:16:03.212,1.06901,1.06928
2013.03.26 00:16:12.140,1.06901,1.06927
2013.03.26 00:16:12.633,1.06901,1.06926
2013.03.26 00:16:12.993,1.06901,1.06924
2013.03.26 00:16:13.523,1.06897,1.06922
2013.03.26 00:16:14.613,1.06897,1.06922
2013.03.26 00:16:21.343,1.06902,1.06926
2013.03.26 00:16:21.853,1.06902,1.06926
2013.03.26 00:16:22.334,1.06907,1.06931
2013.03.26 00:16:23.059,1.06907,1.06932
2013.03.26 00:16:25.588,1.06907,1.06932
2013.03.26 00:16:27.143,1.06907,1.06932
2013.03.26 00:16:32.867,1.06906,1.06931
2013.03.26 00:16:35.933,1.06907,1.0693
2013.03.26 00:16:36.479,1.06907,1.06931
2013.03.26 00:16:38.324,1.06907,1.06933
2013.03.26 00:16:42.343,1.06909,1.06933
2013.03.26 00:16:43.614,1.06907,1.06933
2013.03.26 00:16:43.802,1.06901,1.06922
2013.03.26 00:16:43.863,1.06901,1.06922
2013.03.26 00:16:43.984,1.06898,1.06923
2013.03.26 00:16:45.945,1.06898,1.06922
2013.03.26 00:16:51.004,1.06898,1.06922
2013.03.26 00:16:51.123,1.06898,1.06922
2013.03.26 00:17:05.807,1.06898,1.06924
2013.03.26 00:17:08.426,1.06898,1.06922
2013.03.26 00:17:08.674,1.06898,1.06921
2013.03.26 00:17:11.103,1.06897,1.06921
2013.03.26 00:17:14.473,1.06899,1.06924
2013.03.26 00:17:15.017,1.06901,1.06926
2013.03.26 00:17:15.873,1.06902,1.06926
2013.03.26 00:17:16.661,1.06904,1.06928
2013.03.26 00:17:17.537,1.06908,1.06933
2013.03.26 00:17:34.474,1.06907,1.06933
2013.03.26 00:17:37.153,1.06906,1.06931
2013.03.26 00:17:37.573,1.06906,1.06932
2013.03.26 00:17:46.403,1.06906,1.06932
2013.03.26 00:17:56.853,1.06903,1.06925
2013.03.26 00:17:56.974,1.06902,1.06923
2013.03.26 00:17:57.344,1.06897,1.06923
2013.03.26 00:17:57.403,1.06896,1.06921
2013.03.26 00:18:00.953,1.06897,1.06922
2013.03.26 00:18:02.116,1.06896,1.0692
2013.03.26 00:18:08.073,1.06897,1.06923
2013.03.26 00:18:09.607,1.06897,1.06922
2013.03.26 00:18:10.588,1.06897,1.06922
2013.03.26 00:18:12.513,1.06897,1.06923
2013.03.26 00:18:13.273,1.06897,1.06923
2013.03.26 00:18:14.363,1.06896,1.06921
2013.03.26 00:18:14.423,1.06897,1.06922
2013.03.26 00:18:14.544,1.06899,1.06923
2013.03.26 00:18:14.604,1.06898,1.06923
2013.03.26 00:18:14.983,1.06896,1.06921
2013.03.26 00:18:15.137,1.06896,1.0692
2013.03.26 00:18:15.264,1.06893,1.06917
2013.03.26 00:18:16.354,1.06893,1.06918
2013.03.26 00:18:16.655,1.06892,1.06916
2013.03.26 00:18:16.895,1.0689,1.06914
2013.03.26 00:18:16.955,1.06891,1.06914
2013.03.26 00:18:17.135,1.06891,1.06914
2013.03.26 00:18:17.434,1.06888,1.06913
2013.03.26 00:18:18.164,1.06888,1.06912
2013.03.26 00:18:18.693,1.06889,1.06914
2013.03.26 00:18:20.795,1.06889,1.06914
2013.03.26 00:18:21.392,1.06888,1.06914
2013.03.26 00:18:23.083,1.06888,1.06914
2013.03.26 00:18:23.143,1.06888,1.06914
2013.03.26 00:18:23.323,1.06888,1.06912
2013.03.26 00:18:23.739,1.06887,1.0691
2013.03.26 00:18:24.904,1.06886,1.06908
2013.03.26 00:18:39.824,1.06882,1.06907
2013.03.26 00:18:40.185,1.0688,1.06903
2013.03.26 00:18:45.192,1.0688,1.06905
2013.03.26 00:18:45.384,1.06882,1.06908
2013.03.26 00:18:52.003,1.06883,1.06909
2013.03.26 00:18:52.574,1.06885,1.06909
2013.03.26 00:18:53.833,1.06888,1.06913
2013.03.26 00:19:00.833,1.06887,1.06912
2013.03.26 00:19:01.400,1.06883,1.06908
2013.03.26 00:19:08.683,1.06882,1.06907
2013.03.26 00:19:12.455,1.06885,1.06908
2013.03.26 00:19:20.594,1.06882,1.06907
2013.03.26 00:19:26.044,1.06883,1.06908
2013.03.26 00:19:37.694,1.06886,1.06909
2013.03.26 00:19:37.813,1.06887,1.06911
2013.03.26 00:19:37.875,1.06886,1.06911
2013.03.26 00:19:37.994,1.06888,1.06911
2013.03.26 00:19:38.553,1.06886,1.06909
2013.03.26 00:19:39.202,1.06885,1.06909
2013.03.26 00:19:46.274,1.06887,1.06911
2013.03.26 00:19:46.575,1.06887,1.06909
2013.03.26 00:19:46.703,1.06887,1.06911
2013.03.26 00:19:58.523,1.06887,1.06911
2013.03.26 00:20:14.175,1.06888,1.06913
2013.03.26 00:20:14.244,1.06888,1.06913
2013.03.26 00:20:14.904,1.06886,1.06911
2013.03.26 00:20:15.454,1.06883,1.06909
2013.03.26 00:20:18.204,1.06881,1.06908
2013.03.26 00:20:18.563,1.0688,1.06907
2013.03.26 00:20:19.573,1.0688,1.06903
2013.03.26 00:20:34.886,1.06877,1.06903
2013.03.26 00:20:40.223,1.06878,1.06903
2013.03.26 00:20:40.635,1.06878,1.06904
2013.03.26 00:20:41.409,1.06879,1.06906
2013.03.26 00:20:47.129,1.06878,1.06904
2013.03.26 00:20:48.445,1.06878,1.06904
2013.03.26 00:20:54.256,1.06878,1.06904
2013.03.26 00:21:08.673,1.06879,1.06903
2013.03.26 00:21:18.742,1.06879,1.06904
2013.03.26 00:21:21.684,1.06879,1.06904
2013.03.26 00:21:22.333,1.06879,1.06904
2013.03.26 00:21:26.363,1.06881,1.06904
2013.03.26 00:21:26.978,1.06881,1.06905
2013.03.26 00:21:36.463,1.06878,1.06904
2013.03.26 00:21:41.105,1.06878,1.06903
2013.03.26 00:21:48.154,1.06876,1.06903
2013.03.26 00:21:48.352,1.06876,1.06903
2013.03.26 00:22:12.423,1.06877,1.06903
2013.03.26 00:22:18.643,1.06877,1.06903
2013.03.26 00:22:31.052,1.06877,1.06904
2013.03.26 00:22:38.143,1.06877,1.06904
2013.03.26 00:22:39.083,1.06877,1.06904
2013.03.26 00:22:40.748,1.06877,1.06903
2013.03.26 00:22:44.292,1.06877,1.06903
2013.03.26 00:22:44.363,1.06877,1.06903
2013.03.26 00:22:47.853,1.06877,1.06903
2013.03.26 00:22:50.143,1.06878,1.06903
2013.03.26 00:22:52.833,1.06878,1.06903
2013.03.26 00:22:56.071,1.06877,1.06903
2013.03.26 00:22:58.240,1.0688,1.06903
2013.03.26 00:23:36.393,1.06876,1.06902
2013.03.26 00:23:36.573,1.06876,1.06901
2013.03.26 00:23:39.104,1.06876,1.06901
2013.03.26 00:23:39.659,1.06874,1.06899
2013.03.26 00:23:39.894,1.06874,1.06898
2013.03.26 00:23:41.101,1.06874,1.06899
2013.03.26 00:23:41.651,1.06876,1.06901
2013.03.26 00:23:51.907,1.06878,1.06899
2013.03.26 00:23:59.084,1.06878,1.06898
2013.03.26 00:23:59.633,1.06878,1.06896
2013.03.26 00:23:59.694,1.06872,1.06894
2013.03.26 00:23:59.755,1.06872,1.06894
2013.03.26 00:24:00.214,1.06869,1.06894
2013.03.26 00:24:00.404,1.06869,1.06894
2013.03.26 00:24:00.585,1.06869,1.06893
2013.03.26 00:24:01.594,1.06869,1.06893
2013.03.26 00:24:04.134,1.0687,1.06893
2013.03.26 00:24:04.494,1.06868,1.06889
2013.03.26 00:24:08.051,1.06868,1.06889
2013.03.26 00:24:10.214,1.06868,1.06887
2013.03.26 00:24:10.585,1.06866,1.06889
2013.03.26 00:24:14.916,1.06864,1.06887
2013.03.26 00:24:16.886,1.06862,1.06886
2013.03.26 00:24:19.164,1.06864,1.06887
2013.03.26 00:24:19.229,1.06868,1.06893
2013.03.26 00:24:26.580,1.06868,1.06893
2013.03.26 00:24:31.654,1.06874,1.06899
2013.03.26 00:24:31.715,1.06875,1.06899
2013.03.26 00:24:32.264,1.06879,1.06901
2013.03.26 00:24:35.824,1.06881,1.06904
2013.03.26 00:24:36.370,1.06881,1.06904
2013.03.26 00:24:36.494,1.06881,1.06904
2013.03.26 00:24:38.790,1.06879,1.06906
2013.03.26 00:24:39.340,1.0688,1.06903
2013.03.26 00:24:41.712,1.06879,1.06903
2013.03.26 00:24:44.934,1.06879,1.06903
2013.03.26 00:24:48.799,1.06879,1.06904
2013.03.26 00:24:56.271,1.0688,1.06906
2013.03.26 00:24:58.665,1.06881,1.06906
2013.03.26 00:25:01.384,1.06879,1.06906
2013.03.26 00:25:01.625,1.0688,1.06906
2013.03.26 00:25:02.524,1.0688,1.06906
2013.03.26 00:25:05.715,1.0688,1.06905
2013.03.26 00:25:06.144,1.0688,1.06904
2013.03.26 00:25:06.565,1.06877,1.06904
2013.03.26 00:25:13.095,1.06875,1.06901
2013.03.26 00:25:13.634,1.06873,1.06899
2013.03.26 00:25:13.964,1.06871,1.06896
2013.03.26 00:25:14.964,1.06871,1.06893
2013.03.26 00:25:15.384,1.06867,1.06892
2013.03.26 00:25:17.329,1.06867,1.06892
2013.03.26 00:25:18.527,1.06867,1.06891
2013.03.26 00:25:19.944,1.06867,1.06893
2013.03.26 00:25:23.869,1.06867,1.06893
2013.03.26 00:25:33.554,1.06867,1.06892
2013.03.26 00:25:37.380,1.06871,1.06895
2013.03.26 00:25:42.697,1.06871,1.06894
2013.03.26 00:25:43.174,1.06871,1.06894
2013.03.26 00:25:44.110,1.06871,1.06894
2013.03.26 00:25:50.225,1.06871,1.06895
2013.03.26 00:25:50.404,1.06871,1.06895
2013.03.26 00:25:50.764,1.06868,1.06893
2013.03.26 00:25:53.629,1.06866,1.06891
2013.03.26 00:26:04.253,1.06866,1.06891
2013.03.26 00:26:14.579,1.06867,1.06891
2013.03.26 00:26:33.110,1.06865,1.06891
2013.03.26 00:26:33.654,1.06865,1.06891
2013.03.26 00:26:34.014,1.06862,1.06888
2013.03.26 00:26:34.377,1.06862,1.06888
2013.03.26 00:26:42.127,1.06861,1.06887
2013.03.26 00:26:54.559,1.06862,1.06887
2013.03.26 00:26:58.568,1.06862,1.06887
2013.03.26 00:27:02.977,1.06862,1.06887
2013.03.26 00:27:04.225,1.06863,1.06889
2013.03.26 00:27:13.867,1.06864,1.06889
2013.03.26 00:27:16.514,1.06864,1.06888
2013.03.26 00:27:19.074,1.06864,1.06889
2013.03.26 00:27:24.831,1.06864,1.06889
2013.03.26 00:27:26.137,1.06864,1.06891
2013.03.26 00:27:33.964,1.06865,1.06891
2013.03.26 00:27:36.394,1.06865,1.06891
2013.03.26 00:27:54.893,1.06865,1.0689
2013.03.26 00:27:56.174,1.06864,1.0689
2013.03.26 00:28:03.284,1.06863,1.06889
2013.03.26 00:28:05.176,1.06864,1.0689
2013.03.26 00:28:14.154,1.06862,1.06889
2013.03.26 00:28:18.054,1.06861,1.06888
2013.03.26 00:28:20.703,1.06861,1.06888
2013.03.26 00:28:22.064,1.06863,1.06889
2013.03.26 00:28:23.346,1.06864,1.06888
2013.03.26 00:28:48.591,1.06863,1.06888
2013.03.26 00:28:53.554,1.06863,1.06888
2013.03.26 00:28:57.386,1.06862,1.06888
2013.03.26 00:28:58.615,1.06862,1.06888
2013.03.26 00:29:00.374,1.06862,1.06888
2013.03.26 00:29:00.734,1.06862,1.06884
2013.03.26 00:29:03.604,1.0686,1.06883
2013.03.26 00:29:04.675,1.06857,1.0688
2013.03.26 00:29:04.975,1.06856,1.06879
2013.03.26 00:29:17.205,1.06849,1.06873
2013.03.26 00:29:18.661,1.06848,1.06872
2013.03.26 00:29:23.845,1.06849,1.06872
2013.03.26 00:29:23.904,1.06849,1.06874
2013.03.26 00:29:29.174,1.06853,1.06877
2013.03.26 00:29:32.314,1.06853,1.06877
2013.03.26 00:29:34.849,1.06852,1.06875
2013.03.26 00:29:43.324,1.06853,1.06877
2013.03.26 00:29:44.222,1.06853,1.06875
2013.03.26 00:29:45.231,1.06853,1.06876
2013.03.26 00:29:45.579,1.06853,1.06875
2013.03.26 00:29:56.004,1.0685,1.06875
2013.03.26 00:30:00.217,1.0685,1.06874
2013.03.26 00:30:00.645,1.06851,1.06874
2013.03.26 00:30:00.765,1.06853,1.06879
2013.03.26 00:30:00.885,1.06854,1.06879
2013.03.26 00:30:12.845,1.06854,1.06879
2013.03.26 00:30:13.544,1.06853,1.06878
2013.03.26 00:30:15.564,1.06854,1.06879
2013.03.26 00:30:29.294,1.06854,1.0688
2013.03.26 00:31:00.874,1.06857,1.06882
2013.03.26 00:31:10.875,1.06857,1.06881
2013.03.26 00:31:15.604,1.06857,1.0688
2013.03.26 00:31:20.924,1.06857,1.06883
2013.03.26 00:31:20.984,1.06857,1.06883
2013.03.26 00:31:22.145,1.06858,1.06883
2013.03.26 00:31:22.325,1.06867,1.06891
2013.03.26 00:31:22.634,1.06867,1.06889
2013.03.26 00:31:42.314,1.06864,1.06888
2013.03.26 00:32:22.879,1.06861,1.06888
2013.03.26 00:32:24.680,1.06862,1.06888
2013.03.26 00:32:28.694,1.06861,1.06888
2013.03.26 00:32:29.373,1.06863,1.06888
2013.03.26 00:32:33.113,1.06863,1.06888
2013.03.26 00:32:38.836,1.06863,1.06888
2013.03.26 00:32:43.934,1.06863,1.06888
2013.03.26 00:32:51.944,1.06861,1.06887
2013.03.26 00:32:56.364,1.06861,1.06888
2013.03.26 00:32:59.325,1.06863,1.06888
2013.03.26 00:33:04.146,1.06863,1.06889
2013.03.26 00:33:14.193,1.06865,1.0689
2013.03.26 00:33:19.145,1.06866,1.06888
2013.03.26 00:33:22.486,1.06866,1.06889
2013.03.26 00:33:43.896,1.06864,1.06889
2013.03.26 00:33:49.576,1.06866,1.0689
2013.03.26 00:33:51.110,1.06866,1.0689
2013.03.26 00:34:02.594,1.06865,1.0689
2013.03.26 00:34:22.714,1.06866,1.06891
2013.03.26 00:34:25.049,1.06867,1.06892
2013.03.26 00:34:26.396,1.06867,1.06892
2013.03.26 00:34:28.375,1.06866,1.06891
2013.03.26 00:34:29.317,1.06867,1.06892
2013.03.26 00:34:32.355,1.06866,1.06891
2013.03.26 00:34:32.654,1.06869,1.06896
2013.03.26 00:34:33.695,1.06869,1.06894
2013.03.26 00:34:35.852,1.06869,1.06893
2013.03.26 00:34:36.465,1.0687,1.06896
2013.03.26 00:34:39.423,1.06869,1.06894
2013.03.26 00:34:50.765,1.06869,1.06894
2013.03.26 00:34:51.005,1.06867,1.06893
2013.03.26 00:34:58.625,1.06867,1.06892
2013.03.26 00:35:00.826,1.06869,1.06892
2013.03.26 00:35:01.125,1.06869,1.06893
2013.03.26 00:35:01.885,1.06869,1.06894
2013.03.26 00:35:05.096,1.06869,1.06891
2013.03.26 00:35:12.095,1.06869,1.06891
2013.03.26 00:35:16.685,1.06867,1.06891
2013.03.26 00:35:25.195,1.06867,1.06892
2013.03.26 00:35:32.040,1.06867,1.06891
2013.03.26 00:35:35.718,1.06866,1.06891
2013.03.26 00:35:40.847,1.06866,1.06891
2013.03.26 00:35:44.805,1.06866,1.06891
2013.03.26 00:35:54.358,1.06866,1.06891
2013.03.26 00:35:56.546,1.06868,1.06893
2013.03.26 00:35:56.605,1.06868,1.06893
2013.03.26 00:35:57.498,1.06868,1.06895
2013.03.26 00:35:57.807,1.06868,1.06894
2013.03.26 00:36:05.865,1.0687,1.06895
2013.03.26 00:36:08.366,1.06874,1.069
2013.03.26 00:36:21.125,1.06874,1.06899
2013.03.26 00:36:21.685,1.06874,1.069
2013.03.26 00:36:26.416,1.06873,1.06898
2013.03.26 00:36:28.315,1.06872,1.06897
2013.03.26 00:36:31.425,1.06872,1.06897
2013.03.26 00:36:48.465,1.06874,1.06899
2013.03.26 00:37:08.455,1.06873,1.06899
2013.03.26 00:37:26.166,1.06873,1.06897
2013.03.26 00:37:26.684,1.06871,1.06896
2013.03.26 00:37:31.544,1.06869,1.06895
2013.03.26 00:37:34.306,1.0687,1.06894
2013.03.26 00:37:34.549,1.06871,1.06894
2013.03.26 00:37:34.905,1.06875,1.06895
2013.03.26 00:37:34.965,1.06875,1.06898
2013.03.26 00:37:46.877,1.06875,1.06895
2013.03.26 00:37:53.813,1.06875,1.06898
2013.03.26 00:38:00.200,1.06872,1.06892
2013.03.26 00:38:00.445,1.06872,1.06895
2013.03.26 00:38:04.065,1.06874,1.06896
2013.03.26 00:38:04.185,1.06876,1.06898
2013.03.26 00:38:04.307,1.06877,1.06898
2013.03.26 00:38:04.631,1.06876,1.06898
2013.03.26 00:38:04.926,1.06874,1.06894
2013.03.26 00:38:05.176,1.06873,1.06894
2013.03.26 00:38:07.348,1.06874,1.06895
2013.03.26 00:38:07.405,1.06875,1.069
2013.03.26 00:38:07.527,1.06876,1.069
2013.03.26 00:38:07.882,1.06878,1.06903
2013.03.26 00:38:10.916,1.0688,1.06904
2013.03.26 00:38:14.705,1.0688,1.06901
2013.03.26 00:38:16.707,1.0688,1.06903
2013.03.26 00:38:18.536,1.0688,1.06902
2013.03.26 00:38:21.855,1.0688,1.06903
2013.03.26 00:38:28.158,1.06879,1.06904
2013.03.26 00:38:28.346,1.06882,1.06906
2013.03.26 00:38:29.888,1.06882,1.06906
2013.03.26 00:38:30.067,1.06881,1.06903
2013.03.26 00:38:30.186,1.06877,1.06903
2013.03.26 00:39:10.215,1.06877,1.06898
2013.03.26 00:39:20.421,1.06877,1.06901
2013.03.26 00:39:20.545,1.06878,1.06904
2013.03.26 00:39:20.905,1.06882,1.06905
2013.03.26 00:39:21.355,1.06882,1.06908
2013.03.26 00:39:22.866,1.06882,1.06907
2013.03.26 00:39:31.346,1.06882,1.06908
2013.03.26 00:39:33.675,1.06882,1.06907
2013.03.26 00:39:40.026,1.06886,1.06909
2013.03.26 00:39:40.086,1.06888,1.06911
2013.03.26 00:39:40.210,1.06892,1.06912
2013.03.26 00:39:40.336,1.06892,1.06915
2013.03.26 00:39:41.056,1.0689,1.06914
2013.03.26 00:39:41.235,1.0689,1.06913
2013.03.26 00:39:45.621,1.0689,1.06914
2013.03.26 00:39:46.227,1.06887,1.06911
2013.03.26 00:39:46.595,1.0689,1.06908
2013.03.26 00:39:48.842,1.06885,1.06909
2013.03.26 00:39:50.495,1.06885,1.0691
2013.03.26 00:39:57.156,1.06889,1.06912
2013.03.26 00:39:58.905,1.06889,1.06911
2013.03.26 00:40:04.376,1.06889,1.0691
2013.03.26 00:40:14.641,1.06889,1.06912
2013.03.26 00:40:15.046,1.06887,1.06911
2013.03.26 00:40:20.195,1.06889,1.06911
2013.03.26 00:40:20.873,1.06889,1.0691
2013.03.26 00:40:25.386,1.06887,1.06909
2013.03.26 00:40:26.815,1.06887,1.06908
2013.03.26 00:40:30.730,1.06887,1.06908
2013.03.26 00:40:32.821,1.06884,1.06906
2013.03.26 00:40:32.886,1.06881,1.06905
2013.03.26 00:40:33.603,1.06881,1.06901
2013.03.26 00:40:38.911,1.06881,1.06903
2013.03.26 00:40:43.956,1.06879,1.06902
2013.03.26 00:40:44.829,1.06876,1.06902
2013.03.26 00:40:49.296,1.06877,1.069
2013.03.26 00:40:58.696,1.06877,1.06902
2013.03.26 00:41:01.807,1.06876,1.06902
2013.03.26 00:41:02.828,1.06876,1.06902
2013.03.26 00:41:03.431,1.06876,1.069
2013.03.26 00:41:08.936,1.06876,1.06898
2013.03.26 00:41:18.981,1.06876,1.06901
2013.03.26 00:41:20.066,1.06875,1.06898
2013.03.26 00:41:22.257,1.06875,1.06896
2013.03.26 00:41:26.145,1.06875,1.06896
2013.03.26 00:41:26.447,1.06875,1.06894
2013.03.26 00:41:27.687,1.06871,1.06892
2013.03.26 00:41:28.205,1.06867,1.06891
2013.03.26 00:41:29.067,1.06867,1.06889
2013.03.26 00:41:33.926,1.06867,1.06889
2013.03.26 00:41:34.228,1.06867,1.06891
2013.03.26 00:41:34.766,1.06872,1.06894
2013.03.26 00:41:35.196,1.06871,1.06894
2013.03.26 00:41:35.659,1.06872,1.06894
2013.03.26 00:41:36.085,1.06872,1.06893
2013.03.26 00:41:37.837,1.06872,1.06895
2013.03.26 00:41:38.427,1.06871,1.06894
2013.03.26 00:41:38.547,1.06871,1.06893
2013.03.26 00:41:39.087,1.06867,1.06892
2013.03.26 00:41:39.435,1.06867,1.06892
2013.03.26 00:41:39.736,1.06872,1.06894
2013.03.26 00:41:40.035,1.06872,1.06896
2013.03.26 00:41:41.666,1.06876,1.069
2013.03.26 00:41:47.576,1.06876,1.06901
2013.03.26 00:41:53.152,1.06876,1.06901
2013.03.26 00:41:56.360,1.06876,1.06901
2013.03.26 00:41:58.596,1.06876,1.06901
2013.03.26 00:41:58.777,1.06881,1.06903
2013.03.26 00:41:58.896,1.06881,1.06903
2013.03.26 00:41:59.017,1.06882,1.06905
2013.03.26 00:41:59.436,1.06882,1.06905
2013.03.26 00:42:00.865,1.06882,1.06907
2013.03.26 00:42:01.106,1.06885,1.06908
2013.03.26 00:42:05.636,1.06884,1.06908
2013.03.26 00:42:05.705,1.0688,1.06905
2013.03.26 00:42:23.895,1.06882,1.06907
2013.03.26 00:42:24.484,1.06884,1.06908
2013.03.26 00:42:27.236,1.06884,1.0691
2013.03.26 00:42:28.144,1.06883,1.0691
2013.03.26 00:42:28.386,1.06884,1.06908
2013.03.26 00:42:30.150,1.06883,1.06907
2013.03.26 00:42:30.615,1.06882,1.06905
2013.03.26 00:42:40.465,1.06879,1.06904
2013.03.26 00:42:44.916,1.06881,1.06905
2013.03.26 00:42:45.466,1.06881,1.06905
2013.03.26 00:42:45.676,1.06884,1.06907
2013.03.26 00:42:45.736,1.06886,1.06911
2013.03.26 00:42:52.664,1.06886,1.06911
2013.03.26 00:42:57.687,1.06886,1.06911
2013.03.26 00:42:58.779,1.06886,1.06911
2013.03.26 00:43:01.665,1.06886,1.06912
2013.03.26 00:43:04.876,1.06887,1.06911
2013.03.26 00:43:05.175,1.06886,1.06908
2013.03.26 00:43:06.656,1.06882,1.06906
2013.03.26 00:43:06.917,1.06888,1.06909
2013.03.26 00:43:07.036,1.06892,1.06913
2013.03.26 00:43:07.156,1.06892,1.06913
2013.03.26 00:43:07.276,1.06892,1.06914
2013.03.26 00:43:07.336,1.06897,1.06919
2013.03.26 00:43:08.307,1.06896,1.06918
2013.03.26 00:43:08.425,1.06893,1.06917
2013.03.26 00:43:12.406,1.06893,1.06917
2013.03.26 00:43:12.946,1.06893,1.06918
2013.03.26 00:43:17.686,1.06891,1.06917
2013.03.26 00:43:18.623,1.06893,1.06917
2013.03.26 00:43:21.378,1.06893,1.0692
2013.03.26 00:43:21.497,1.06898,1.06923
2013.03.26 00:43:21.677,1.06902,1.06926
2013.03.26 00:43:22.767,1.06904,1.06928
2013.03.26 00:43:22.886,1.06902,1.06926
2013.03.26 00:43:25.166,1.06902,1.06928
2013.03.26 00:43:27.093,1.06902,1.06926
2013.03.26 00:43:29.335,1.06902,1.06927
2013.03.26 00:43:34.366,1.06902,1.06926
2013.03.26 00:43:38.295,1.06902,1.06927
2013.03.26 00:44:01.596,1.06903,1.06928
2013.03.26 00:44:13.147,1.06903,1.06928
2013.03.26 00:44:16.281,1.06903,1.06928
2013.03.26 00:44:21.565,1.06903,1.06928
2013.03.26 00:44:27.449,1.06903,1.06929
2013.03.26 00:44:47.385,1.06903,1.06928
2013.03.26 00:44:56.409,1.06901,1.06923
2013.03.26 00:45:20.208,1.06898,1.06922
2013.03.26 00:45:20.597,1.06896,1.06918
2013.03.26 00:45:20.928,1.06896,1.0692
2013.03.26 00:45:22.116,1.06894,1.06919
2013.03.26 00:45:22.236,1.06894,1.06917
2013.03.26 00:45:22.782,1.06892,1.06916
2013.03.26 00:45:22.909,1.06895,1.06919
2013.03.26 00:45:23.450,1.06898,1.06923
2013.03.26 00:45:25.877,1.069,1.06924
2013.03.26 00:45:25.937,1.06901,1.06928
2013.03.26 00:45:26.297,1.06904,1.06931
2013.03.26 00:45:26.417,1.06907,1.06933
2013.03.26 00:45:27.438,1.06904,1.06928
2013.03.26 00:45:30.558,1.06904,1.06928
2013.03.26 00:45:31.076,1.06907,1.06929
2013.03.26 00:45:31.379,1.06904,1.06928
2013.03.26 00:45:31.506,1.06907,1.06929
2013.03.26 00:45:31.877,1.06907,1.06932
2013.03.26 00:45:32.146,1.06906,1.06931
2013.03.26 00:45:33.366,1.06906,1.06929
2013.03.26 00:45:33.686,1.06902,1.06927
2013.03.26 00:45:33.865,1.06902,1.06927
2013.03.26 00:45:43.816,1.06902,1.06927
2013.03.26 00:45:44.117,1.06902,1.06923
2013.03.26 00:45:44.356,1.06901,1.06923
2013.03.26 00:45:44.596,1.06901,1.06926
2013.03.26 00:45:44.916,1.06902,1.06927
2013.03.26 00:45:50.557,1.06901,1.06927
2013.03.26 00:45:54.427,1.06901,1.06927
2013.03.26 00:45:56.958,1.06901,1.06925
2013.03.26 00:46:02.886,1.06901,1.06924
2013.03.26 00:46:08.539,1.06899,1.06924
2013.03.26 00:46:13.656,1.06897,1.06919
2013.03.26 00:46:13.837,1.06896,1.06919
2013.03.26 00:46:13.897,1.06896,1.06918
2013.03.26 00:46:14.438,1.06891,1.06914
2013.03.26 00:46:14.746,1.06891,1.06913
2013.03.26 00:46:15.907,1.0689,1.06915
2013.03.26 00:46:15.967,1.06894,1.06915
2013.03.26 00:46:16.387,1.06898,1.0692
2013.03.26 00:46:16.446,1.06898,1.06922
2013.03.26 00:46:18.857,1.06901,1.06924
2013.03.26 00:46:18.976,1.06901,1.06924
2013.03.26 00:46:19.747,1.06901,1.06924
2013.03.26 00:46:19.878,1.06901,1.06924
2013.03.26 00:46:20.387,1.06901,1.06924
2013.03.26 00:46:20.978,1.06901,1.06924
2013.03.26 00:46:21.176,1.06903,1.06925
2013.03.26 00:46:21.690,1.06903,1.06927
2013.03.26 00:46:23.627,1.06901,1.06924
2013.03.26 00:46:23.896,1.069,1.06923
2013.03.26 00:46:35.196,1.06896,1.06921
2013.03.26 00:46:35.330,1.06896,1.06919
2013.03.26 00:46:46.520,1.06894,1.06919
2013.03.26 00:46:53.147,1.06894,1.06919
2013.03.26 00:46:53.886,1.06894,1.06919
2013.03.26 00:46:54.127,1.06896,1.06921
2013.03.26 00:46:54.926,1.06896,1.0692
2013.03.26 00:46:54.986,1.06895,1.06919
2013.03.26 00:47:00.341,1.06894,1.06919
2013.03.26 00:47:00.466,1.06896,1.06921
2013.03.26 00:47:20.596,1.06899,1.06924
2013.03.26 00:47:25.378,1.06899,1.06924
2013.03.26 00:47:41.178,1.06899,1.06925
2013.03.26 00:47:42.926,1.06901,1.06925
2013.03.26 00:47:43.671,1.06899,1.06925
2013.03.26 00:47:44.829,1.06901,1.06926
2013.03.26 00:47:45.335,1.06904,1.06928
2013.03.26 00:47:49.696,1.06904,1.06928
2013.03.26 00:47:50.197,1.06906,1.06929
2013.03.26 00:47:53.578,1.06906,1.06928
2013.03.26 00:47:54.127,1.06905,1.06928
2013.03.26 00:47:58.486,1.06904,1.06928
2013.03.26 00:47:59.189,1.06904,1.06924
2013.03.26 00:48:03.639,1.06902,1.06923
2013.03.26 00:48:11.242,1.06902,1.06923
2013.03.26 00:48:13.097,1.06901,1.06923
2013.03.26 00:48:18.417,1.069,1.06923
2013.03.26 00:48:18.477,1.06899,1.06921
2013.03.26 00:48:18.725,1.06896,1.0692
2013.03.26 00:48:18.856,1.06898,1.06922
2013.03.26 00:48:19.374,1.06898,1.0692
2013.03.26 00:48:19.936,1.06898,1.0692
2013.03.26 00:48:20.139,1.06897,1.06918
2013.03.26 00:48:20.527,1.06896,1.06918
2013.03.26 00:48:20.767,1.0689,1.06914
2013.03.26 00:48:21.067,1.0689,1.06914
2013.03.26 00:48:25.117,1.06891,1.06916
2013.03.26 00:48:26.646,1.06891,1.06914
2013.03.26 00:48:27.156,1.06888,1.06911
2013.03.26 00:48:34.407,1.06886,1.06911
2013.03.26 00:48:34.527,1.06886,1.06908
2013.03.26 00:48:34.828,1.06882,1.06904
2013.03.26 00:48:35.247,1.0689,1.06911
2013.03.26 00:48:35.457,1.0689,1.06913
2013.03.26 00:48:37.571,1.0689,1.06913
2013.03.26 00:48:38.059,1.0689,1.06913
2013.03.26 00:48:39.180,1.06887,1.06912
2013.03.26 00:48:40.337,1.06887,1.0691
2013.03.26 00:48:40.577,1.06886,1.0691
2013.03.26 00:48:40.879,1.06886,1.0691
2013.03.26 00:48:41.016,1.06885,1.06906
2013.03.26 00:48:41.862,1.06885,1.06906
2013.03.26 00:48:48.861,1.06885,1.06907
2013.03.26 00:48:54.987,1.06887,1.06911
2013.03.26 00:48:55.046,1.06887,1.06911
2013.03.26 00:49:04.596,1.06887,1.06911
2013.03.26 00:49:05.656,1.06886,1.06909
2013.03.26 00:49:05.902,1.06884,1.06908
2013.03.26 00:49:05.978,1.06883,1.06906
2013.03.26 00:49:06.037,1.06881,1.06905
2013.03.26 00:49:12.715,1.06882,1.06906
2013.03.26 00:49:13.511,1.06882,1.06907
2013.03.26 00:49:32.037,1.06882,1.06908
2013.03.26 00:49:39.176,1.06883,1.06908
2013.03.26 00:49:39.236,1.06882,1.06907
2013.03.26 00:49:39.537,1.0688,1.06905
2013.03.26 00:49:52.168,1.06879,1.06903
2013.03.26 00:49:52.647,1.06877,1.06902
2013.03.26 00:49:52.907,1.06879,1.06902
2013.03.26 00:49:53.272,1.06875,1.06901
2013.03.26 00:49:53.707,1.06879,1.06903
2013.03.26 00:49:57.997,1.06879,1.06904
2013.03.26 00:50:02.224,1.06879,1.06903
2013.03.26 00:50:04.186,1.06879,1.06902
2013.03.26 00:50:05.948,1.06878,1.06901
2013.03.26 00:50:06.428,1.06874,1.06899
2013.03.26 00:50:06.609,1.06874,1.069
2013.03.26 00:50:06.923,1.06874,1.06898
2013.03.26 00:50:07.897,1.06874,1.06898
2013.03.26 00:50:08.017,1.06874,1.06898
2013.03.26 00:50:09.102,1.06874,1.06895
2013.03.26 00:50:13.067,1.06874,1.06898
2013.03.26 00:50:14.517,1.06874,1.06898
2013.03.26 00:50:18.137,1.06874,1.06898
2013.03.26 00:50:18.760,1.06874,1.069
2013.03.26 00:50:24.666,1.06874,1.06899
2013.03.26 00:50:27.307,1.06876,1.069
2013.03.26 00:50:27.367,1.06877,1.06902
2013.03.26 00:50:28.237,1.06876,1.069
2013.03.26 00:50:31.137,1.06876,1.069
2013.03.26 00:50:36.058,1.06876,1.06899
2013.03.26 00:50:36.178,1.06876,1.06899
2013.03.26 00:50:36.477,1.06876,1.06897
2013.03.26 00:50:37.275,1.0687,1.06895
2013.03.26 00:50:38.107,1.0687,1.06895
2013.03.26 00:51:08.296,1.0687,1.06896
2013.03.26 00:51:08.538,1.06873,1.069
2013.03.26 00:51:09.106,1.06876,1.06901
2013.03.26 00:51:14.697,1.06873,1.06899
2013.03.26 00:51:18.649,1.06872,1.06898
2013.03.26 00:51:18.887,1.06873,1.06895
2013.03.26 00:51:19.417,1.0687,1.06895
2013.03.26 00:51:20.408,1.06874,1.06897
2013.03.26 00:51:22.243,1.06874,1.06898
2013.03.26 00:51:22.688,1.06874,1.06898
2013.03.26 00:51:23.048,1.06871,1.06893
2013.03.26 00:51:23.228,1.06867,1.06891
2013.03.26 00:51:23.348,1.06865,1.06888
2013.03.26 00:51:23.649,1.06864,1.06888
2013.03.26 00:51:38.401,1.06863,1.06888
2013.03.26 00:51:41.067,1.06863,1.06888
2013.03.26 00:51:41.247,1.06867,1.06892
2013.03.26 00:51:47.117,1.06867,1.06892
2013.03.26 00:51:47.597,1.06871,1.06897
2013.03.26 00:51:47.657,1.06871,1.06898
2013.03.26 00:51:47.897,1.06876,1.06902
2013.03.26 00:51:48.826,1.06876,1.06902
2013.03.26 00:51:50.008,1.06876,1.069
2013.03.26 00:51:50.911,1.06876,1.06899
2013.03.26 00:51:54.188,1.06876,1.06896
2013.03.26 00:51:54.759,1.06872,1.06898
2013.03.26 00:52:09.547,1.06872,1.06898
2013.03.26 00:52:09.787,1.06877,1.06901
2013.03.26 00:52:09.907,1.06877,1.06901
2013.03.26 00:52:10.148,1.06876,1.06901
2013.03.26 00:52:12.835,1.06876,1.06901
2013.03.26 00:52:22.167,1.06877,1.06901
2013.03.26 00:52:24.417,1.06878,1.06903
2013.03.26 00:52:29.054,1.06877,1.06901
2013.03.26 00:52:29.587,1.06876,1.06901
2013.03.26 00:52:29.647,1.06877,1.06902
2013.03.26 00:52:29.827,1.06879,1.06904
2013.03.26 00:52:30.428,1.06878,1.06903
2013.03.26 00:52:30.787,1.06874,1.06899
2013.03.26 00:52:31.097,1.06874,1.06899
2013.03.26 00:52:31.668,1.06874,1.069
2013.03.26 00:52:33.407,1.06874,1.069
2013.03.26 00:52:49.458,1.06874,1.069
2013.03.26 00:52:50.118,1.06874,1.06899
2013.03.26 00:52:50.297,1.06874,1.06898
2013.03.26 00:52:51.373,1.0687,1.06896
2013.03.26 00:52:53.806,1.0687,1.06895
2013.03.26 00:52:59.169,1.0687,1.06897
2013.03.26 00:53:12.357,1.06874,1.06899
2013.03.26 00:53:15.978,1.06874,1.06899
2013.03.26 00:53:25.304,1.06874,1.06899
2013.03.26 00:53:25.827,1.06873,1.06898
2013.03.26 00:53:26.137,1.06873,1.06893
2013.03.26 00:53:26.437,1.06869,1.06892
2013.03.26 00:53:26.977,1.06867,1.0689
2013.03.26 00:53:28.617,1.06869,1.06892
2013.03.26 00:53:29.739,1.0687,1.06895
2013.03.26 00:53:33.779,1.06869,1.06895
2013.03.26 00:53:34.167,1.06869,1.06892
2013.03.26 00:53:34.957,1.06869,1.06895
2013.03.26 00:53:36.052,1.0687,1.06895
2013.03.26 00:53:40.053,1.0687,1.06895
2013.03.26 00:53:40.297,1.06877,1.069
2013.03.26 00:53:40.478,1.06877,1.069
2013.03.26 00:53:40.658,1.06872,1.06897
2013.03.26 00:53:41.617,1.06873,1.06897
2013.03.26 00:53:42.037,1.06873,1.06898
2013.03.26 00:53:45.553,1.06873,1.06898
2013.03.26 00:53:49.082,1.06872,1.06897
2013.03.26 00:53:51.107,1.06871,1.06896
2013.03.26 00:53:51.288,1.06868,1.06893
2013.03.26 00:53:51.407,1.06868,1.06893
2013.03.26 00:54:01.884,1.06868,1.06893
2013.03.26 00:54:11.592,1.06868,1.06894
2013.03.26 00:54:16.329,1.06868,1.06894
2013.03.26 00:54:30.788,1.06868,1.06892
2013.03.26 00:54:38.851,1.06867,1.06892
2013.03.26 00:54:42.080,1.06868,1.06894
2013.03.26 00:54:42.200,1.06869,1.06894
2013.03.26 00:54:51.499,1.06872,1.06897
2013.03.26 00:54:51.557,1.06872,1.06897
2013.03.26 00:54:54.063,1.06872,1.06897
2013.03.26 00:54:54.607,1.06876,1.06902
2013.03.26 00:54:55.071,1.06876,1.06901
2013.03.26 00:54:56.908,1.06875,1.06898
2013.03.26 00:54:57.549,1.06871,1.06897
2013.03.26 00:54:58.679,1.06871,1.06896
2013.03.26 00:54:59.639,1.06876,1.06899
2013.03.26 00:54:59.760,1.06876,1.06899
2013.03.26 00:54:59.817,1.06876,1.06899
2013.03.26 00:55:00.239,1.06873,1.0689
2013.03.26 00:55:00.301,1.06867,1.0689
2013.03.26 00:55:00.371,1.06867,1.06885
2013.03.26 00:55:00.442,1.06864,1.06879
2013.03.26 00:55:00.510,1.06857,1.06879
2013.03.26 00:55:00.777,1.06856,1.06879
2013.03.26 00:55:01.348,1.06855,1.0688
2013.03.26 00:55:02.261,1.06855,1.06881
2013.03.26 00:55:04.358,1.06859,1.06885
2013.03.26 00:55:04.659,1.06859,1.06883
2013.03.26 00:55:05.078,1.06859,1.06885
2013.03.26 00:55:05.438,1.06859,1.06883
2013.03.26 00:55:06.038,1.06859,1.06884
2013.03.26 00:55:06.488,1.06857,1.06882
2013.03.26 00:55:09.388,1.06857,1.0688
2013.03.26 00:55:10.134,1.06854,1.0688
2013.03.26 00:55:10.553,1.06854,1.0688
2013.03.26 00:55:11.337,1.06857,1.06882
2013.03.26 00:55:11.398,1.06856,1.06881
2013.03.26 00:55:11.577,1.06854,1.0688
2013.03.26 00:55:12.938,1.06856,1.06882
2013.03.26 00:55:21.399,1.06855,1.0688
2013.03.26 00:55:21.638,1.06855,1.06881
2013.03.26 00:55:22.051,1.06854,1.06881
2013.03.26 00:55:24.190,1.06854,1.06881
2013.03.26 00:55:25.126,1.06854,1.06879
2013.03.26 00:55:30.309,1.06854,1.06878
2013.03.26 00:55:30.618,1.06851,1.06875
2013.03.26 00:55:30.968,1.06851,1.06875
2013.03.26 00:55:31.392,1.06851,1.06875
2013.03.26 00:55:35.617,1.06849,1.06875
2013.03.26 00:55:39.997,1.06854,1.06879
2013.03.26 00:55:40.120,1.06854,1.06879
2013.03.26 00:55:45.302,1.06854,1.06879
2013.03.26 00:55:54.877,1.06853,1.06878
2013.03.26 00:55:56.735,1.06856,1.06881
2013.03.26 00:55:57.047,1.06858,1.06882
2013.03.26 00:55:58.061,1.06857,1.06882
2013.03.26 00:56:02.627,1.06858,1.06883
2013.03.26 00:56:03.927,1.06856,1.06882
2013.03.26 00:56:05.887,1.06858,1.06883
2013.03.26 00:56:07.081,1.06857,1.06882
2013.03.26 00:56:14.388,1.06858,1.06882
2013.03.26 00:56:15.137,1.06858,1.06882
2013.03.26 00:56:16.628,1.06858,1.06882
2013.03.26 00:56:17.388,1.06859,1.06883
2013.03.26 00:56:22.900,1.06856,1.0688
2013.03.26 00:56:23.138,1.06855,1.0688
2013.03.26 00:56:23.748,1.06856,1.0688
2013.03.26 00:56:23.868,1.06857,1.0688
2013.03.26 00:56:24.378,1.06854,1.06878
2013.03.26 00:56:25.977,1.06856,1.06878
2013.03.26 00:56:26.587,1.06856,1.0688
2013.03.26 00:56:42.357,1.06853,1.0688
2013.03.26 00:56:42.658,1.06851,1.06874
2013.03.26 00:56:55.948,1.06853,1.06875
2013.03.26 00:56:56.009,1.06856,1.06881
2013.03.26 00:56:56.067,1.06856,1.06879
2013.03.26 00:57:01.168,1.06855,1.06878
2013.03.26 00:57:01.348,1.06852,1.06875
2013.03.26 00:57:01.897,1.06852,1.06875
2013.03.26 00:57:06.069,1.06852,1.06876
2013.03.26 00:57:07.209,1.06855,1.06875
2013.03.26 00:57:07.457,1.06854,1.06879
2013.03.26 00:57:07.637,1.06855,1.06879
2013.03.26 00:57:08.178,1.06854,1.06879
2013.03.26 00:57:08.297,1.06861,1.06884
2013.03.26 00:57:10.167,1.06858,1.06883
2013.03.26 00:57:10.861,1.06859,1.0688
2013.03.26 00:57:10.929,1.06862,1.06887
2013.03.26 00:57:11.349,1.06861,1.06883
2013.03.26 00:57:22.398,1.06861,1.06885
2013.03.26 00:57:22.637,1.06864,1.06888
2013.03.26 00:57:26.849,1.06862,1.06887
2013.03.26 00:57:33.465,1.06861,1.06887
2013.03.26 00:57:33.598,1.06864,1.0689
2013.03.26 00:57:33.968,1.06864,1.06887
2013.03.26 00:57:35.410,1.06861,1.06884
2013.03.26 00:57:35.539,1.06859,1.06879
2013.03.26 00:57:36.360,1.06855,1.06879
2013.03.26 00:57:39.317,1.06855,1.06879
2013.03.26 00:57:40.379,1.06855,1.06881
2013.03.26 00:57:42.928,1.06859,1.06883
2013.03.26 00:57:50.767,1.06859,1.06884
2013.03.26 00:57:53.597,1.06861,1.06886
2013.03.26 00:57:55.464,1.06863,1.06886
2013.03.26 00:57:59.275,1.06863,1.06888
2013.03.26 00:58:03.189,1.06863,1.06888
2013.03.26 00:58:05.125,1.06863,1.0689
2013.03.26 00:58:09.148,1.06863,1.06889
2013.03.26 00:58:11.051,1.06863,1.06887
2013.03.26 00:58:12.309,1.06862,1.06885
2013.03.26 00:58:16.927,1.06858,1.06885
2013.03.26 00:58:19.291,1.06858,1.06885
2013.03.26 00:58:25.207,1.06858,1.06884
2013.03.26 00:58:26.169,1.06858,1.06885
2013.03.26 00:58:26.840,1.06858,1.06883
2013.03.26 00:58:27.347,1.06858,1.06883
2013.03.26 00:58:29.330,1.06858,1.06882
2013.03.26 00:58:38.440,1.06856,1.06881
2013.03.26 00:58:38.516,1.06852,1.06877
2013.03.26 00:58:45.887,1.06853,1.06877
2013.03.26 00:58:55.579,1.06852,1.06877
2013.03.26 00:58:58.139,1.06852,1.06878
2013.03.26 00:59:01.258,1.06852,1.06877
2013.03.26 00:59:01.318,1.0685,1.06876
2013.03.26 00:59:01.859,1.0685,1.06874
2013.03.26 00:59:02.397,1.0685,1.06874
2013.03.26 00:59:02.889,1.0685,1.06874
2013.03.26 00:59:03.850,1.0685,1.06874
2013.03.26 00:59:05.077,1.06847,1.06874
2013.03.26 00:59:05.137,1.06847,1.06874
2013.03.26 00:59:07.840,1.06848,1.06874
2013.03.26 00:59:08.578,1.06848,1.06874
2013.03.26 00:59:09.786,1.06848,1.06874
2013.03.26 00:59:12.608,1.06847,1.06874
2013.03.26 00:59:12.997,1.06847,1.06874
2013.03.26 00:59:13.118,1.06847,1.06874
2013.03.26 00:59:18.827,1.06852,1.06876
2013.03.26 00:59:19.008,1.06853,1.0688
2013.03.26 00:59:19.438,1.06853,1.06879
2013.03.26 00:59:24.268,1.06852,1.06878
2013.03.26 00:59:27.110,1.06852,1.06876
2013.03.26 00:59:40.025,1.0685,1.06876
2013.03.26 00:59:45.288,1.0685,1.06874
2013.03.26 00:59:45.470,1.0685,1.06873
2013.03.26 00:59:45.888,1.06844,1.06871
2013.03.26 00:59:46.399,1.06845,1.06871
2013.03.26 00:59:48.478,1.06845,1.06871
2013.03.26 00:59:52.975,1.06845,1.06871
2013.03.26 01:00:00.018,1.06846,1.06871
2013.03.26 01:00:00.724,1.06846,1.06868
2013.03.26 01:00:00.864,1.06846,1.06871
2013.03.26 01:00:00.989,1.06846,1.06868
2013.03.26 01:00:02.289,1.06846,1.06871
2013.03.26 01:00:02.348,1.06846,1.06871
2013.03.26 01:00:11.908,1.06847,1.06871
2013.03.26 01:00:12.658,1.06847,1.06871
2013.03.26 01:00:12.838,1.06849,1.06872
2013.03.26 01:00:15.098,1.06849,1.06872
2013.03.26 01:00:16.908,1.06847,1.06872
2013.03.26 01:00:19.162,1.06848,1.06874
2013.03.26 01:00:19.787,1.0685,1.06875
2013.03.26 01:00:28.649,1.0685,1.06875
2013.03.26 01:00:38.688,1.0685,1.06875
2013.03.26 01:00:49.597,1.06851,1.06875
2013.03.26 01:00:54.108,1.06851,1.06877
2013.03.26 01:00:54.348,1.06851,1.06875
2013.03.26 01:00:54.888,1.06851,1.06877
2013.03.26 01:00:57.838,1.06851,1.06875
2013.03.26 01:00:58.390,1.06851,1.06875
2013.03.26 01:01:01.408,1.0685,1.06874
2013.03.26 01:01:01.954,1.0685,1.06874
2013.03.26 01:01:05.538,1.0685,1.06877
2013.03.26 01:01:14.077,1.0685,1.06874
2013.03.26 01:01:18.058,1.0685,1.06874
2013.03.26 01:01:20.974,1.06848,1.06873
2013.03.26 01:01:21.728,1.06849,1.06873
2013.03.26 01:01:21.888,1.06849,1.06873
2013.03.26 01:01:22.440,1.06849,1.06873
2013.03.26 01:01:23.686,1.0685,1.06873
2013.03.26 01:01:24.838,1.06848,1.06873
2013.03.26 01:01:25.640,1.06848,1.06873
2013.03.26 01:01:25.712,1.06846,1.0687
2013.03.26 01:01:26.289,1.06843,1.06868
2013.03.26 01:01:27.528,1.06842,1.06866
2013.03.26 01:01:31.168,1.06842,1.06866
2013.03.26 01:01:34.047,1.06843,1.06868
2013.03.26 01:01:34.169,1.06843,1.06867
2013.03.26 01:01:34.489,1.06843,1.06868
2013.03.26 01:01:46.108,1.06844,1.06869
2013.03.26 01:01:56.358,1.06842,1.06869
2013.03.26 01:01:56.559,1.06846,1.06871
2013.03.26 01:01:59.089,1.06847,1.06872
2013.03.26 01:02:14.122,1.06846,1.0687
2013.03.26 01:02:16.608,1.06843,1.06869
2013.03.26 01:02:18.530,1.06842,1.06867
2013.03.26 01:02:19.617,1.06842,1.06865
2013.03.26 01:02:20.658,1.06842,1.06868
2013.03.26 01:02:28.288,1.06843,1.06868
2013.03.26 01:02:36.598,1.06843,1.06869
2013.03.26 01:02:56.600,1.06843,1.06869
2013.03.26 01:03:13.899,1.06844,1.06869
2013.03.26 01:03:14.619,1.06843,1.06869
2013.03.26 01:03:16.658,1.06842,1.06867
2013.03.26 01:03:18.317,1.06842,1.06867
2013.03.26 01:03:19.418,1.06842,1.06867
2013.03.26 01:03:22.870,1.06842,1.06867
2013.03.26 01:03:36.718,1.06844,1.06868
2013.03.26 01:03:44.609,1.06844,1.06868
2013.03.26 01:03:47.080,1.06844,1.06869
2013.03.26 01:03:50.911,1.06842,1.06866
2013.03.26 01:03:51.504,1.06841,1.06865
2013.03.26 01:03:57.689,1.06843,1.06867
2013.03.26 01:03:57.939,1.06843,1.0687
2013.03.26 01:04:09.513,1.06843,1.06869
2013.03.26 01:04:13.978,1.06844,1.06869
2013.03.26 01:04:15.349,1.06846,1.0687
2013.03.26 01:04:15.634,1.06849,1.06873
2013.03.26 01:04:16.173,1.06849,1.06873
2013.03.26 01:04:26.650,1.06849,1.06872
2013.03.26 01:04:26.898,1.06846,1.06867
2013.03.26 01:04:32.868,1.0684,1.06866
2013.03.26 01:04:41.918,1.06841,1.06867
2013.03.26 01:04:46.244,1.0684,1.06867
2013.03.26 01:04:46.742,1.0684,1.06867
2013.03.26 01:04:46.868,1.0684,1.06864
2013.03.26 01:04:56.564,1.0684,1.06865
2013.03.26 01:04:57.009,1.06843,1.06869
2013.03.26 01:05:08.921,1.06843,1.06869
2013.03.26 01:05:11.828,1.06845,1.06868
2013.03.26 01:05:14.183,1.06845,1.0687
2013.03.26 01:05:16.979,1.06847,1.06871
2013.03.26 01:05:22.369,1.06846,1.06869
2013.03.26 01:05:24.099,1.06843,1.06869
2013.03.26 01:05:31.610,1.06843,1.06869
2013.03.26 01:05:49.519,1.06843,1.06868
2013.03.26 01:05:54.519,1.06843,1.06869
2013.03.26 01:05:58.889,1.06843,1.06869
2013.03.26 01:05:59.370,1.06841,1.06866
2013.03.26 01:06:06.118,1.06842,1.06867
2013.03.26 01:06:08.349,1.06842,1.06865
2013.03.26 01:06:08.410,1.06841,1.06863
2013.03.26 01:06:09.027,1.06837,1.06863
2013.03.26 01:06:09.101,1.06834,1.06858
2013.03.26 01:06:09.168,1.06832,1.06858
2013.03.26 01:06:09.229,1.06832,1.06856
2013.03.26 01:06:09.528,1.06832,1.06858
2013.03.26 01:06:16.649,1.06834,1.06859
2013.03.26 01:06:35.552,1.06834,1.06859
2013.03.26 01:06:42.610,1.06837,1.06858
2013.03.26 01:06:47.848,1.06834,1.06858
2013.03.26 01:07:07.105,1.06834,1.06859
2013.03.26 01:07:08.649,1.06834,1.06859
2013.03.26 01:07:09.709,1.06835,1.06859
2013.03.26 01:07:10.259,1.06835,1.0686
2013.03.26 01:07:10.829,1.06835,1.0686
2013.03.26 01:07:10.889,1.06835,1.06858
2013.03.26 01:07:11.068,1.06831,1.06858
2013.03.26 01:07:18.871,1.06832,1.06855
2013.03.26 01:07:19.649,1.06835,1.06859
2013.03.26 01:07:21.118,1.06834,1.06859
2013.03.26 01:07:26.828,1.06835,1.06859
2013.03.26 01:07:27.379,1.06839,1.06863
2013.03.26 01:07:28.110,1.06839,1.06866
2013.03.26 01:07:32.130,1.06839,1.06866
2013.03.26 01:07:32.308,1.06839,1.06866
2013.03.26 01:07:32.608,1.06837,1.06862
2013.03.26 01:07:34.853,1.06836,1.06862
2013.03.26 01:07:37.659,1.06838,1.06864
2013.03.26 01:07:50.180,1.06838,1.06865
2013.03.26 01:07:50.699,1.06837,1.0686
2013.03.26 01:07:54.518,1.06839,1.06863
2013.03.26 01:07:54.879,1.06841,1.06866
2013.03.26 01:07:55.119,1.06839,1.06864
2013.03.26 01:07:55.719,1.06841,1.06864
2013.03.26 01:07:56.297,1.06842,1.06867
2013.03.26 01:07:58.222,1.06843,1.06868
2013.03.26 01:08:07.049,1.06843,1.06868
2013.03.26 01:08:09.070,1.06843,1.06868
2013.03.26 01:08:09.129,1.06842,1.06867
2013.03.26 01:08:09.309,1.06841,1.06864
2013.03.26 01:08:10.010,1.06839,1.06862
2013.03.26 01:08:10.340,1.06841,1.06864
2013.03.26 01:08:10.459,1.06839,1.06864
2013.03.26 01:08:11.010,1.06841,1.06865
2013.03.26 01:08:16.679,1.06842,1.06867
2013.03.26 01:08:21.399,1.06842,1.06865
2013.03.26 01:08:25.182,1.06842,1.06865
2013.03.26 01:08:26.889,1.06843,1.06868
2013.03.26 01:08:28.559,1.06845,1.06869
2013.03.26 01:08:28.619,1.06845,1.06871
2013.03.26 01:08:28.740,1.06847,1.06873
2013.03.26 01:08:28.800,1.06847,1.06871
2013.03.26 01:08:29.400,1.06845,1.06871
2013.03.26 01:08:29.578,1.06847,1.06872
2013.03.26 01:08:40.459,1.06851,1.06873
2013.03.26 01:08:46.418,1.06851,1.06876
2013.03.26 01:08:46.839,1.06851,1.06875
2013.03.26 01:08:51.243,1.06848,1.06873
2013.03.26 01:08:51.936,1.06847,1.0687
2013.03.26 01:08:52.000,1.06846,1.0687
2013.03.26 01:08:58.102,1.06847,1.06873
2013.03.26 01:09:06.639,1.06849,1.06874
2013.03.26 01:09:06.699,1.06852,1.06875
2013.03.26 01:09:12.623,1.06851,1.06875
2013.03.26 01:09:12.869,1.06848,1.06874
2013.03.26 01:09:20.150,1.06846,1.06868
2013.03.26 01:09:20.271,1.06843,1.06866
2013.03.26 01:09:20.573,1.06845,1.06871
2013.03.26 01:09:20.641,1.06845,1.06871
2013.03.26 01:09:20.821,1.06847,1.06871
2013.03.26 01:09:22.801,1.0685,1.06873
2013.03.26 01:09:40.199,1.0685,1.06875
2013.03.26 01:09:47.040,1.0685,1.06874
2013.03.26 01:09:47.758,1.06848,1.06873
2013.03.26 01:09:52.381,1.06847,1.06873
2013.03.26 01:10:03.579,1.06846,1.06871
2013.03.26 01:10:03.640,1.06846,1.06868
2013.03.26 01:10:04.358,1.06846,1.06868
2013.03.26 01:10:09.294,1.06844,1.06868
2013.03.26 01:10:09.359,1.06843,1.06867
2013.03.26 01:10:13.400,1.06842,1.06867
2013.03.26 01:10:13.839,1.06841,1.06866
2013.03.26 01:10:18.329,1.06845,1.0687
2013.03.26 01:10:19.291,1.06845,1.06871
2013.03.26 01:10:24.769,1.06845,1.06869
2013.03.26 01:10:24.890,1.06845,1.06871
2013.03.26 01:10:26.423,1.06845,1.06869
2013.03.26 01:10:32.380,1.06845,1.06868
2013.03.26 01:10:33.978,1.06845,1.06869
2013.03.26 01:10:34.744,1.06845,1.06871
2013.03.26 01:10:35.429,1.06845,1.06869
2013.03.26 01:10:35.490,1.06845,1.06867
2013.03.26 01:10:36.075,1.06841,1.06866
2013.03.26 01:10:36.619,1.06841,1.06866
2013.03.26 01:10:37.060,1.06842,1.06868
2013.03.26 01:10:37.569,1.06841,1.06865
2013.03.26 01:10:38.074,1.06841,1.06865
2013.03.26 01:10:46.045,1.06841,1.06864
2013.03.26 01:10:46.421,1.06841,1.06864
2013.03.26 01:10:46.859,1.06841,1.06864
2013.03.26 01:10:46.919,1.06841,1.06865
2013.03.26 01:10:49.901,1.06841,1.06865
2013.03.26 01:10:52.049,1.06841,1.06863
2013.03.26 01:10:52.180,1.06841,1.06863
2013.03.26 01:10:52.719,1.06841,1.06863
2013.03.26 01:10:54.111,1.06841,1.06863
2013.03.26 01:10:54.172,1.06841,1.06862
2013.03.26 01:10:56.939,1.06841,1.06858
2013.03.26 01:10:59.690,1.06837,1.06859
2013.03.26 01:11:00.049,1.06837,1.06858
2013.03.26 01:11:00.449,1.06837,1.0686
2013.03.26 01:11:03.669,1.06837,1.06858
2013.03.26 01:11:09.550,1.0684,1.06861
2013.03.26 01:11:10.911,1.06841,1.06863
2013.03.26 01:11:11.074,1.06841,1.06863
2013.03.26 01:11:11.350,1.06841,1.06865
2013.03.26 01:11:11.630,1.06841,1.06861
2013.03.26 01:11:11.811,1.06841,1.06861
2013.03.26 01:11:12.730,1.06841,1.0686
2013.03.26 01:11:13.051,1.06837,1.06857
2013.03.26 01:11:13.110,1.06837,1.06857
2013.03.26 01:11:13.570,1.06837,1.06857
2013.03.26 01:11:16.738,1.06837,1.06857
2013.03.26 01:11:17.159,1.06837,1.0686
2013.03.26 01:11:17.653,1.06841,1.06866
2013.03.26 01:11:18.851,1.06841,1.06866
2013.03.26 01:11:23.823,1.06841,1.06865
2013.03.26 01:11:24.348,1.06838,1.06863
2013.03.26 01:11:24.872,1.06838,1.06863
2013.03.26 01:11:26.859,1.06836,1.06862
2013.03.26 01:11:27.159,1.06833,1.06858
2013.03.26 01:11:28.309,1.0683,1.06856
2013.03.26 01:11:29.608,1.06831,1.06856
2013.03.26 01:11:37.719,1.06836,1.06859
2013.03.26 01:11:39.451,1.06836,1.06859
2013.03.26 01:11:48.382,1.0683,1.06856
2013.03.26 01:11:59.451,1.0683,1.06856
2013.03.26 01:11:59.939,1.06832,1.06857
2013.03.26 01:12:03.960,1.0683,1.06856
2013.03.26 01:12:07.247,1.0683,1.06857
2013.03.26 01:12:08.279,1.06831,1.06858
2013.03.26 01:12:09.661,1.06831,1.06858
2013.03.26 01:12:15.085,1.06831,1.06857
2013.03.26 01:12:15.349,1.06831,1.06853
2013.03.26 01:12:16.069,1.0683,1.06853
2013.03.26 01:12:16.250,1.06828,1.0685
2013.03.26 01:12:19.540,1.06832,1.06853
2013.03.26 01:12:19.659,1.06832,1.06853
2013.03.26 01:12:25.734,1.06832,1.06851
2013.03.26 01:12:31.590,1.06832,1.06849
2013.03.26 01:12:47.334,1.0683,1.06851
2013.03.26 01:12:53.741,1.0683,1.06854
2013.03.26 01:12:53.920,1.06835,1.06855
2013.03.26 01:12:54.831,1.06835,1.0686
2013.03.26 01:12:54.914,1.06842,1.06861
2013.03.26 01:12:55.869,1.06842,1.06863
2013.03.26 01:12:57.103,1.06842,1.06863
2013.03.26 01:12:57.793,1.0684,1.06862
2013.03.26 01:12:59.586,1.06837,1.06861
2013.03.26 01:13:17.202,1.06837,1.0686
2013.03.26 01:13:17.545,1.06841,1.06861
2013.03.26 01:13:19.972,1.06841,1.06863
2013.03.26 01:13:24.020,1.06841,1.06862
2013.03.26 01:13:27.630,1.06841,1.06862
2013.03.26 01:13:27.749,1.06841,1.06865
2013.03.26 01:13:28.507,1.06844,1.06864
2013.03.26 01:13:30.111,1.06841,1.06864
2013.03.26 01:13:30.701,1.06841,1.06864
2013.03.26 01:13:31.664,1.06841,1.06864
2013.03.26 01:13:33.760,1.06841,1.06863
2013.03.26 01:13:33.822,1.06841,1.06864
2013.03.26 01:13:39.644,1.06841,1.06864
2013.03.26 01:13:50.660,1.06839,1.06865
2013.03.26 01:14:04.150,1.06841,1.06864
2013.03.26 01:14:04.389,1.06839,1.06864
2013.03.26 01:14:04.798,1.06841,1.06864
2013.03.26 01:14:05.693,1.06841,1.06867
2013.03.26 01:14:07.230,1.06842,1.06869
2013.03.26 01:14:13.192,1.0684,1.06866
2013.03.26 01:14:13.644,1.0684,1.06864
2013.03.26 01:14:14.721,1.0684,1.06863
2013.03.26 01:14:14.803,1.0684,1.06863
2013.03.26 01:14:15.240,1.06836,1.0686
2013.03.26 01:14:15.623,1.06836,1.0686
2013.03.26 01:14:15.690,1.06836,1.06859
2013.03.26 01:14:17.089,1.06836,1.0686
2013.03.26 01:14:17.460,1.06836,1.06862
2013.03.26 01:14:17.979,1.06836,1.06862
2013.03.26 01:14:18.102,1.06836,1.06862
2013.03.26 01:14:19.528,1.06836,1.06862
2013.03.26 01:14:19.594,1.06836,1.06862
2013.03.26 01:14:24.241,1.06836,1.06861
2013.03.26 01:14:26.060,1.06836,1.06861
2013.03.26 01:14:26.869,1.06836,1.06861
2013.03.26 01:14:26.955,1.06836,1.06862
2013.03.26 01:14:27.319,1.06842,1.06863
2013.03.26 01:14:35.919,1.06842,1.06862
2013.03.26 01:14:37.402,1.06842,1.06863
2013.03.26 01:14:37.714,1.06842,1.06865
2013.03.26 01:14:40.724,1.06842,1.06864
2013.03.26 01:14:41.051,1.06842,1.06863
2013.03.26 01:14:45.169,1.06842,1.06864
2013.03.26 01:14:47.000,1.06842,1.06866
2013.03.26 01:14:47.800,1.06845,1.06868
2013.03.26 01:14:47.980,1.06845,1.06868
2013.03.26 01:14:48.700,1.06845,1.06865
2013.03.26 01:14:49.973,1.06841,1.06861
2013.03.26 01:14:55.670,1.06841,1.06861
2013.03.26 01:14:56.321,1.06839,1.06859
2013.03.26 01:14:56.574,1.06836,1.06859
2013.03.26 01:14:56.642,1.06835,1.06859
2013.03.26 01:14:57.390,1.06835,1.0686
2013.03.26 01:14:58.159,1.06836,1.0686
2013.03.26 01:14:59.586,1.06835,1.0686
2013.03.26 01:15:00.131,1.06831,1.06853
2013.03.26 01:15:01.345,1.06831,1.06853
2013.03.26 01:15:03.130,1.06832,1.06853
2013.03.26 01:15:03.309,1.06834,1.06856
2013.03.26 01:15:03.690,1.06836,1.06861
2013.03.26 01:15:04.840,1.06839,1.06859
2013.03.26 01:15:05.690,1.06837,1.06854
2013.03.26 01:15:05.871,1.06835,1.06854
2013.03.26 01:15:08.054,1.06833,1.06853
2013.03.26 01:15:08.360,1.06831,1.06853
2013.03.26 01:15:08.661,1.0683,1.06849
2013.03.26 01:15:12.650,1.0683,1.06849
2013.03.26 01:15:12.711,1.0683,1.06852
2013.03.26 01:15:13.763,1.06835,1.06854
2013.03.26 01:15:14.799,1.0683,1.06851
2013.03.26 01:15:16.481,1.0683,1.06854
2013.03.26 01:15:16.900,1.0683,1.06856
2013.03.26 01:15:27.359,1.06834,1.06862
2013.03.26 01:15:27.599,1.06834,1.06859
2013.03.26 01:15:27.779,1.06837,1.06863
2013.03.26 01:15:28.080,1.06837,1.06863
2013.03.26 01:15:30.350,1.06837,1.06862
2013.03.26 01:15:30.409,1.06837,1.06859
2013.03.26 01:15:33.531,1.06834,1.06856
2013.03.26 01:15:33.829,1.06834,1.06858
2013.03.26 01:15:34.990,1.06834,1.06854
2013.03.26 01:15:35.410,1.06835,1.06854
2013.03.26 01:15:35.470,1.06835,1.06859
2013.03.26 01:15:35.870,1.06837,1.06859
2013.03.26 01:15:50.541,1.06837,1.06859
2013.03.26 01:15:50.899,1.06834,1.06859
2013.03.26 01:15:53.840,1.06834,1.06856
2013.03.26 01:15:59.736,1.06834,1.06858
2013.03.26 01:16:03.650,1.06834,1.06859
2013.03.26 01:16:03.770,1.06836,1.06859
2013.03.26 01:16:04.131,1.06843,1.06862
2013.03.26 01:16:04.190,1.06845,1.06866
2013.03.26 01:16:04.312,1.06846,1.06866
2013.03.26 01:16:04.430,1.06847,1.06869
2013.03.26 01:16:04.550,1.06846,1.06869
2013.03.26 01:16:04.670,1.06845,1.06869
2013.03.26 01:16:04.850,1.06842,1.06868
2013.03.26 01:16:05.090,1.06847,1.06868
2013.03.26 01:16:05.691,1.0685,1.06869
2013.03.26 01:16:05.811,1.0685,1.06873
2013.03.26 01:16:07.378,1.0685,1.06873
2013.03.26 01:16:13.359,1.0685,1.06871
2013.03.26 01:16:13.720,1.06845,1.06868
2013.03.26 01:16:14.873,1.06848,1.06868
2013.03.26 01:16:19.710,1.06848,1.06869
2013.03.26 01:16:24.668,1.06844,1.06869
2013.03.26 01:16:25.011,1.06844,1.06866
2013.03.26 01:16:26.300,1.06844,1.06868
2013.03.26 01:16:27.939,1.06844,1.06869
2013.03.26 01:16:31.642,1.06844,1.06867
2013.03.26 01:16:34.148,1.06844,1.06866
2013.03.26 01:16:38.820,1.06844,1.06869
2013.03.26 01:16:40.142,1.06846,1.06869
2013.03.26 01:16:40.211,1.06851,1.06873
2013.03.26 01:16:40.330,1.06852,1.06876
2013.03.26 01:16:40.690,1.06856,1.0688
2013.03.26 01:16:40.930,1.06854,1.06879
2013.03.26 01:16:41.411,1.06851,1.06876
2013.03.26 01:16:41.471,1.0685,1.06876
2013.03.26 01:16:41.662,1.06851,1.06876
2013.03.26 01:16:43.569,1.06849,1.06874
2013.03.26 01:16:44.100,1.06846,1.0687
2013.03.26 01:16:44.859,1.06846,1.06872
2013.03.26 01:16:47.041,1.06846,1.06871
2013.03.26 01:16:49.260,1.06846,1.06871
2013.03.26 01:16:53.633,1.06846,1.06869
2013.03.26 01:16:54.180,1.06846,1.06871
2013.03.26 01:16:55.980,1.06851,1.06874
2013.03.26 01:16:56.160,1.06851,1.06875
2013.03.26 01:16:59.350,1.06851,1.06876
2013.03.26 01:17:00.400,1.06851,1.06875
2013.03.26 01:17:00.580,1.06851,1.06874
2013.03.26 01:17:00.760,1.06848,1.06871
2013.03.26 01:17:01.403,1.06846,1.0687
2013.03.26 01:17:03.380,1.06846,1.06869
2013.03.26 01:17:06.578,1.06846,1.0687
2013.03.26 01:17:07.173,1.06846,1.06872
2013.03.26 01:17:08.380,1.06846,1.06872
2013.03.26 01:17:09.930,1.06844,1.0687
2013.03.26 01:17:13.280,1.06846,1.06871
2013.03.26 01:17:16.240,1.06846,1.0687
2013.03.26 01:17:18.616,1.06846,1.0687
2013.03.26 01:17:20.870,1.06847,1.06872
2013.03.26 01:17:25.937,1.06847,1.06872
2013.03.26 01:17:28.402,1.06847,1.06872
2013.03.26 01:17:33.089,1.06846,1.06871
2013.03.26 01:17:33.830,1.06846,1.06873
2013.03.26 01:17:33.890,1.06848,1.06873
2013.03.26 01:17:34.445,1.06852,1.06874
2013.03.26 01:17:43.642,1.06852,1.06874
2013.03.26 01:17:44.439,1.06852,1.06875
2013.03.26 01:17:45.710,1.06852,1.06874
2013.03.26 01:17:45.830,1.06851,1.06876
2013.03.26 01:17:47.352,1.06852,1.06877
2013.03.26 01:17:48.129,1.06851,1.06875
2013.03.26 01:17:49.201,1.06852,1.06876
2013.03.26 01:17:49.717,1.06852,1.06877
2013.03.26 01:17:51.470,1.06852,1.06877
2013.03.26 01:17:52.857,1.06852,1.06877
2013.03.26 01:17:56.507,1.06852,1.06878
2013.03.26 01:17:57.800,1.06852,1.06877
2013.03.26 01:17:59.764,1.06852,1.06878
2013.03.26 01:18:02.392,1.06853,1.06878
2013.03.26 01:18:09.072,1.06854,1.06878
2013.03.26 01:18:09.190,1.06852,1.06878
2013.03.26 01:18:14.008,1.06852,1.06878
2013.03.26 01:18:14.301,1.06853,1.06878
2013.03.26 01:18:23.400,1.06855,1.06878
2013.03.26 01:18:24.640,1.06853,1.06876
2013.03.26 01:18:24.821,1.06851,1.06876
2013.03.26 01:18:24.884,1.06849,1.06876
2013.03.26 01:18:28.710,1.06852,1.06877
2013.03.26 01:18:29.673,1.06854,1.06878
2013.03.26 01:18:30.422,1.06852,1.06875
2013.03.26 01:18:33.140,1.0685,1.06875
2013.03.26 01:18:33.441,1.06854,1.06878
2013.03.26 01:18:34.332,1.06852,1.06877
2013.03.26 01:18:34.510,1.06852,1.06874
2013.03.26 01:18:35.871,1.06851,1.06874
2013.03.26 01:18:35.931,1.0685,1.06874
2013.03.26 01:18:36.111,1.0685,1.06874
2013.03.26 01:18:36.821,1.06851,1.06874
2013.03.26 01:18:42.461,1.06854,1.06874
2013.03.26 01:18:42.720,1.06851,1.06874
2013.03.26 01:18:43.141,1.0685,1.06874
2013.03.26 01:18:43.320,1.06849,1.06874
2013.03.26 01:18:43.379,1.0685,1.06874
2013.03.26 01:18:43.800,1.06849,1.06874
2013.03.26 01:18:44.180,1.0685,1.06874
2013.03.26 01:18:53.810,1.0685,1.06873
2013.03.26 01:19:04.340,1.06846,1.06872
2013.03.26 01:19:06.289,1.06848,1.06873
2013.03.26 01:19:06.611,1.06848,1.06873
2013.03.26 01:19:07.061,1.0685,1.06873
2013.03.26 01:19:08.059,1.06848,1.06873
2013.03.26 01:19:09.552,1.06848,1.06873
2013.03.26 01:19:10.225,1.06846,1.06873
2013.03.26 01:19:11.131,1.06847,1.06873
2013.03.26 01:19:11.731,1.06847,1.06873
2013.03.26 01:19:12.510,1.06847,1.06871
2013.03.26 01:19:13.174,1.06846,1.06871
2013.03.26 01:19:14.867,1.06845,1.0687
2013.03.26 01:19:15.434,1.06845,1.06869
2013.03.26 01:19:16.106,1.06845,1.06871
2013.03.26 01:19:20.831,1.06845,1.06869
2013.03.26 01:19:21.136,1.06843,1.06861
2013.03.26 01:19:21.213,1.06843,1.06863
2013.03.26 01:19:21.343,1.06843,1.06862
2013.03.26 01:19:21.531,1.06843,1.06863
2013.03.26 01:19:22.201,1.06843,1.06864
2013.03.26 01:19:22.694,1.06843,1.06861
2013.03.26 01:19:24.087,1.06843,1.06864
2013.03.26 01:19:27.101,1.06843,1.06864
2013.03.26 01:19:28.662,1.06843,1.06862
2013.03.26 01:19:31.456,1.06843,1.06864
2013.03.26 01:19:31.670,1.06847,1.06871
2013.03.26 01:19:31.791,1.06851,1.06872
2013.03.26 01:19:31.852,1.0685,1.06871
2013.03.26 01:19:32.365,1.0685,1.06869
2013.03.26 01:19:37.051,1.0685,1.06868
2013.03.26 01:19:37.350,1.06845,1.06869
2013.03.26 01:19:37.409,1.06846,1.06869
2013.03.26 01:19:39.553,1.06846,1.06868
2013.03.26 01:19:41.450,1.06846,1.06867
2013.03.26 01:19:43.869,1.06847,1.06867
2013.03.26 01:19:44.290,1.06847,1.06869
2013.03.26 01:19:44.960,1.0685,1.06873
2013.03.26 01:19:45.141,1.06851,1.06876
2013.03.26 01:19:45.260,1.06854,1.06876
2013.03.26 01:19:45.500,1.06856,1.06881
2013.03.26 01:19:49.062,1.06856,1.0688
2013.03.26 01:19:50.152,1.06856,1.06879
2013.03.26 01:19:50.724,1.06856,1.06882
2013.03.26 01:19:51.271,1.06855,1.06877
2013.03.26 01:19:51.630,1.06853,1.06874
2013.03.26 01:19:51.691,1.06851,1.06874
2013.03.26 01:19:52.730,1.06848,1.06872
2013.03.26 01:19:59.931,1.06848,1.06873
2013.03.26 01:20:00.770,1.0685,1.06878
2013.03.26 01:20:03.644,1.06853,1.06878
2013.03.26 01:20:05.751,1.06852,1.06878
2013.03.26 01:20:09.890,1.0685,1.06876
2013.03.26 01:20:10.263,1.06856,1.06881
2013.03.26 01:20:10.560,1.06854,1.06879
2013.03.26 01:20:17.495,1.06852,1.06877
2013.03.26 01:20:18.810,1.06852,1.06875
2013.03.26 01:20:19.804,1.06852,1.06877
2013.03.26 01:20:20.908,1.06852,1.06876
2013.03.26 01:20:23.633,1.06852,1.06875
2013.03.26 01:20:25.082,1.06852,1.06875
2013.03.26 01:20:25.141,1.06855,1.06877
2013.03.26 01:20:25.614,1.06856,1.06878
2013.03.26 01:20:28.839,1.06851,1.06874
2013.03.26 01:20:30.143,1.06851,1.06877
2013.03.26 01:20:31.810,1.06851,1.06877
2013.03.26 01:20:35.869,1.06851,1.06876
2013.03.26 01:20:37.814,1.06851,1.06875
2013.03.26 01:20:44.920,1.06851,1.06874
2013.03.26 01:20:45.870,1.06851,1.06874
2013.03.26 01:20:47.235,1.06851,1.06874
2013.03.26 01:20:52.301,1.06854,1.06875
2013.03.26 01:20:57.980,1.06854,1.06879
2013.03.26 01:21:02.860,1.06853,1.06878
2013.03.26 01:21:05.880,1.06852,1.06875
2013.03.26 01:21:07.931,1.06851,1.06875
2013.03.26 01:21:08.359,1.06852,1.06878
2013.03.26 01:21:25.810,1.06854,1.06878
2013.03.26 01:21:31.221,1.06852,1.06875
2013.03.26 01:21:34.771,1.06852,1.06873
2013.03.26 01:21:39.090,1.06852,1.06874
2013.03.26 01:21:43.860,1.06852,1.06874
2013.03.26 01:21:46.621,1.06852,1.06871
2013.03.26 01:21:49.887,1.06852,1.06876
2013.03.26 01:21:53.641,1.06852,1.06872
2013.03.26 01:21:59.932,1.06852,1.06873
2013.03.26 01:22:01.840,1.06852,1.06876
2013.03.26 01:22:08.492,1.0685,1.06876
2013.03.26 01:22:09.912,1.0685,1.06876
2013.03.26 01:22:12.775,1.0685,1.06877
2013.03.26 01:22:13.891,1.06852,1.06876
2013.03.26 01:22:14.455,1.06852,1.06873
2013.03.26 01:22:16.730,1.06848,1.0687
2013.03.26 01:22:19.838,1.06849,1.06868
2013.03.26 01:22:21.981,1.06849,1.0687
2013.03.26 01:22:22.056,1.06849,1.06868
2013.03.26 01:22:28.550,1.06849,1.06868
2013.03.26 01:22:29.943,1.06852,1.06872
2013.03.26 01:22:30.360,1.06852,1.06872
2013.03.26 01:22:30.881,1.06852,1.06872
2013.03.26 01:22:38.821,1.06852,1.06872
2013.03.26 01:22:45.621,1.06852,1.0687
2013.03.26 01:22:47.652,1.06855,1.0687
2013.03.26 01:22:47.770,1.06855,1.06874
2013.03.26 01:22:48.913,1.06856,1.06876
2013.03.26 01:22:52.570,1.06856,1.06876
2013.03.26 01:22:53.543,1.06856,1.06877
2013.03.26 01:22:54.132,1.06856,1.06875
2013.03.26 01:22:57.471,1.06857,1.06877
2013.03.26 01:22:57.655,1.06856,1.0688
2013.03.26 01:22:58.441,1.06856,1.06879
2013.03.26 01:22:58.501,1.06856,1.06877
2013.03.26 01:23:03.720,1.06852,1.06879
2013.03.26 01:23:04.107,1.06852,1.06878
2013.03.26 01:23:04.351,1.06852,1.06872
2013.03.26 01:23:04.957,1.06848,1.06869
2013.03.26 01:23:09.924,1.06848,1.06871
2013.03.26 01:23:13.142,1.06848,1.0687
2013.03.26 01:23:17.728,1.06848,1.06872
2013.03.26 01:23:18.212,1.06848,1.06869
2013.03.26 01:23:18.631,1.06842,1.06868
2013.03.26 01:23:19.332,1.06842,1.06863
2013.03.26 01:23:24.662,1.06842,1.06861
2013.03.26 01:23:26.718,1.06842,1.06862
2013.03.26 01:23:26.940,1.06842,1.06865
2013.03.26 01:23:32.991,1.06842,1.06865
2013.03.26 01:23:33.127,1.06842,1.06865
2013.03.26 01:23:36.097,1.06842,1.06865
2013.03.26 01:23:36.753,1.06842,1.06864
2013.03.26 01:23:38.076,1.06842,1.06864
2013.03.26 01:23:39.880,1.06842,1.06865
2013.03.26 01:23:42.404,1.06842,1.06864
2013.03.26 01:23:42.721,1.06842,1.06867
2013.03.26 01:23:50.202,1.06842,1.06865
2013.03.26 01:23:50.406,1.06842,1.06867
2013.03.26 01:23:57.351,1.06842,1.06866
2013.03.26 01:23:59.962,1.06844,1.06868
2013.03.26 01:24:00.153,1.06844,1.06866
2013.03.26 01:24:00.482,1.06844,1.06867
2013.03.26 01:24:04.972,1.06844,1.06865
2013.03.26 01:24:08.542,1.06844,1.06863
2013.03.26 01:24:10.257,1.06844,1.06866
2013.03.26 01:24:16.242,1.06844,1.06866
2013.03.26 01:24:18.531,1.06844,1.06867
2013.03.26 01:24:22.448,1.06844,1.06865
2013.03.26 01:24:29.970,1.06844,1.06868
2013.03.26 01:24:40.281,1.06844,1.06863
2013.03.26 01:24:42.722,1.06842,1.06863
2013.03.26 01:24:43.272,1.06842,1.06864
2013.03.26 01:24:51.901,1.06842,1.06866
2013.03.26 01:24:53.791,1.06842,1.06865
2013.03.26 01:24:57.602,1.06842,1.06866
2013.03.26 01:24:58.696,1.06837,1.06866
2013.03.26 01:25:08.150,1.06837,1.06864
2013.03.26 01:25:11.354,1.06839,1.06864
2013.03.26 01:25:11.445,1.0684,1.06866
2013.03.26 01:25:19.464,1.06841,1.06868
2013.03.26 01:25:21.167,1.06838,1.06864
2013.03.26 01:25:22.720,1.06838,1.06865
2013.03.26 01:25:23.973,1.06838,1.06864
2013.03.26 01:25:25.161,1.06838,1.06864
2013.03.26 01:25:25.233,1.06841,1.06867
2013.03.26 01:25:27.700,1.06842,1.06869
2013.03.26 01:25:35.780,1.0684,1.06866
2013.03.26 01:25:36.821,1.0684,1.06867
2013.03.26 01:25:38.240,1.06845,1.06871
2013.03.26 01:25:44.111,1.06849,1.06869
2013.03.26 01:26:02.381,1.06846,1.06871
2013.03.26 01:26:07.864,1.06845,1.06869
2013.03.26 01:26:11.821,1.06841,1.06868
2013.03.26 01:26:16.163,1.06842,1.06866
2013.03.26 01:26:16.281,1.06841,1.06866
2013.03.26 01:26:18.054,1.06839,1.06864
2013.03.26 01:26:24.422,1.06839,1.06864
2013.03.26 01:26:26.021,1.06839,1.06864
2013.03.26 01:26:28.596,1.06839,1.06863
2013.03.26 01:26:37.461,1.06841,1.06864
2013.03.26 01:26:45.461,1.06841,1.06863
2013.03.26 01:26:47.561,1.06841,1.06862
2013.03.26 01:26:47.981,1.06843,1.06862
2013.03.26 01:26:48.222,1.06841,1.06864
2013.03.26 01:26:49.095,1.06841,1.06866
2013.03.26 01:26:49.282,1.0684,1.06864
2013.03.26 01:26:49.641,1.0684,1.06864
2013.03.26 01:26:49.823,1.06841,1.06863
2013.03.26 01:26:50.132,1.06841,1.06862
2013.03.26 01:26:50.192,1.06841,1.06863
2013.03.26 01:26:50.252,1.06841,1.06863
2013.03.26 01:26:51.271,1.06839,1.06865
2013.03.26 01:26:57.421,1.06841,1.06864
2013.03.26 01:26:57.843,1.06844,1.06867
2013.03.26 01:26:58.391,1.06846,1.06868
2013.03.26 01:26:58.770,1.06849,1.06868
2013.03.26 01:27:02.544,1.06849,1.06868
2013.03.26 01:27:02.661,1.06846,1.06868
2013.03.26 01:27:02.782,1.06844,1.06865
2013.03.26 01:27:06.902,1.06844,1.06869
2013.03.26 01:27:08.211,1.06842,1.06867
2013.03.26 01:27:08.331,1.06842,1.06863
2013.03.26 01:27:15.341,1.06838,1.06863
2013.03.26 01:27:15.641,1.06837,1.06859
2013.03.26 01:27:15.881,1.0684,1.06861
2013.03.26 01:27:24.150,1.06836,1.06859
2013.03.26 01:27:26.802,1.06835,1.06859
2013.03.26 01:27:29.591,1.06835,1.06856
2013.03.26 01:27:31.072,1.06835,1.06858
2013.03.26 01:27:33.141,1.06835,1.06856
2013.03.26 01:27:36.195,1.06832,1.06856
2013.03.26 01:27:37.111,1.06832,1.06855
2013.03.26 01:27:39.740,1.06831,1.06856
2013.03.26 01:27:41.313,1.06831,1.06856
2013.03.26 01:27:43.857,1.06831,1.06854
2013.03.26 01:27:44.393,1.06831,1.06854
2013.03.26 01:27:46.482,1.06831,1.06857
2013.03.26 01:27:50.042,1.06831,1.06856
2013.03.26 01:27:57.522,1.06835,1.06857
2013.03.26 01:28:00.353,1.06835,1.06857
2013.03.26 01:28:01.693,1.06835,1.06856
2013.03.26 01:28:04.671,1.06835,1.06856
2013.03.26 01:28:05.211,1.06835,1.06857
2013.03.26 01:28:07.805,1.06835,1.06858
2013.03.26 01:28:12.932,1.06835,1.06857
2013.03.26 01:28:14.423,1.06835,1.06858
2013.03.26 01:28:22.343,1.06835,1.06859
2013.03.26 01:28:23.102,1.06835,1.06859
2013.03.26 01:28:27.511,1.06833,1.06858
2013.03.26 01:28:31.630,1.06835,1.06859
2013.03.26 01:28:32.352,1.06834,1.06859
2013.03.26 01:28:40.350,1.06835,1.06859
2013.03.26 01:28:40.411,1.06838,1.06859
2013.03.26 01:28:41.184,1.06841,1.06866
2013.03.26 01:28:41.311,1.06842,1.06866
2013.03.26 01:28:54.545,1.06843,1.06868
2013.03.26 01:28:54.601,1.0685,1.06868
2013.03.26 01:28:54.661,1.0685,1.06869
2013.03.26 01:28:54.842,1.0685,1.06871
2013.03.26 01:28:54.962,1.06849,1.06873
2013.03.26 01:28:55.861,1.06849,1.06873
2013.03.26 01:28:56.102,1.06847,1.06873
2013.03.26 01:29:01.581,1.06846,1.06872
2013.03.26 01:29:08.232,1.06846,1.06869
2013.03.26 01:29:09.862,1.06846,1.06869
2013.03.26 01:29:15.974,1.06846,1.06869
2013.03.26 01:29:20.017,1.06846,1.06869
2013.03.26 01:29:20.561,1.06846,1.06869
2013.03.26 01:29:21.922,1.06846,1.06869
2013.03.26 01:29:25.891,1.06845,1.06869
2013.03.26 01:29:26.291,1.06846,1.06869
2013.03.26 01:29:26.471,1.06846,1.06869
2013.03.26 01:29:26.891,1.0685,1.06873
2013.03.26 01:29:27.441,1.06851,1.06875
2013.03.26 01:29:27.561,1.06854,1.06879
2013.03.26 01:29:27.621,1.06854,1.06879
2013.03.26 01:29:28.216,1.06854,1.06879
2013.03.26 01:29:29.061,1.06854,1.06875
2013.03.26 01:29:29.241,1.06849,1.06872
2013.03.26 01:29:29.542,1.06849,1.06872
2013.03.26 01:29:29.721,1.0685,1.06875
2013.03.26 01:29:30.092,1.0685,1.06875
2013.03.26 01:29:30.591,1.06847,1.06872
2013.03.26 01:29:30.651,1.06847,1.0687
2013.03.26 01:29:31.091,1.06844,1.0687
2013.03.26 01:29:31.582,1.06841,1.06865
2013.03.26 01:29:31.702,1.06838,1.06864
2013.03.26 01:29:32.062,1.06836,1.06859
2013.03.26 01:29:35.724,1.06837,1.06859
2013.03.26 01:29:37.999,1.06837,1.06859
2013.03.26 01:29:39.411,1.06836,1.06859
2013.03.26 01:29:58.001,1.06837,1.06861
2013.03.26 01:30:06.691,1.06837,1.06861
2013.03.26 01:30:10.360,1.06835,1.06859
2013.03.26 01:30:10.601,1.06838,1.06863
2013.03.26 01:30:12.088,1.0684,1.06864
2013.03.26 01:30:12.531,1.06844,1.06865
2013.03.26 01:30:14.059,1.06843,1.06867
2013.03.26 01:30:14.241,1.06841,1.06866
2013.03.26 01:30:15.220,1.0684,1.06865
2013.03.26 01:30:25.471,1.06841,1.06867
2013.03.26 01:30:29.891,1.06841,1.06866
2013.03.26 01:30:30.012,1.06839,1.06865
2013.03.26 01:30:30.312,1.06836,1.06861
2013.03.26 01:30:35.282,1.06836,1.06859
2013.03.26 01:30:38.550,1.06831,1.06857
2013.03.26 01:30:46.171,1.06831,1.06857
2013.03.26 01:30:46.870,1.06827,1.06849
2013.03.26 01:30:47.052,1.06827,1.06854
2013.03.26 01:30:47.802,1.06827,1.06853
2013.03.26 01:30:56.912,1.06827,1.06852
2013.03.26 01:31:04.238,1.06827,1.06851
2013.03.26 01:31:06.662,1.06827,1.06852
2013.03.26 01:31:07.283,1.06826,1.06851
2013.03.26 01:31:10.081,1.06826,1.0685
2013.03.26 01:31:11.163,1.06826,1.0685
2013.03.26 01:31:11.234,1.06824,1.06848
2013.03.26 01:31:31.281,1.06824,1.06851
2013.03.26 01:31:36.790,1.06823,1.06848
2013.03.26 01:31:37.032,1.06823,1.06845
2013.03.26 01:31:39.111,1.06823,1.06845
2013.03.26 01:31:39.912,1.06821,1.06845
2013.03.26 01:31:41.102,1.06822,1.06848
2013.03.26 01:31:41.850,1.06822,1.06848
2013.03.26 01:31:41.971,1.06823,1.0685
2013.03.26 01:31:45.693,1.06823,1.06849
2013.03.26 01:31:50.161,1.06825,1.0685
2013.03.26 01:31:52.921,1.06825,1.06849
2013.03.26 01:32:02.079,1.06827,1.06849
2013.03.26 01:32:02.143,1.06828,1.0685
2013.03.26 01:32:02.751,1.06828,1.06852
2013.03.26 01:32:02.814,1.06828,1.06853
2013.03.26 01:32:03.452,1.06828,1.06855
2013.03.26 01:32:04.162,1.06831,1.06857
2013.03.26 01:32:04.343,1.06832,1.06858
2013.03.26 01:32:04.923,1.06833,1.06858
2013.03.26 01:32:17.241,1.06833,1.06858
2013.03.26 01:32:17.541,1.06832,1.06857
2013.03.26 01:32:22.005,1.06831,1.06854
2013.03.26 01:32:22.536,1.06829,1.06854
2013.03.26 01:32:29.093,1.0683,1.06855
2013.03.26 01:32:29.342,1.06834,1.06857
2013.03.26 01:32:31.463,1.06834,1.06856
2013.03.26 01:32:31.823,1.06832,1.06855
2013.03.26 01:32:32.280,1.0683,1.06855
2013.03.26 01:32:39.039,1.0683,1.06854
2013.03.26 01:32:39.306,1.0683,1.06854
2013.03.26 01:32:41.581,1.06831,1.06856
2013.03.26 01:32:44.546,1.06833,1.06857
2013.03.26 01:32:45.706,1.06833,1.06857
2013.03.26 01:32:58.246,1.06833,1.06858
2013.03.26 01:33:01.761,1.06833,1.06859
2013.03.26 01:33:04.023,1.06832,1.06859
2013.03.26 01:33:10.132,1.06831,1.06855
2013.03.26 01:33:33.608,1.06832,1.06859
2013.03.26 01:33:49.557,1.06832,1.06857
2013.03.26 01:33:54.031,1.06829,1.06853
2013.03.26 01:33:54.331,1.06827,1.0685
2013.03.26 01:33:55.431,1.06827,1.06852
2013.03.26 01:34:03.361,1.06827,1.0685
2013.03.26 01:34:06.609,1.06825,1.0685
2013.03.26 01:34:11.831,1.06827,1.0685
2013.03.26 01:34:18.492,1.06827,1.06852
2013.03.26 01:34:56.382,1.0683,1.06853
2013.03.26 01:35:00.806,1.06828,1.06851
2013.03.26 01:35:18.539,1.06827,1.06853
2013.03.26 01:35:21.375,1.06827,1.06852
2013.03.26 01:35:30.306,1.06827,1.06853
2013.03.26 01:35:31.613,1.06827,1.06853
2013.03.26 01:35:34.351,1.06827,1.06854
2013.03.26 01:35:57.034,1.06828,1.06853
2013.03.26 01:36:01.510,1.06828,1.06855
2013.03.26 01:36:02.881,1.06827,1.06853
2013.03.26 01:36:06.152,1.06831,1.06853
2013.03.26 01:36:06.572,1.06832,1.06858
2013.03.26 01:36:07.222,1.06835,1.06858
2013.03.26 01:36:09.622,1.06833,1.06858
2013.03.26 01:36:10.151,1.06833,1.06858
2013.03.26 01:36:14.889,1.06832,1.06858
2013.03.26 01:36:32.762,1.06831,1.06853
2013.03.26 01:36:39.173,1.06832,1.06857
2013.03.26 01:36:41.987,1.06832,1.06856
2013.03.26 01:36:49.092,1.06831,1.06855
2013.03.26 01:36:49.332,1.06829,1.06851
2013.03.26 01:36:49.752,1.06827,1.06851
2013.03.26 01:36:59.445,1.06828,1.06852
2013.03.26 01:36:59.914,1.06831,1.06856
2013.03.26 01:37:03.855,1.06832,1.06856
2013.03.26 01:37:04.093,1.06831,1.06854
2013.03.26 01:37:07.665,1.06831,1.06855
2013.03.26 01:37:20.055,1.06829,1.06856
2013.03.26 01:38:04.130,1.06829,1.06856
2013.03.26 01:38:12.082,1.0683,1.06855
2013.03.26 01:38:12.202,1.06828,1.06851
2013.03.26 01:38:12.622,1.0683,1.06855
2013.03.26 01:38:15.313,1.06829,1.06854
2013.03.26 01:38:15.633,1.06827,1.0685
2013.03.26 01:38:16.143,1.06827,1.0685
2013.03.26 01:38:52.832,1.06826,1.06851
2013.03.26 01:38:57.923,1.06826,1.0685
2013.03.26 01:39:03.023,1.06825,1.0685
2013.03.26 01:39:18.792,1.06826,1.06851
2013.03.26 01:39:38.092,1.06827,1.06851
2013.03.26 01:39:38.642,1.06829,1.06854
2013.03.26 01:39:39.196,1.06831,1.06854
2013.03.26 01:39:40.342,1.06828,1.06851
2013.03.26 01:39:40.860,1.06826,1.0685
2013.03.26 01:39:53.243,1.06824,1.0685
2013.03.26 01:39:53.992,1.06824,1.0685
2013.03.26 01:40:01.643,1.06823,1.06846
2013.03.26 01:40:02.734,1.06823,1.06846
2013.03.26 01:40:20.565,1.06823,1.06848
2013.03.26 01:40:20.683,1.06823,1.06848
2013.03.26 01:40:22.803,1.06823,1.06848
2013.03.26 01:40:24.535,1.06823,1.06848
2013.03.26 01:40:25.293,1.06821,1.06843
2013.03.26 01:40:27.672,1.06821,1.06844
2013.03.26 01:40:29.963,1.06823,1.06848
2013.03.26 01:40:30.622,1.06823,1.06848
2013.03.26 01:40:30.744,1.06826,1.06848
2013.03.26 01:40:33.254,1.06824,1.06847
2013.03.26 01:40:51.992,1.06826,1.06849
2013.03.26 01:40:57.917,1.06825,1.06849
2013.03.26 01:41:02.146,1.06826,1.0685
2013.03.26 01:41:04.832,1.06823,1.06846
2013.03.26 01:41:13.032,1.06823,1.06847
2013.03.26 01:41:13.591,1.06823,1.06849
2013.03.26 01:41:18.814,1.06822,1.06847
2013.03.26 01:41:22.344,1.06825,1.06849
2013.03.26 01:41:22.944,1.06825,1.06848
2013.03.26 01:41:35.737,1.06825,1.06848
2013.03.26 01:41:37.802,1.06825,1.06849
2013.03.26 01:41:49.315,1.06823,1.06848
2013.03.26 01:41:53.353,1.06824,1.06848
2013.03.26 01:41:55.121,1.06824,1.06849
2013.03.26 01:41:56.343,1.06823,1.06849
2013.03.26 01:41:56.922,1.06823,1.0685
2013.03.26 01:41:59.473,1.06827,1.06853
2013.03.26 01:42:00.576,1.06828,1.06853
2013.03.26 01:42:00.645,1.06831,1.06855
2013.03.26 01:42:00.774,1.06833,1.06856
2013.03.26 01:42:01.387,1.06833,1.06857
2013.03.26 01:42:06.413,1.06833,1.06859
2013.03.26 01:42:07.082,1.06832,1.06857
2013.03.26 01:42:18.820,1.06833,1.06857
2013.03.26 01:42:40.753,1.06832,1.06858
2013.03.26 01:43:01.035,1.06834,1.0686
2013.03.26 01:43:01.115,1.06832,1.06857
2013.03.26 01:43:01.773,1.06831,1.06855
2013.03.26 01:43:13.404,1.06827,1.06852
2013.03.26 01:43:14.155,1.06826,1.06851
2013.03.26 01:43:17.813,1.06823,1.06849
2013.03.26 01:43:19.156,1.06824,1.06848
2013.03.26 01:43:19.583,1.06823,1.06847
2013.03.26 01:43:19.883,1.06824,1.06846
2013.03.26 01:43:20.189,1.06823,1.06848
2013.03.26 01:43:23.363,1.06823,1.06848
2013.03.26 01:43:23.842,1.06823,1.06846
2013.03.26 01:43:24.383,1.06819,1.06843
2013.03.26 01:43:30.413,1.06821,1.06843
2013.03.26 01:43:32.192,1.06821,1.06843
2013.03.26 01:43:39.034,1.06823,1.06843
2013.03.26 01:43:40.054,1.06823,1.06847
2013.03.26 01:43:40.115,1.06823,1.06848
2013.03.26 01:43:40.233,1.06823,1.06848
2013.03.26 01:43:40.583,1.06823,1.06848
2013.03.26 01:43:42.557,1.06823,1.06848
2013.03.26 01:43:43.540,1.06823,1.06848
2013.03.26 01:43:49.013,1.06821,1.06847
2013.03.26 01:43:49.644,1.06821,1.06847
2013.03.26 01:43:50.355,1.06821,1.06847
2013.03.26 01:43:50.899,1.06821,1.06848
2013.03.26 01:43:56.022,1.06821,1.06847
2013.03.26 01:43:57.965,1.06821,1.06847
2013.03.26 01:44:01.146,1.06825,1.06848
2013.03.26 01:44:12.896,1.06821,1.06848
2013.03.26 01:44:16.693,1.06824,1.06848
2013.03.26 01:44:17.863,1.06822,1.06848
2013.03.26 01:44:18.343,1.06821,1.06847
2013.03.26 01:44:18.583,1.06818,1.06843
2013.03.26 01:44:18.943,1.06818,1.06843
2013.03.26 01:44:19.618,1.06818,1.06842
2013.03.26 01:44:19.683,1.06818,1.06842
2013.03.26 01:44:20.615,1.06822,1.06842
2013.03.26 01:44:21.154,1.06817,1.06844
2013.03.26 01:44:27.794,1.06821,1.06845
2013.03.26 01:44:28.308,1.06821,1.06847
2013.03.26 01:44:29.763,1.06821,1.06845
2013.03.26 01:44:30.663,1.06817,1.06844
2013.03.26 01:44:35.777,1.06817,1.06841
2013.03.26 01:44:38.066,1.06817,1.06841
2013.03.26 01:44:40.377,1.06818,1.06841
2013.03.26 01:44:40.683,1.0682,1.06843
2013.03.26 01:44:48.877,1.06819,1.06844
2013.03.26 01:44:50.632,1.06819,1.06844
2013.03.26 01:44:51.612,1.0682,1.06845
2013.03.26 01:45:05.887,1.06819,1.06845
2013.03.26 01:45:11.224,1.06822,1.06848
2013.03.26 01:45:18.096,1.06824,1.06848
2013.03.26 01:45:19.117,1.06824,1.06848
2013.03.26 01:45:22.228,1.06824,1.06847
2013.03.26 01:45:22.443,1.06822,1.06845
2013.03.26 01:45:22.564,1.06818,1.06843
2013.03.26 01:45:31.684,1.06822,1.06843
2013.03.26 01:45:37.475,1.06822,1.06848
2013.03.26 01:45:43.433,1.06822,1.06849
2013.03.26 01:45:48.724,1.06823,1.06849
2013.03.26 01:45:50.076,1.06822,1.06848
2013.03.26 01:45:50.634,1.06822,1.06847
2013.03.26 01:45:56.583,1.0682,1.06846
2013.03.26 01:45:57.073,1.06825,1.06849
2013.03.26 01:45:57.383,1.06824,1.06849
2013.03.26 01:46:03.016,1.0682,1.06845
2013.03.26 01:46:04.704,1.06821,1.06845
2013.03.26 01:46:06.706,1.06821,1.06845
2013.03.26 01:46:10.514,1.06821,1.06845
2013.03.26 01:46:10.633,1.06822,1.06847
2013.03.26 01:46:20.983,1.06819,1.06845
2013.03.26 01:46:21.343,1.06819,1.0684
2013.03.26 01:46:21.404,1.06819,1.0684
2013.03.26 01:46:21.467,1.06819,1.06836
2013.03.26 01:46:27.133,1.06815,1.06839
2013.03.26 01:46:27.373,1.06818,1.06838
2013.03.26 01:46:45.234,1.06817,1.06839
2013.03.26 01:46:45.773,1.06814,1.06839
2013.03.26 01:46:46.273,1.06817,1.06839
2013.03.26 01:46:47.865,1.06817,1.0684
2013.03.26 01:46:47.923,1.06817,1.06841
2013.03.26 01:46:55.903,1.06817,1.06841
2013.03.26 01:46:56.243,1.06816,1.06838
2013.03.26 01:46:56.624,1.06814,1.06833
2013.03.26 01:46:56.923,1.06814,1.06833
2013.03.26 01:46:58.894,1.06814,1.06833
2013.03.26 01:47:01.103,1.06811,1.06833
2013.03.26 01:47:01.911,1.06807,1.06833
2013.03.26 01:47:01.985,1.06803,1.06825
2013.03.26 01:47:02.593,1.06807,1.06828
2013.03.26 01:47:03.183,1.06809,1.06829
2013.03.26 01:47:06.613,1.06813,1.06833
2013.03.26 01:47:08.333,1.06816,1.06835
2013.03.26 01:47:15.113,1.06812,1.06835
2013.03.26 01:47:15.234,1.06812,1.06833
2013.03.26 01:47:15.623,1.06812,1.06833
2013.03.26 01:47:23.133,1.06812,1.06833
2013.03.26 01:47:23.374,1.06812,1.06826
2013.03.26 01:47:23.689,1.06807,1.06823
2013.03.26 01:47:23.943,1.06804,1.06823
2013.03.26 01:47:24.188,1.06803,1.06828
2013.03.26 01:47:25.016,1.06807,1.06825
2013.03.26 01:47:25.083,1.06808,1.06825
2013.03.26 01:47:25.263,1.06808,1.06829
2013.03.26 01:47:25.624,1.06811,1.06831
2013.03.26 01:47:25.943,1.0681,1.06831
2013.03.26 01:47:27.433,1.0681,1.06832
2013.03.26 01:47:27.614,1.0681,1.06828
2013.03.26 01:47:30.145,1.06807,1.06828
2013.03.26 01:47:33.353,1.06809,1.06828
2013.03.26 01:47:47.918,1.06809,1.06832
2013.03.26 01:47:59.933,1.06811,1.06831
2013.03.26 01:48:00.736,1.06811,1.06832
2013.03.26 01:48:00.914,1.06811,1.06834
2013.03.26 01:48:01.034,1.06811,1.06834
2013.03.26 01:48:01.154,1.06811,1.06833
2013.03.26 01:48:01.514,1.06814,1.06829
2013.03.26 01:48:01.693,1.06806,1.06829
2013.03.26 01:48:01.755,1.06807,1.06831
2013.03.26 01:48:02.423,1.06808,1.0683
2013.03.26 01:48:03.753,1.06808,1.06831
2013.03.26 01:48:07.664,1.06805,1.06831
2013.03.26 01:48:08.198,1.06807,1.06833
2013.03.26 01:48:08.863,1.06807,1.06833
2013.03.26 01:48:09.811,1.06807,1.06831
2013.03.26 01:48:12.071,1.06806,1.06831
2013.03.26 01:48:13.066,1.06806,1.06831
2013.03.26 01:48:15.624,1.06805,1.06832
2013.03.26 01:48:15.814,1.06805,1.0683
2013.03.26 01:48:16.382,1.06803,1.06827
2013.03.26 01:48:17.566,1.06805,1.06827
2013.03.26 01:48:22.726,1.06806,1.06828
2013.03.26 01:48:22.907,1.06807,1.06828
2013.03.26 01:48:23.453,1.06804,1.06829
2013.03.26 01:48:26.852,1.06807,1.06828
2013.03.26 01:48:31.124,1.06805,1.06828
2013.03.26 01:48:31.184,1.06805,1.06823
2013.03.26 01:48:31.686,1.06803,1.06823
2013.03.26 01:48:32.874,1.068,1.06823
2013.03.26 01:48:36.174,1.06801,1.06824
2013.03.26 01:48:36.233,1.06801,1.06828
2013.03.26 01:48:38.054,1.06801,1.06827
2013.03.26 01:48:38.573,1.06801,1.06827
2013.03.26 01:48:46.960,1.06803,1.06828
2013.03.26 01:48:48.973,1.06804,1.06825
2013.03.26 01:48:49.155,1.06804,1.06822
2013.03.26 01:49:08.404,1.06803,1.06822
2013.03.26 01:49:08.583,1.06803,1.06826
2013.03.26 01:49:08.643,1.06803,1.06827
2013.03.26 01:49:08.823,1.06803,1.06827
2013.03.26 01:49:09.964,1.06801,1.06826
2013.03.26 01:49:12.143,1.06803,1.06828
2013.03.26 01:49:18.374,1.06804,1.06828
2013.03.26 01:49:28.534,1.06805,1.06829
2013.03.26 01:49:32.123,1.06805,1.06831
2013.03.26 01:49:47.560,1.06805,1.06829
2013.03.26 01:49:48.604,1.06805,1.06828
2013.03.26 01:49:48.663,1.06801,1.06827
2013.03.26 01:50:00.423,1.06804,1.06827
2013.03.26 01:50:01.170,1.06802,1.06827
2013.03.26 01:50:08.653,1.06801,1.06827
2013.03.26 01:50:10.150,1.06801,1.06828
2013.03.26 01:50:11.634,1.06801,1.06828
2013.03.26 01:50:11.693,1.06801,1.06826
2013.03.26 01:50:14.814,1.06801,1.06825
2013.03.26 01:50:20.664,1.06803,1.06825
2013.03.26 01:50:20.725,1.06803,1.06828
2013.03.26 01:50:24.834,1.06807,1.06831
2013.03.26 01:50:24.895,1.06807,1.06832
2013.03.26 01:50:45.494,1.06811,1.06833
2013.03.26 01:50:53.571,1.06809,1.06833
2013.03.26 01:50:54.584,1.06813,1.06836
2013.03.26 01:50:55.284,1.06813,1.06837
2013.03.26 01:51:01.883,1.06811,1.06836
2013.03.26 01:51:04.333,1.06811,1.06837
2013.03.26 01:51:05.115,1.06811,1.06836
2013.03.26 01:51:05.793,1.0681,1.06834
2013.03.26 01:51:06.114,1.0681,1.06834
2013.03.26 01:51:06.353,1.06812,1.06838
2013.03.26 01:51:07.983,1.06811,1.06836
2013.03.26 01:51:08.103,1.06811,1.06837
2013.03.26 01:51:08.981,1.06813,1.06838
2013.03.26 01:51:12.174,1.06816,1.06839
2013.03.26 01:51:28.093,1.0682,1.06842
2013.03.26 01:51:29.804,1.06817,1.06839
2013.03.26 01:51:39.074,1.06817,1.06838
2013.03.26 01:51:39.619,1.06814,1.06838
2013.03.26 01:51:43.167,1.06814,1.06841
2013.03.26 01:51:44.544,1.0682,1.06842
2013.03.26 01:51:45.430,1.0682,1.06842
2013.03.26 01:51:46.344,1.0682,1.06842
2013.03.26 01:51:46.583,1.06821,1.06845
2013.03.26 01:51:50.214,1.06826,1.06849
2013.03.26 01:51:52.935,1.06827,1.06851
2013.03.26 01:51:54.770,1.06828,1.06853
2013.03.26 01:51:57.334,1.06827,1.06853
2013.03.26 01:51:57.574,1.06825,1.06849
2013.03.26 01:52:00.063,1.06822,1.06849
2013.03.26 01:52:00.404,1.0682,1.06845
2013.03.26 01:52:01.301,1.06821,1.06844
2013.03.26 01:52:03.164,1.0682,1.06844
2013.03.26 01:52:13.153,1.06819,1.06845
2013.03.26 01:52:13.605,1.06822,1.06845
2013.03.26 01:52:13.881,1.06822,1.06846
2013.03.26 01:52:14.934,1.06822,1.06848
2013.03.26 01:52:15.324,1.0683,1.0685
2013.03.26 01:52:15.504,1.0683,1.06853
2013.03.26 01:52:15.564,1.0683,1.06854
2013.03.26 01:52:15.745,1.06831,1.06854
2013.03.26 01:52:16.045,1.06829,1.0685
2013.03.26 01:52:16.106,1.06827,1.0685
2013.03.26 01:52:16.286,1.06821,1.06848
2013.03.26 01:52:16.644,1.06821,1.06842
2013.03.26 01:52:17.075,1.06817,1.06842
2013.03.26 01:52:17.314,1.06817,1.06841
2013.03.26 01:52:17.615,1.06817,1.06844
2013.03.26 01:52:18.334,1.06822,1.06847
2013.03.26 01:52:20.637,1.06822,1.06848
2013.03.26 01:52:29.203,1.06822,1.06847
2013.03.26 01:52:29.831,1.06822,1.06847
2013.03.26 01:52:30.075,1.06822,1.06845
2013.03.26 01:52:30.435,1.06815,1.06839
2013.03.26 01:52:30.495,1.06811,1.06838
2013.03.26 01:52:30.614,1.06812,1.06838
2013.03.26 01:52:38.006,1.06817,1.06843
2013.03.26 01:52:42.885,1.06817,1.06842
2013.03.26 01:52:43.247,1.06812,1.06835
2013.03.26 01:52:43.595,1.06808,1.0683
2013.03.26 01:52:43.654,1.06806,1.0683
2013.03.26 01:52:43.714,1.06805,1.0683
2013.03.26 01:52:44.134,1.06805,1.06828
2013.03.26 01:52:44.565,1.06801,1.06826
2013.03.26 01:52:44.984,1.06801,1.06824
2013.03.26 01:52:45.286,1.06801,1.06822
2013.03.26 01:52:45.345,1.06801,1.06822
2013.03.26 01:52:45.643,1.06799,1.06822
2013.03.26 01:52:46.304,1.06803,1.06826
2013.03.26 01:52:46.855,1.06805,1.06829
2013.03.26 01:52:47.424,1.06805,1.06829
2013.03.26 01:52:47.725,1.06811,1.06832
2013.03.26 01:52:47.844,1.06811,1.06836
2013.03.26 01:52:48.414,1.06811,1.06834
2013.03.26 01:52:50.174,1.0681,1.06835
2013.03.26 01:52:54.861,1.06811,1.06837
2013.03.26 01:52:55.344,1.0681,1.06834
2013.03.26 01:52:56.029,1.06815,1.06837
2013.03.26 01:52:56.094,1.06815,1.06839
2013.03.26 01:53:11.854,1.06817,1.06839
2013.03.26 01:53:12.576,1.06815,1.06839
2013.03.26 01:53:12.824,1.06817,1.06833
2013.03.26 01:53:13.187,1.06812,1.06834
2013.03.26 01:53:13.316,1.06812,1.06834
2013.03.26 01:53:13.675,1.06812,1.06829
2013.03.26 01:53:13.736,1.06813,1.06832
2013.03.26 01:53:13.855,1.06813,1.06834
2013.03.26 01:53:13.914,1.06813,1.06834
2013.03.26 01:53:15.174,1.06811,1.06834
2013.03.26 01:53:15.364,1.0681,1.06834
2013.03.26 01:53:15.666,1.06812,1.06837
2013.03.26 01:53:29.935,1.06814,1.06837
2013.03.26 01:53:33.876,1.06812,1.06836
2013.03.26 01:53:40.614,1.06811,1.06835
2013.03.26 01:53:44.417,1.06811,1.06835
2013.03.26 01:53:48.955,1.06816,1.06836
2013.03.26 01:53:49.074,1.06816,1.06839
2013.03.26 01:53:49.195,1.06816,1.06837
2013.03.26 01:53:49.555,1.06806,1.06829
2013.03.26 01:53:49.915,1.06806,1.06827
2013.03.26 01:53:50.037,1.06806,1.06827
2013.03.26 01:53:51.491,1.06806,1.06826
2013.03.26 01:53:51.974,1.06806,1.06826
2013.03.26 01:53:52.154,1.06806,1.06826
2013.03.26 01:53:53.144,1.06806,1.06831
2013.03.26 01:53:53.934,1.06808,1.0683
2013.03.26 01:53:54.235,1.06824,1.06832
2013.03.26 01:53:54.297,1.06824,1.0684
2013.03.26 01:53:54.365,1.06821,1.0684
2013.03.26 01:53:54.485,1.06819,1.06843
2013.03.26 01:53:54.677,1.06818,1.06844
2013.03.26 01:53:55.404,1.0682,1.06845
2013.03.26 01:53:57.906,1.06821,1.06844
2013.03.26 01:53:58.085,1.06821,1.06842
2013.03.26 01:53:58.446,1.06819,1.06838
2013.03.26 01:53:58.567,1.06816,1.06838
2013.03.26 01:53:59.140,1.06816,1.06838
2013.03.26 01:53:59.380,1.06818,1.06838
2013.03.26 01:54:06.504,1.0682,1.06844
2013.03.26 01:54:19.625,1.06819,1.06842
2013.03.26 01:54:19.686,1.06819,1.06841
2013.03.26 01:54:19.746,1.06817,1.06839
2013.03.26 01:54:19.806,1.06817,1.06837
2013.03.26 01:54:20.107,1.06815,1.06836
2013.03.26 01:54:20.165,1.06812,1.06834
2013.03.26 01:54:20.285,1.06811,1.06833
2013.03.26 01:54:24.180,1.0681,1.06834
2013.03.26 01:54:26.209,1.0681,1.06837
2013.03.26 01:54:26.334,1.0681,1.06834
2013.03.26 01:54:33.148,1.06809,1.06834
2013.03.26 01:54:33.217,1.06809,1.06832
2013.03.26 01:54:33.574,1.06808,1.06832
2013.03.26 01:54:36.695,1.0681,1.06833
2013.03.26 01:54:41.820,1.06809,1.06834
2013.03.26 01:54:44.355,1.06812,1.06833
2013.03.26 01:54:44.718,1.06812,1.06833
2013.03.26 01:54:45.036,1.06812,1.0683
2013.03.26 01:55:04.584,1.06809,1.06831
2013.03.26 01:55:06.796,1.06811,1.06833
2013.03.26 01:55:06.918,1.06811,1.06834
2013.03.26 01:55:07.889,1.06811,1.06834
2013.03.26 01:55:14.697,1.06811,1.06833
2013.03.26 01:55:14.777,1.0681,1.06832
2013.03.26 01:55:25.155,1.06811,1.06832
2013.03.26 01:55:25.215,1.06813,1.06837
2013.03.26 01:55:25.742,1.06813,1.06837
2013.03.26 01:55:28.245,1.06813,1.06837
2013.03.26 01:55:28.304,1.06811,1.06836
2013.03.26 01:55:28.364,1.06811,1.06834
2013.03.26 01:55:28.669,1.06811,1.06833
2013.03.26 01:55:28.986,1.06808,1.06829
2013.03.26 01:55:29.725,1.06806,1.06829
2013.03.26 01:55:29.925,1.06804,1.06828
2013.03.26 01:55:33.706,1.06802,1.06828
2013.03.26 01:55:34.224,1.06802,1.06828
2013.03.26 01:55:38.406,1.06802,1.06828
2013.03.26 01:55:38.558,1.06803,1.06828
2013.03.26 01:55:49.065,1.06802,1.06828
2013.03.26 01:55:49.605,1.06801,1.06823
2013.03.26 01:55:50.085,1.06801,1.06826
2013.03.26 01:55:50.325,1.06802,1.06828
2013.03.26 01:55:50.565,1.06809,1.06833
2013.03.26 01:55:50.935,1.06807,1.06833
2013.03.26 01:55:51.000,1.06807,1.06828
2013.03.26 01:56:11.109,1.06803,1.06828
2013.03.26 01:56:12.915,1.06804,1.06828
2013.03.26 01:56:14.565,1.06806,1.06829
2013.03.26 01:56:19.056,1.06803,1.06829
2013.03.26 01:56:26.645,1.06806,1.06829
2013.03.26 01:56:27.151,1.06804,1.06829
2013.03.26 01:56:30.369,1.06802,1.06829
2013.03.26 01:56:44.104,1.06803,1.06827
2013.03.26 01:56:44.641,1.06803,1.06827
2013.03.26 01:57:08.765,1.06801,1.06827
2013.03.26 01:57:11.985,1.06801,1.06826
2013.03.26 01:57:19.056,1.06801,1.06825
2013.03.26 01:57:19.235,1.06801,1.06824
2013.03.26 01:57:25.326,1.06801,1.06823
2013.03.26 01:57:25.875,1.06802,1.06828
2013.03.26 01:57:30.076,1.06802,1.06827
2013.03.26 01:57:30.633,1.06802,1.06827
2013.03.26 01:57:33.165,1.06803,1.06828
2013.03.26 01:57:37.655,1.06802,1.06827
2013.03.26 01:57:38.136,1.06801,1.06826
2013.03.26 01:57:52.134,1.06801,1.06825
2013.03.26 01:57:52.375,1.06807,1.06831
2013.03.26 01:57:53.264,1.06805,1.06828
2013.03.26 01:58:00.697,1.06801,1.06825
2013.03.26 01:58:01.456,1.06801,1.06824
2013.03.26 01:58:11.585,1.06801,1.06825
2013.03.26 01:58:13.265,1.06801,1.06825
2013.03.26 01:58:16.126,1.06802,1.06825
2013.03.26 01:58:21.107,1.068,1.06825
2013.03.26 01:58:21.776,1.06797,1.06819
2013.03.26 01:58:21.859,1.06792,1.06817
2013.03.26 01:58:22.426,1.06792,1.06817
2013.03.26 01:58:22.545,1.06794,1.0682
2013.03.26 01:58:23.372,1.06797,1.06822
2013.03.26 01:58:42.657,1.06797,1.06822
2013.03.26 01:59:02.714,1.06797,1.06822
2013.03.26 01:59:08.736,1.06795,1.06818
2013.03.26 01:59:08.977,1.06793,1.06815
2013.03.26 01:59:09.155,1.06791,1.06814
2013.03.26 01:59:09.335,1.06789,1.06812
2013.03.26 01:59:09.756,1.06788,1.06808
2013.03.26 01:59:10.335,1.06785,1.06805
2013.03.26 01:59:10.395,1.06785,1.06805
2013.03.26 01:59:10.935,1.06779,1.06803
2013.03.26 01:59:11.176,1.06779,1.06803
2013.03.26 01:59:12.228,1.06779,1.06804
2013.03.26 01:59:20.360,1.06779,1.06804
2013.03.26 01:59:22.425,1.0678,1.06803
2013.03.26 01:59:26.326,1.06781,1.06803
2013.03.26 01:59:28.655,1.06784,1.06805
2013.03.26 01:59:28.955,1.06784,1.06809
2013.03.26 01:59:29.616,1.06784,1.06809
2013.03.26 01:59:31.134,1.06785,1.06809
2013.03.26 01:59:32.186,1.06784,1.06808
2013.03.26 01:59:32.315,1.06787,1.06808
2013.03.26 01:59:35.706,1.06784,1.06807
2013.03.26 01:59:52.509,1.06785,1.06808
2013.03.26 01:59:54.361,1.06783,1.06805
2013.03.26 01:59:54.676,1.06779,1.06802
2013.03.26 01:59:55.096,1.06777,1.06801
2013.03.26 01:59:55.155,1.06777,1.068
2013.03.26 01:59:55.559,1.06777,1.06798
2013.03.26 02:00:05.073,1.06773,1.06797
2013.03.26 02:00:06.445,1.06771,1.06796
2013.03.26 02:00:06.625,1.06774,1.06798
2013.03.26 02:00:06.685,1.06776,1.068
2013.03.26 02:00:10.646,1.06777,1.068
2013.03.26 02:00:10.825,1.06777,1.06801
2013.03.26 02:00:13.105,1.06777,1.068
2013.03.26 02:00:14.946,1.06776,1.06797
2013.03.26 02:00:17.015,1.06776,1.068
2013.03.26 02:00:17.325,1.06776,1.06798
2013.03.26 02:00:21.075,1.06774,1.06796
2013.03.26 02:00:21.552,1.06776,1.06796
2013.03.26 02:00:26.473,1.06774,1.06796
2013.03.26 02:00:30.402,1.06771,1.06796
2013.03.26 02:00:30.705,1.0677,1.06796
2013.03.26 02:00:30.765,1.06771,1.06797
2013.03.26 02:00:36.197,1.06771,1.06796
2013.03.26 02:00:36.317,1.06768,1.06792
2013.03.26 02:00:36.727,1.06767,1.06791
2013.03.26 02:00:39.976,1.06765,1.06787
2013.03.26 02:00:40.275,1.06764,1.06788
2013.03.26 02:00:40.817,1.06766,1.06788
2013.03.26 02:00:42.226,1.06766,1.06788
