Time,Bid,Ask
2013.03.24 21:00:08.125,1.06786,1.06928
2013.03.24 21:00:08.191,1.06788,1.06934
2013.03.24 21:00:39.125,1.06721,1.06899
2013.03.24 21:01:46.005,1.06856,1.06922
2013.03.24 21:01:54.872,1.06866,1.06919
2013.03.24 21:01:55.436,1.06867,1.06919
2013.03.24 21:01:55.891,1.06857,1.0692
2013.03.24 21:01:56.082,1.06871,1.0692
2013.03.24 21:01:56.142,1.06871,1.06924
2013.03.24 21:01:57.054,1.06857,1.06923
2013.03.24 21:01:57.412,1.06872,1.06923
2013.03.24 21:01:58.326,1.06872,1.06922
2013.03.24 21:01:58.382,1.06857,1.06922
2013.03.24 21:02:11.592,1.06872,1.06922
2013.03.24 21:02:12.148,1.06872,1.06923
2013.03.24 21:02:14.632,1.06873,1.06923
2013.03.24 21:02:15.013,1.06876,1.06919
2013.03.24 21:02:28.383,1.06875,1.06914
2013.03.24 21:02:28.442,1.06866,1.06914
2013.03.24 21:02:30.052,1.06871,1.06919
2013.03.24 21:02:38.092,1.0686,1.06919
2013.03.24 21:02:38.152,1.06851,1.06919
2013.03.24 21:03:01.082,1.06847,1.06914
2013.03.24 21:03:01.686,1.06852,1.06918
2013.03.24 21:05:03.580,1.06729,1.06925
2013.03.24 21:05:43.620,1.06727,1.06923
2013.03.24 21:06:11.582,1.06729,1.06926
2013.03.24 21:06:12.196,1.06854,1.06928
2013.03.24 21:06:18.122,1.06854,1.06928
2013.03.24 21:06:18.529,1.06854,1.06928
2013.03.24 21:06:18.860,1.06854,1.06928
2013.03.24 21:06:35.812,1.06864,1.06941
2013.03.24 21:06:37.152,1.0685,1.0693
2013.03.24 21:06:40.859,1.06848,1.0693
2013.03.24 21:06:40.972,1.06836,1.06929
2013.03.24 21:07:19.694,1.06844,1.0693
2013.03.24 21:07:36.628,1.06844,1.0693
2013.03.24 21:07:40.902,1.06845,1.06929
2013.03.24 21:07:40.963,1.06845,1.06921
2013.03.24 21:07:41.578,1.06845,1.06921
2013.03.24 21:07:43.902,1.06845,1.06921
2013.03.24 21:07:45.112,1.06845,1.06921
2013.03.24 21:07:46.308,1.06836,1.0691
2013.03.24 21:07:51.098,1.06836,1.0691
2013.03.24 21:07:53.683,1.06836,1.0691
2013.03.24 21:08:03.332,1.06836,1.0691
2013.03.24 21:08:05.092,1.06842,1.06917
2013.03.24 21:08:06.482,1.06843,1.06918
2013.03.24 21:08:07.378,1.06846,1.0693
2013.03.24 21:08:30.422,1.06846,1.06929
2013.03.24 21:08:33.912,1.06856,1.0693
2013.03.24 21:08:44.582,1.06856,1.0693
2013.03.24 21:09:08.342,1.06856,1.0693
2013.03.24 21:09:23.872,1.06852,1.06926
2013.03.24 21:09:36.813,1.06852,1.06926
2013.03.24 21:09:59.312,1.06852,1.06926
2013.03.24 21:10:59.356,1.06848,1.06926
2013.03.24 21:11:44.376,1.06796,1.06975
2013.03.24 21:12:04.343,1.06847,1.06926
2013.03.24 21:12:46.457,1.06858,1.06932
2013.03.24 21:12:46.583,1.06858,1.06934
2013.03.24 21:12:46.703,1.06856,1.06941
2013.03.24 21:12:51.850,1.06856,1.06941
2013.03.24 21:12:53.653,1.06856,1.06941
2013.03.24 21:12:56.793,1.06854,1.06929
2013.03.24 21:13:41.943,1.06859,1.06936
2013.03.24 21:14:02.314,1.06859,1.06936
2013.03.24 21:14:02.434,1.06868,1.06944
2013.03.24 21:14:04.386,1.06868,1.06944
2013.03.24 21:14:24.284,1.06867,1.06934
2013.03.24 21:14:34.184,1.06855,1.06931
2013.03.24 21:14:36.974,1.06853,1.06931
2013.03.24 21:14:42.864,1.06852,1.06932
2013.03.24 21:14:42.924,1.06855,1.06932
2013.03.24 21:15:01.446,1.06855,1.06932
2013.03.24 21:15:03.044,1.06855,1.06932
2013.03.24 21:15:03.576,1.06853,1.06942
2013.03.24 21:15:03.694,1.06851,1.06943
2013.03.24 21:15:05.362,1.06913,1.06943
2013.03.24 21:15:05.424,1.06919,1.06957
2013.03.24 21:15:05.487,1.06888,1.06967
2013.03.24 21:15:05.554,1.06888,1.06973
2013.03.24 21:15:06.109,1.06888,1.06974
2013.03.24 21:15:11.864,1.06878,1.06974
2013.03.24 21:15:11.924,1.06878,1.06973
2013.03.24 21:15:12.412,1.06861,1.06968
2013.03.24 21:15:20.951,1.06857,1.06968
2013.03.24 21:15:22.594,1.06857,1.06954
2013.03.24 21:15:23.230,1.06847,1.0694
2013.03.24 21:15:32.401,1.06851,1.06941
2013.03.24 21:15:39.541,1.06851,1.0694
2013.03.24 21:15:40.354,1.06846,1.0694
2013.03.24 21:15:40.414,1.06846,1.06934
2013.03.24 21:15:40.753,1.06846,1.06924
2013.03.24 21:15:41.354,1.06896,1.06924
2013.03.24 21:15:41.474,1.06896,1.06931
2013.03.24 21:15:41.654,1.06861,1.06941
2013.03.24 21:15:41.714,1.06861,1.06943
2013.03.24 21:15:58.584,1.06861,1.06943
2013.03.24 21:15:59.129,1.06861,1.06943
2013.03.24 21:16:01.610,1.06861,1.06943
2013.03.24 21:16:21.613,1.06859,1.06943
2013.03.24 21:16:34.424,1.06859,1.06941
2013.03.24 21:16:34.664,1.06855,1.0695
2013.03.24 21:16:36.609,1.06855,1.0695
2013.03.24 21:16:53.954,1.06862,1.06939
2013.03.24 21:17:11.884,1.06862,1.0694
2013.03.24 21:17:47.946,1.06862,1.06938
2013.03.24 21:17:55.539,1.06862,1.06938
2013.03.24 21:18:29.842,1.06862,1.06938
2013.03.24 21:18:30.106,1.06855,1.06929
2013.03.24 21:18:42.104,1.06853,1.06929
2013.03.24 21:18:50.202,1.06858,1.06932
2013.03.24 21:18:50.265,1.06858,1.06935
2013.03.24 21:18:59.068,1.06858,1.06933
2013.03.24 21:19:04.796,1.06858,1.06935
2013.03.24 21:19:15.787,1.06858,1.06935
2013.03.24 21:19:29.916,1.06863,1.06937
2013.03.24 21:19:29.986,1.06863,1.06938
2013.03.24 21:19:31.116,1.06863,1.0694
2013.03.24 21:19:49.942,1.06867,1.06942
2013.03.24 21:19:50.005,1.06867,1.06944
2013.03.24 21:19:58.607,1.06867,1.06945
2013.03.24 21:20:01.805,1.06867,1.06944
2013.03.24 21:20:06.104,1.06864,1.06942
2013.03.24 21:20:06.224,1.06843,1.06912
2013.03.24 21:20:06.285,1.06836,1.0691
2013.03.24 21:20:07.848,1.06834,1.0691
2013.03.24 21:20:07.928,1.06832,1.06898
2013.03.24 21:20:08.044,1.06818,1.06895
2013.03.24 21:20:14.866,1.06832,1.06898
2013.03.24 21:20:15.369,1.06842,1.06916
2013.03.24 21:20:15.694,1.06839,1.06915
2013.03.24 21:20:15.814,1.06817,1.06894
2013.03.24 21:20:27.097,1.06817,1.06894
2013.03.24 21:20:27.275,1.06826,1.06903
2013.03.24 21:20:34.355,1.06826,1.06903
2013.03.24 21:20:37.047,1.06826,1.06903
2013.03.24 21:20:45.650,1.06826,1.06903
2013.03.24 21:20:47.057,1.06826,1.06903
2013.03.24 21:21:29.345,1.0683,1.06904
2013.03.24 21:21:49.033,1.06828,1.069
2013.03.24 21:22:11.796,1.06828,1.06902
2013.03.24 21:22:12.035,1.06819,1.06896
2013.03.24 21:22:17.845,1.06819,1.06896
2013.03.24 21:23:18.069,1.0682,1.06898
2013.03.24 21:23:27.875,1.06822,1.06896
2013.03.24 21:23:30.338,1.06822,1.06896
2013.03.24 21:24:29.113,1.06819,1.06894
2013.03.24 21:25:02.905,1.06819,1.06894
2013.03.24 21:25:06.844,1.06819,1.06894
2013.03.24 21:25:22.801,1.06816,1.06891
2013.03.24 21:25:38.632,1.06816,1.06892
2013.03.24 21:26:34.071,1.06811,1.06885
2013.03.24 21:26:58.909,1.06824,1.06897
2013.03.24 21:27:15.050,1.06826,1.06886
2013.03.24 21:27:15.611,1.06826,1.06889
2013.03.24 21:27:17.095,1.06826,1.06889
2013.03.24 21:27:20.051,1.06832,1.06889
2013.03.24 21:27:32.195,1.06835,1.0689
2013.03.24 21:28:03.039,1.06837,1.06888
2013.03.24 21:28:32.219,1.06834,1.06888
2013.03.24 21:28:43.116,1.06834,1.06889
2013.03.24 21:29:03.155,1.06831,1.06887
2013.03.24 21:29:03.215,1.06831,1.06886
2013.03.24 21:29:26.630,1.06838,1.06897
2013.03.24 21:29:26.685,1.06851,1.06906
2013.03.24 21:29:26.876,1.06837,1.06892
2013.03.24 21:29:26.960,1.06838,1.06904
2013.03.24 21:29:27.015,1.0685,1.06905
2013.03.24 21:29:27.080,1.06839,1.06903
2013.03.24 21:29:27.145,1.06833,1.0689
2013.03.24 21:29:47.054,1.06833,1.0689
2013.03.24 21:30:01.788,1.06837,1.06889
2013.03.24 21:30:02.096,1.06846,1.06889
2013.03.24 21:30:06.445,1.06846,1.06889
2013.03.24 21:30:07.162,1.06846,1.06893
2013.03.24 21:30:36.547,1.06846,1.06894
2013.03.24 21:31:36.692,1.0683,1.0691
2013.03.24 21:31:58.765,1.068,1.06937
2013.03.24 21:32:25.006,1.068,1.06938
2013.03.24 21:32:52.964,1.068,1.06937
2013.03.24 21:32:53.555,1.068,1.06938
2013.03.24 21:33:21.419,1.068,1.06937
2013.03.24 21:33:21.865,1.06857,1.06927
2013.03.24 21:33:32.865,1.06806,1.06927
2013.03.24 21:33:32.995,1.06805,1.06926
2013.03.24 21:33:49.411,1.06831,1.06908
2013.03.24 21:34:12.844,1.06834,1.06909
2013.03.24 21:34:15.846,1.06834,1.06909
2013.03.24 21:34:16.270,1.06852,1.06909
2013.03.24 21:34:48.554,1.06856,1.06912
2013.03.24 21:34:51.756,1.06851,1.06912
2013.03.24 21:34:56.856,1.06856,1.06912
2013.03.24 21:35:00.166,1.06856,1.06913
2013.03.24 21:35:04.399,1.06861,1.06913
2013.03.24 21:35:04.620,1.06861,1.06913
2013.03.24 21:35:05.170,1.06862,1.0692
2013.03.24 21:35:06.407,1.06862,1.0692
2013.03.24 21:35:06.814,1.06867,1.06928
2013.03.24 21:35:09.344,1.06862,1.06928
2013.03.24 21:35:09.486,1.06862,1.06922
2013.03.24 21:35:18.556,1.06855,1.06921
2013.03.24 21:35:24.026,1.06852,1.06919
2013.03.24 21:35:25.486,1.06854,1.06921
2013.03.24 21:35:27.326,1.06854,1.06921
2013.03.24 21:35:27.546,1.06851,1.06921
2013.03.24 21:35:30.843,1.06852,1.06922
2013.03.24 21:35:31.242,1.06856,1.06922
2013.03.24 21:35:32.383,1.06856,1.06922
2013.03.24 21:36:12.313,1.06862,1.06922
2013.03.24 21:36:20.166,1.06857,1.06922
2013.03.24 21:36:31.000,1.06847,1.06921
2013.03.24 21:37:20.352,1.06845,1.06924
2013.03.24 21:37:29.900,1.06842,1.06922
2013.03.24 21:37:30.016,1.06842,1.0692
2013.03.24 21:37:30.107,1.06844,1.06918
2013.03.24 21:37:30.581,1.06844,1.06918
2013.03.24 21:37:30.987,1.06844,1.06918
2013.03.24 21:37:31.099,1.06844,1.06918
2013.03.24 21:37:31.429,1.06844,1.06918
2013.03.24 21:37:31.971,1.06844,1.06918
2013.03.24 21:37:32.570,1.06844,1.06918
2013.03.24 21:37:32.968,1.06844,1.06918
2013.03.24 21:37:33.335,1.06844,1.06918
2013.03.24 21:37:33.641,1.06844,1.06918
2013.03.24 21:37:34.841,1.06844,1.06918
2013.03.24 21:38:28.150,1.06848,1.06924
2013.03.24 21:38:28.507,1.06866,1.06924
2013.03.24 21:38:30.136,1.06866,1.06926
2013.03.24 21:39:28.295,1.06851,1.06925
2013.03.24 21:39:30.181,1.06848,1.06928
2013.03.24 21:39:30.347,1.06856,1.06926
2013.03.24 21:39:50.216,1.06856,1.06924
2013.03.24 21:39:50.761,1.06856,1.06922
2013.03.24 21:40:07.056,1.06859,1.06922
2013.03.24 21:40:10.451,1.06859,1.06922
2013.03.24 21:40:19.606,1.06859,1.06919
2013.03.24 21:40:35.079,1.06859,1.06919
2013.03.24 21:40:35.843,1.06858,1.06919
2013.03.24 21:40:38.617,1.06858,1.06919
2013.03.24 21:40:40.360,1.06858,1.06919
2013.03.24 21:40:40.556,1.06853,1.06919
2013.03.24 21:40:41.170,1.06845,1.06919
2013.03.24 21:40:41.287,1.06837,1.06911
2013.03.24 21:40:41.347,1.06834,1.06911
2013.03.24 21:40:41.409,1.06822,1.069
2013.03.24 21:40:41.527,1.0682,1.069
2013.03.24 21:40:48.876,1.0683,1.069
2013.03.24 21:40:49.506,1.06842,1.06906
2013.03.24 21:40:53.427,1.06843,1.06918
2013.03.24 21:40:53.765,1.06856,1.06918
2013.03.24 21:41:11.896,1.06861,1.06918
2013.03.24 21:41:50.427,1.06865,1.06921
2013.03.24 21:41:50.487,1.06867,1.06921
2013.03.24 21:41:50.933,1.06866,1.06927
2013.03.24 21:41:52.368,1.06866,1.06927
2013.03.24 21:41:52.578,1.06857,1.06927
2013.03.24 21:42:22.515,1.06862,1.06923
2013.03.24 21:42:37.137,1.06856,1.06924
2013.03.24 21:42:50.327,1.06862,1.06924
2013.03.24 21:42:52.567,1.06849,1.06924
2013.03.24 21:42:53.757,1.06862,1.06923
2013.03.24 21:43:35.879,1.06862,1.06921
2013.03.24 21:43:50.652,1.06852,1.06924
2013.03.24 21:44:06.885,1.06857,1.06921
2013.03.24 21:44:35.368,1.06846,1.0692
2013.03.24 21:45:06.961,1.06842,1.06922
2013.03.24 21:45:14.067,1.06842,1.06922
2013.03.24 21:45:25.577,1.06844,1.06921
2013.03.24 21:45:27.927,1.06844,1.06921
2013.03.24 21:45:28.514,1.06867,1.06921
2013.03.24 21:45:31.018,1.06867,1.06921
2013.03.24 21:46:05.841,1.06871,1.0693
2013.03.24 21:46:23.637,1.06866,1.0693
2013.03.24 21:46:31.108,1.06847,1.06924
2013.03.24 21:46:43.407,1.06861,1.06924
2013.03.24 21:46:43.734,1.06861,1.06921
2013.03.24 21:47:04.729,1.06861,1.06921
2013.03.24 21:47:12.288,1.06861,1.06921
2013.03.24 21:47:43.612,1.06858,1.06923
2013.03.24 21:47:49.572,1.06866,1.06921
2013.03.24 21:47:49.875,1.06872,1.06933
2013.03.24 21:47:51.112,1.06872,1.06933
2013.03.24 21:47:51.289,1.06859,1.06921
2013.03.24 21:47:51.447,1.06857,1.06921
2013.03.24 21:47:52.872,1.06862,1.06921
2013.03.24 21:47:53.069,1.06862,1.06921
2013.03.24 21:48:31.488,1.06856,1.06919
2013.03.24 21:48:40.618,1.06856,1.06919
2013.03.24 21:48:50.579,1.06856,1.06919
2013.03.24 21:48:51.228,1.06843,1.06919
2013.03.24 21:49:07.127,1.06838,1.06914
2013.03.24 21:49:07.307,1.06838,1.06914
2013.03.24 21:49:07.488,1.06833,1.06909
2013.03.24 21:49:07.548,1.0683,1.06909
2013.03.24 21:49:47.407,1.0683,1.06907
2013.03.24 21:49:47.588,1.0682,1.06897
2013.03.24 21:49:48.341,1.06813,1.06889
2013.03.24 21:49:48.397,1.06812,1.06889
2013.03.24 21:49:50.971,1.06807,1.06883
2013.03.24 21:49:51.028,1.06807,1.06883
2013.03.24 21:49:52.790,1.06804,1.06882
2013.03.24 21:50:04.688,1.06807,1.06882
2013.03.24 21:50:07.667,1.06801,1.06878
2013.03.24 21:50:26.261,1.06798,1.06875
2013.03.24 21:50:39.129,1.06801,1.06878
2013.03.24 21:51:04.859,1.06801,1.06878
2013.03.24 21:51:39.175,1.068,1.06878
2013.03.24 21:51:55.531,1.068,1.06877
2013.03.24 21:52:05.273,1.06799,1.06877
2013.03.24 21:52:08.288,1.06802,1.06877
2013.03.24 21:52:12.568,1.06812,1.06886
2013.03.24 21:52:18.838,1.06802,1.06879
2013.03.24 21:52:19.109,1.06801,1.06867
2013.03.24 21:52:19.378,1.068,1.06874
2013.03.24 21:52:45.290,1.06807,1.06882
2013.03.24 21:53:25.327,1.06811,1.06886
2013.03.24 21:53:34.190,1.06812,1.06886
2013.03.24 21:54:14.342,1.06816,1.06894
2013.03.24 21:54:15.170,1.06824,1.06898
2013.03.24 21:54:15.228,1.06824,1.06898
2013.03.24 21:54:24.241,1.06824,1.069
2013.03.24 21:54:35.228,1.06822,1.06898
2013.03.24 21:54:40.379,1.0682,1.06898
2013.03.24 21:55:00.373,1.06809,1.06888
2013.03.24 21:55:11.538,1.06809,1.06882
2013.03.24 21:55:12.388,1.06809,1.06882
2013.03.24 21:55:15.010,1.06815,1.06882
2013.03.24 21:55:15.648,1.06815,1.06891
2013.03.24 21:55:24.158,1.06825,1.06898
2013.03.24 21:55:24.218,1.06825,1.06898
2013.03.24 21:55:24.338,1.06837,1.06905
2013.03.24 21:55:24.682,1.06837,1.06905
2013.03.24 21:55:27.838,1.06837,1.06905
2013.03.24 21:55:27.958,1.06844,1.06912
2013.03.24 21:55:28.375,1.06851,1.06912
2013.03.24 21:55:31.578,1.06851,1.06912
2013.03.24 21:55:31.758,1.06841,1.06912
2013.03.24 21:55:31.978,1.06836,1.06912
2013.03.24 21:55:52.179,1.06836,1.06906
2013.03.24 21:55:52.246,1.06836,1.06908
2013.03.24 21:55:55.368,1.06836,1.06908
2013.03.24 21:55:55.888,1.06849,1.0692
2013.03.24 21:56:18.534,1.06849,1.06923
2013.03.24 21:56:32.878,1.06849,1.06932
2013.03.24 21:56:32.938,1.06837,1.06932
2013.03.24 21:56:32.998,1.06837,1.06932
2013.03.24 21:56:33.644,1.06829,1.0693
2013.03.24 21:56:58.958,1.06823,1.06927
2013.03.24 21:57:06.892,1.06823,1.06919
2013.03.24 21:57:11.669,1.06823,1.06916
2013.03.24 21:57:14.631,1.0682,1.06922
2013.03.24 21:57:15.172,1.0682,1.06922
2013.03.24 21:57:15.716,1.06827,1.0693
2013.03.24 21:57:21.676,1.06827,1.0693
2013.03.24 21:57:28.561,1.0684,1.06937
2013.03.24 21:57:29.769,1.06842,1.06937
2013.03.24 21:57:42.797,1.06842,1.06934
2013.03.24 21:57:43.139,1.06846,1.06934
2013.03.24 21:58:03.188,1.06852,1.06934
2013.03.24 21:58:23.408,1.06852,1.06934
2013.03.24 21:58:33.348,1.06847,1.06916
2013.03.24 21:58:38.109,1.06856,1.06916
2013.03.24 21:58:38.789,1.06856,1.06917
2013.03.24 21:58:40.639,1.0685,1.06917
2013.03.24 21:58:57.312,1.0685,1.06917
2013.03.24 21:58:57.489,1.06841,1.06902
2013.03.24 21:58:57.613,1.06825,1.06902
2013.03.24 21:58:59.072,1.06825,1.06902
2013.03.24 21:58:59.249,1.06816,1.06909
2013.03.24 21:59:12.703,1.06817,1.06883
2013.03.24 21:59:13.088,1.06817,1.06889
2013.03.24 21:59:15.798,1.06817,1.06884
2013.03.24 21:59:19.238,1.06813,1.06884
2013.03.24 21:59:22.539,1.06806,1.06884
2013.03.24 21:59:25.593,1.06806,1.06873
2013.03.24 21:59:25.659,1.06802,1.06873
2013.03.24 21:59:35.609,1.06801,1.06879
2013.03.24 21:59:37.749,1.06807,1.06878
2013.03.24 21:59:44.338,1.06801,1.06879
2013.03.24 21:59:45.349,1.06859,1.06879
2013.03.24 21:59:45.669,1.06803,1.06879
2013.03.24 21:59:48.690,1.06801,1.06879
2013.03.24 21:59:54.948,1.06852,1.06879
2013.03.24 21:59:55.269,1.06801,1.06879
2013.03.24 21:59:57.029,1.0685,1.06879
2013.03.24 21:59:57.149,1.06801,1.06879
2013.03.24 21:59:58.672,1.06829,1.06879
2013.03.24 21:59:58.849,1.06822,1.06879
2013.03.24 21:59:58.909,1.0683,1.06879
2013.03.24 21:59:59.040,1.06828,1.06879
2013.03.24 21:59:59.159,1.0683,1.06879
2013.03.24 21:59:59.279,1.06828,1.06879
2013.03.24 21:59:59.339,1.06821,1.06879
2013.03.24 21:59:59.399,1.06828,1.06879
2013.03.24 22:00:00.051,1.06828,1.06889
2013.03.24 22:00:00.291,1.06828,1.06893
2013.03.24 22:00:00.410,1.06871,1.06915
2013.03.24 22:00:00.530,1.06867,1.06912
2013.03.24 22:00:00.829,1.06877,1.06912
2013.03.24 22:00:00.889,1.06879,1.06929
2013.03.24 22:00:00.949,1.06873,1.06929
2013.03.24 22:00:01.619,1.06869,1.06929
2013.03.24 22:00:02.360,1.0687,1.06929
2013.03.24 22:00:02.420,1.06872,1.06929
2013.03.24 22:00:02.749,1.06862,1.0689
2013.03.24 22:00:03.079,1.06873,1.06898
2013.03.24 22:00:03.139,1.06873,1.06928
2013.03.24 22:00:03.199,1.06864,1.06928
2013.03.24 22:00:03.319,1.06859,1.06928
2013.03.24 22:00:03.379,1.06866,1.06933
2013.03.24 22:00:03.770,1.06874,1.06933
2013.03.24 22:00:04.128,1.06874,1.06928
2013.03.24 22:00:07.090,1.06878,1.06928
2013.03.24 22:00:08.579,1.06878,1.06949
2013.03.24 22:00:08.640,1.06873,1.06949
2013.03.24 22:00:08.879,1.06867,1.06949
2013.03.24 22:00:08.939,1.06867,1.06923
2013.03.24 22:00:09.179,1.06867,1.06943
2013.03.24 22:00:09.299,1.06874,1.06943
2013.03.24 22:00:09.359,1.06874,1.06948
2013.03.24 22:00:09.669,1.0688,1.06948
2013.03.24 22:00:10.099,1.06887,1.06948
2013.03.24 22:00:10.219,1.06884,1.06948
2013.03.24 22:00:10.279,1.06882,1.06948
2013.03.24 22:00:10.339,1.06892,1.06948
2013.03.24 22:00:10.399,1.06892,1.06953
2013.03.24 22:00:10.519,1.0689,1.06953
2013.03.24 22:00:10.579,1.06885,1.06953
2013.03.24 22:00:10.759,1.06883,1.06953
2013.03.24 22:00:10.819,1.06877,1.06953
2013.03.24 22:00:10.879,1.06883,1.06953
2013.03.24 22:00:11.239,1.06899,1.06953
2013.03.24 22:00:11.490,1.06897,1.06953
2013.03.24 22:00:11.609,1.06889,1.06953
2013.03.24 22:00:12.819,1.06894,1.06953
2013.03.24 22:00:13.089,1.06889,1.06953
2013.03.24 22:00:15.408,1.06889,1.06949
2013.03.24 22:00:15.599,1.06885,1.06949
2013.03.24 22:00:16.081,1.06906,1.06949
2013.03.24 22:00:16.538,1.06901,1.06949
2013.03.24 22:00:16.719,1.06888,1.06949
2013.03.24 22:00:17.149,1.06898,1.06949
2013.03.24 22:00:17.269,1.06889,1.06949
2013.03.24 22:00:17.449,1.06894,1.06949
2013.03.24 22:00:17.899,1.06905,1.06949
2013.03.24 22:00:18.019,1.06886,1.06949
2013.03.24 22:00:18.449,1.06878,1.06949
2013.03.24 22:00:18.829,1.06878,1.06954
2013.03.24 22:00:19.864,1.06885,1.06954
2013.03.24 22:00:19.979,1.06883,1.06954
2013.03.24 22:00:20.039,1.0688,1.06954
2013.03.24 22:00:20.639,1.06879,1.06954
2013.03.24 22:00:20.709,1.0687,1.06954
2013.03.24 22:00:20.769,1.06879,1.06954
2013.03.24 22:00:21.075,1.06883,1.06954
2013.03.24 22:00:22.140,1.06883,1.06939
2013.03.24 22:00:24.453,1.0688,1.06933
2013.03.24 22:00:24.761,1.06874,1.06933
2013.03.24 22:00:24.906,1.06877,1.06933
2013.03.24 22:00:25.089,1.06874,1.06933
2013.03.24 22:00:25.525,1.06883,1.06933
2013.03.24 22:00:26.502,1.0689,1.06933
2013.03.24 22:00:26.619,1.06888,1.06933
2013.03.24 22:00:26.679,1.06883,1.06933
2013.03.24 22:00:26.799,1.0689,1.06933
2013.03.24 22:00:27.139,1.06883,1.06933
2013.03.24 22:00:27.499,1.0689,1.06933
2013.03.24 22:00:27.618,1.06887,1.06933
2013.03.24 22:00:27.678,1.06885,1.06933
2013.03.24 22:00:29.699,1.06885,1.06948
2013.03.24 22:00:30.279,1.06888,1.06948
2013.03.24 22:00:30.609,1.06898,1.06948
2013.03.24 22:00:30.915,1.06896,1.06948
2013.03.24 22:00:30.980,1.06889,1.06948
2013.03.24 22:00:31.162,1.06897,1.06948
2013.03.24 22:00:31.685,1.06895,1.06948
2013.03.24 22:00:31.749,1.06891,1.06948
2013.03.24 22:00:32.674,1.06896,1.06948
2013.03.24 22:00:36.860,1.06894,1.06948
2013.03.24 22:00:36.990,1.06889,1.06948
2013.03.24 22:00:37.701,1.06917,1.06948
2013.03.24 22:00:38.050,1.06922,1.06948
2013.03.24 22:00:41.430,1.06925,1.06948
2013.03.24 22:00:41.759,1.06931,1.06948
2013.03.24 22:00:41.879,1.06937,1.06959
2013.03.24 22:00:41.956,1.06937,1.06965
2013.03.24 22:00:42.592,1.06945,1.06965
2013.03.24 22:00:43.100,1.06945,1.06968
2013.03.24 22:00:43.718,1.06944,1.06968
2013.03.24 22:00:44.220,1.06944,1.06967
2013.03.24 22:00:44.279,1.06944,1.0696
2013.03.24 22:00:45.069,1.06941,1.0696
2013.03.24 22:00:45.280,1.06933,1.0696
2013.03.24 22:00:45.378,1.06933,1.06964
2013.03.24 22:00:45.991,1.0694,1.06964
2013.03.24 22:00:46.415,1.0694,1.06961
2013.03.24 22:00:47.395,1.0694,1.06964
2013.03.24 22:00:49.814,1.0694,1.06969
2013.03.24 22:00:51.261,1.06944,1.06969
2013.03.24 22:00:53.110,1.0694,1.06969
2013.03.24 22:00:53.290,1.06937,1.06969
2013.03.24 22:00:54.514,1.06944,1.06969
2013.03.24 22:00:55.380,1.06944,1.06968
2013.03.24 22:00:56.168,1.06936,1.06963
2013.03.24 22:00:56.230,1.06931,1.06963
2013.03.24 22:00:58.969,1.06932,1.06963
2013.03.24 22:00:59.450,1.0693,1.06963
2013.03.24 22:00:59.890,1.0693,1.06958
2013.03.24 22:01:00.245,1.06933,1.06958
2013.03.24 22:01:00.310,1.06928,1.06958
2013.03.24 22:01:00.900,1.06926,1.06958
2013.03.24 22:01:01.401,1.06925,1.06958
2013.03.24 22:01:02.003,1.06926,1.06958
2013.03.24 22:01:03.054,1.06926,1.06953
2013.03.24 22:01:03.410,1.06918,1.06949
2013.03.24 22:01:03.591,1.06914,1.06949
2013.03.24 22:01:03.650,1.06914,1.06943
2013.03.24 22:01:04.053,1.06926,1.06953
2013.03.24 22:01:04.669,1.06925,1.06953
2013.03.24 22:01:05.568,1.06926,1.06953
2013.03.24 22:01:15.990,1.06918,1.06953
2013.03.24 22:01:19.479,1.06925,1.06953
2013.03.24 22:01:20.126,1.06926,1.06953
2013.03.24 22:01:21.931,1.06926,1.06949
2013.03.24 22:01:22.291,1.06938,1.06949
2013.03.24 22:01:23.102,1.06938,1.06953
2013.03.24 22:01:23.931,1.06938,1.06958
2013.03.24 22:01:25.152,1.06937,1.06958
2013.03.24 22:01:25.777,1.06938,1.06958
2013.03.24 22:01:26.331,1.06937,1.06954
2013.03.24 22:01:26.613,1.06933,1.06954
2013.03.24 22:01:27.194,1.06934,1.06954
2013.03.24 22:01:28.211,1.06938,1.06954
2013.03.24 22:01:28.741,1.06938,1.06953
2013.03.24 22:01:29.130,1.06925,1.06953
2013.03.24 22:01:29.858,1.06926,1.06953
2013.03.24 22:01:29.934,1.06933,1.06954
2013.03.24 22:01:30.300,1.06927,1.06948
2013.03.24 22:01:38.340,1.06927,1.06953
2013.03.24 22:01:39.700,1.06922,1.06948
2013.03.24 22:01:39.881,1.06914,1.06953
2013.03.24 22:01:40.674,1.06914,1.06958
2013.03.24 22:01:40.747,1.06914,1.06956
2013.03.24 22:01:41.050,1.06914,1.06953
2013.03.24 22:01:42.612,1.06914,1.06956
2013.03.24 22:01:43.093,1.06913,1.06959
2013.03.24 22:01:43.210,1.06917,1.06959
2013.03.24 22:01:43.330,1.06918,1.06961
2013.03.24 22:01:43.510,1.06917,1.06967
2013.03.24 22:01:43.630,1.06917,1.06958
2013.03.24 22:01:44.133,1.06918,1.06958
2013.03.24 22:01:44.441,1.06916,1.06954
2013.03.24 22:01:46.650,1.06922,1.06958
2013.03.24 22:01:48.980,1.06926,1.06958
2013.03.24 22:01:49.391,1.06927,1.06953
2013.03.24 22:01:51.354,1.06926,1.06948
2013.03.24 22:01:53.492,1.06933,1.06948
2013.03.24 22:01:53.850,1.06933,1.06953
2013.03.24 22:01:54.355,1.06934,1.06954
2013.03.24 22:01:54.600,1.06934,1.06969
2013.03.24 22:01:54.840,1.06934,1.06958
2013.03.24 22:01:55.381,1.06937,1.06958
2013.03.24 22:01:55.501,1.06927,1.06958
2013.03.24 22:02:15.140,1.06921,1.06954
2013.03.24 22:02:15.440,1.06921,1.06964
2013.03.24 22:02:15.800,1.06917,1.06963
2013.03.24 22:02:16.073,1.06922,1.06964
2013.03.24 22:02:16.401,1.06925,1.06964
2013.03.24 22:02:16.595,1.06921,1.06964
2013.03.24 22:02:16.722,1.06926,1.06954
2013.03.24 22:02:16.901,1.06921,1.06964
2013.03.24 22:02:17.080,1.06922,1.06958
2013.03.24 22:02:19.831,1.06917,1.06958
2013.03.24 22:02:20.071,1.06921,1.06958
2013.03.24 22:02:20.473,1.06921,1.06954
2013.03.24 22:02:24.290,1.06921,1.06957
2013.03.24 22:02:25.220,1.06921,1.06951
2013.03.24 22:02:25.280,1.06916,1.06951
2013.03.24 22:02:25.400,1.06909,1.06952
2013.03.24 22:02:25.460,1.06906,1.06951
2013.03.24 22:02:25.580,1.06906,1.06947
2013.03.24 22:02:25.640,1.06902,1.06947
2013.03.24 22:02:25.821,1.06898,1.06947
2013.03.24 22:02:25.880,1.06898,1.06944
2013.03.24 22:02:26.431,1.06896,1.0694
2013.03.24 22:02:26.814,1.06905,1.06941
2013.03.24 22:02:27.181,1.06905,1.06948
2013.03.24 22:02:27.361,1.06906,1.06951
2013.03.24 22:02:28.169,1.06905,1.06952
2013.03.24 22:02:28.230,1.06902,1.06952
2013.03.24 22:02:28.491,1.06902,1.06949
2013.03.24 22:02:29.018,1.06905,1.06949
2013.03.24 22:02:29.550,1.06907,1.06949
2013.03.24 22:02:30.480,1.06907,1.06952
2013.03.24 22:02:30.871,1.06907,1.06949
2013.03.24 22:02:30.930,1.06902,1.06949
2013.03.24 22:02:31.290,1.06902,1.0694
2013.03.24 22:02:35.592,1.06896,1.0694
2013.03.24 22:02:42.160,1.06892,1.06935
2013.03.24 22:02:44.490,1.06892,1.06934
2013.03.24 22:02:44.791,1.06892,1.06931
2013.03.24 22:02:46.581,1.06892,1.0693
2013.03.24 22:02:46.892,1.06882,1.06926
2013.03.24 22:02:46.950,1.06882,1.06921
2013.03.24 22:02:47.252,1.06882,1.06917
2013.03.24 22:02:47.770,1.06882,1.06916
2013.03.24 22:02:48.290,1.06882,1.06913
2013.03.24 22:02:48.633,1.06882,1.06908
2013.03.24 22:02:49.930,1.06882,1.06909
2013.03.24 22:02:50.350,1.06882,1.06911
2013.03.24 22:02:50.650,1.06882,1.06908
2013.03.24 22:02:51.209,1.06882,1.06907
2013.03.24 22:02:51.861,1.06872,1.06907
2013.03.24 22:02:52.100,1.06876,1.06908
2013.03.24 22:02:52.519,1.06876,1.0691
2013.03.24 22:02:52.640,1.06871,1.0691
2013.03.24 22:02:52.880,1.06866,1.06913
2013.03.24 22:02:52.940,1.06869,1.06913
2013.03.24 22:02:53.550,1.06869,1.06912
2013.03.24 22:02:54.130,1.06868,1.06912
2013.03.24 22:02:54.746,1.06868,1.06913
2013.03.24 22:02:55.810,1.06871,1.06913
2013.03.24 22:02:57.325,1.06871,1.06911
2013.03.24 22:02:57.846,1.06872,1.06904
2013.03.24 22:02:59.191,1.06872,1.06903
2013.03.24 22:02:59.551,1.06872,1.069
2013.03.24 22:03:00.100,1.06871,1.069
2013.03.24 22:03:00.340,1.06867,1.06898
2013.03.24 22:03:00.580,1.06872,1.06903
2013.03.24 22:03:00.881,1.06867,1.06903
2013.03.24 22:03:01.000,1.06872,1.06904
2013.03.24 22:03:01.120,1.06872,1.06907
2013.03.24 22:03:01.300,1.06867,1.06909
2013.03.24 22:03:01.980,1.06868,1.06909
2013.03.24 22:03:02.410,1.06871,1.06909
2013.03.24 22:03:02.740,1.06876,1.06909
2013.03.24 22:03:02.921,1.06871,1.06907
2013.03.24 22:03:03.433,1.06871,1.06906
2013.03.24 22:03:03.790,1.06871,1.06909
2013.03.24 22:03:04.120,1.06876,1.0691
2013.03.24 22:03:04.631,1.06871,1.0691
2013.03.24 22:03:05.350,1.06871,1.06911
2013.03.24 22:03:05.582,1.06871,1.06906
2013.03.24 22:03:06.621,1.06871,1.06908
2013.03.24 22:03:07.360,1.06872,1.06901
2013.03.24 22:03:07.720,1.06876,1.06901
2013.03.24 22:03:08.081,1.06872,1.06901
2013.03.24 22:03:08.380,1.06876,1.06901
2013.03.24 22:03:08.620,1.06871,1.06901
2013.03.24 22:03:08.740,1.06871,1.06906
2013.03.24 22:03:08.810,1.06867,1.06906
2013.03.24 22:03:09.110,1.06867,1.06909
2013.03.24 22:03:12.549,1.06877,1.06909
2013.03.24 22:03:12.936,1.06877,1.06906
2013.03.24 22:03:14.940,1.06877,1.06908
2013.03.24 22:03:15.627,1.06877,1.06907
2013.03.24 22:03:16.782,1.06877,1.0691
2013.03.24 22:03:16.951,1.06877,1.06907
2013.03.24 22:03:18.430,1.06871,1.06907
2013.03.24 22:03:19.123,1.06872,1.06907
2013.03.24 22:03:19.300,1.06872,1.06913
2013.03.24 22:03:19.520,1.06872,1.06915
2013.03.24 22:03:19.710,1.06872,1.06919
2013.03.24 22:03:19.830,1.06872,1.06917
2013.03.24 22:03:20.210,1.06867,1.06917
2013.03.24 22:03:20.770,1.06867,1.06919
2013.03.24 22:03:20.830,1.06871,1.06919
2013.03.24 22:03:21.130,1.06867,1.06919
2013.03.24 22:03:21.446,1.06866,1.06916
2013.03.24 22:03:21.570,1.06867,1.06919
2013.03.24 22:03:21.841,1.06872,1.06919
2013.03.24 22:03:22.840,1.06872,1.0692
2013.03.24 22:03:23.399,1.06871,1.06919
2013.03.24 22:03:23.548,1.06867,1.06919
2013.03.24 22:03:23.670,1.0687,1.06919
2013.03.24 22:03:24.058,1.06871,1.06921
2013.03.24 22:03:24.126,1.06867,1.06921
2013.03.24 22:03:24.450,1.0687,1.06921
2013.03.24 22:03:24.943,1.06871,1.06918
2013.03.24 22:03:25.310,1.06867,1.06918
2013.03.24 22:03:25.680,1.06871,1.06918
2013.03.24 22:03:25.742,1.06871,1.06921
2013.03.24 22:03:25.800,1.06871,1.06919
2013.03.24 22:03:25.920,1.06867,1.06919
2013.03.24 22:03:26.040,1.06866,1.06916
2013.03.24 22:03:26.970,1.06868,1.06919
2013.03.24 22:03:27.030,1.06868,1.06921
2013.03.24 22:03:27.150,1.06868,1.06918
2013.03.24 22:03:27.642,1.06868,1.06921
2013.03.24 22:03:27.820,1.06872,1.06921
2013.03.24 22:03:28.121,1.06872,1.06917
2013.03.24 22:03:28.340,1.06868,1.06917
2013.03.24 22:03:28.520,1.06866,1.06914
2013.03.24 22:03:28.910,1.06871,1.06914
2013.03.24 22:03:29.133,1.06867,1.06914
2013.03.24 22:03:29.937,1.06866,1.06914
2013.03.24 22:03:30.441,1.06866,1.06915
2013.03.24 22:03:30.756,1.06867,1.06919
2013.03.24 22:03:30.890,1.06872,1.06919
2013.03.24 22:03:31.250,1.06877,1.06919
2013.03.24 22:03:31.371,1.06867,1.06919
2013.03.24 22:03:31.491,1.06867,1.06917
2013.03.24 22:03:32.176,1.06866,1.06916
2013.03.24 22:03:37.249,1.06866,1.06913
2013.03.24 22:03:37.761,1.06868,1.06913
2013.03.24 22:03:37.946,1.06866,1.06913
2013.03.24 22:03:38.521,1.06866,1.06914
2013.03.24 22:03:40.600,1.06872,1.06914
2013.03.24 22:03:41.121,1.06882,1.06914
2013.03.24 22:03:41.260,1.06882,1.06916
2013.03.24 22:03:41.320,1.06882,1.06918
2013.03.24 22:03:41.620,1.06882,1.06922
2013.03.24 22:03:42.014,1.06882,1.06917
2013.03.24 22:03:42.680,1.06882,1.06912
2013.03.24 22:03:44.840,1.06872,1.06912
2013.03.24 22:03:48.359,1.06877,1.06912
2013.03.24 22:03:57.222,1.06878,1.06916
2013.03.24 22:04:02.122,1.06878,1.06919
2013.03.24 22:04:03.732,1.06881,1.06921
2013.03.24 22:04:03.791,1.06882,1.06926
2013.03.24 22:04:06.480,1.06881,1.06923
2013.03.24 22:04:06.545,1.06879,1.06921
2013.03.24 22:04:18.451,1.06884,1.06926
2013.03.24 22:04:18.781,1.06886,1.06926
2013.03.24 22:04:19.098,1.06886,1.06926
2013.03.24 22:04:20.308,1.06886,1.06924
2013.03.24 22:04:20.872,1.06881,1.06923
2013.03.24 22:04:20.990,1.06886,1.06924
2013.03.24 22:04:29.960,1.06885,1.06925
2013.03.24 22:04:40.781,1.06883,1.06925
2013.03.24 22:04:41.111,1.06885,1.06925
2013.03.24 22:05:13.001,1.0688,1.06918
2013.03.24 22:05:13.120,1.0688,1.06918
2013.03.24 22:05:22.971,1.06879,1.06918
2013.03.24 22:05:23.490,1.06879,1.06918
2013.03.24 22:05:26.170,1.06879,1.06918
2013.03.24 22:05:27.871,1.06879,1.06918
2013.03.24 22:05:28.394,1.06879,1.06918
2013.03.24 22:05:38.050,1.06879,1.06918
2013.03.24 22:05:38.223,1.06879,1.06918
2013.03.24 22:05:38.850,1.06879,1.06918
2013.03.24 22:06:00.500,1.06882,1.06919
2013.03.24 22:06:08.333,1.06883,1.06921
2013.03.24 22:06:21.803,1.06882,1.06923
2013.03.24 22:06:25.099,1.06883,1.06923
2013.03.24 22:06:30.640,1.06881,1.06923
2013.03.24 22:06:41.091,1.06881,1.0692
2013.03.24 22:07:20.560,1.0688,1.06917
2013.03.24 22:07:20.861,1.06881,1.06918
2013.03.24 22:07:21.221,1.06891,1.06928
2013.03.24 22:07:21.581,1.06896,1.06936
2013.03.24 22:07:21.641,1.06896,1.06936
2013.03.24 22:07:21.762,1.06896,1.06936
2013.03.24 22:07:22.095,1.069,1.06936
2013.03.24 22:07:22.597,1.069,1.06936
2013.03.24 22:07:35.440,1.06894,1.06935
2013.03.24 22:07:48.721,1.06894,1.06935
2013.03.24 22:07:55.300,1.06894,1.06935
2013.03.24 22:08:04.710,1.06888,1.06928
2013.03.24 22:08:04.891,1.0689,1.06928
2013.03.24 22:08:14.345,1.0689,1.06928
2013.03.24 22:08:17.102,1.0689,1.06927
2013.03.24 22:08:30.312,1.06888,1.06926
2013.03.24 22:08:55.023,1.0689,1.0693
2013.03.24 22:09:08.561,1.06889,1.06929
2013.03.24 22:09:09.084,1.06889,1.06929
2013.03.24 22:09:09.322,1.06887,1.06929
2013.03.24 22:09:20.872,1.06887,1.06924
2013.03.24 22:09:21.382,1.06887,1.06925
2013.03.24 22:09:24.781,1.06886,1.06925
2013.03.24 22:09:25.202,1.06886,1.06925
2013.03.24 22:09:28.532,1.06885,1.06924
2013.03.24 22:09:29.071,1.06883,1.06921
2013.03.24 22:09:29.858,1.06883,1.0692
2013.03.24 22:09:33.611,1.06883,1.06921
2013.03.24 22:09:33.911,1.0689,1.06929
2013.03.24 22:09:33.972,1.0689,1.06929
2013.03.24 22:09:36.405,1.06893,1.06931
2013.03.24 22:09:36.964,1.06897,1.06936
2013.03.24 22:09:39.993,1.06896,1.06931
2013.03.24 22:09:51.472,1.06891,1.06933
2013.03.24 22:09:53.973,1.06891,1.06931
2013.03.24 22:09:54.031,1.06891,1.06929
2013.03.24 22:09:54.151,1.06887,1.06928
2013.03.24 22:09:54.531,1.06887,1.06928
2013.03.24 22:09:55.604,1.06887,1.06928
2013.03.24 22:09:55.962,1.06894,1.06928
2013.03.24 22:10:00.222,1.06897,1.06928
2013.03.24 22:10:20.381,1.06897,1.06935
2013.03.24 22:10:22.072,1.06898,1.06936
2013.03.24 22:10:23.622,1.06898,1.06936
2013.03.24 22:10:25.043,1.06898,1.06938
2013.03.24 22:10:25.431,1.06898,1.06938
2013.03.24 22:10:25.495,1.06898,1.06938
2013.03.24 22:10:26.680,1.06898,1.06938
2013.03.24 22:10:29.942,1.06898,1.06938
2013.03.24 22:10:35.312,1.06898,1.06938
2013.03.24 22:10:36.852,1.06898,1.06938
2013.03.24 22:10:37.958,1.06898,1.06938
2013.03.24 22:10:46.422,1.06898,1.06938
2013.03.24 22:10:49.093,1.06898,1.06938
2013.03.24 22:10:58.132,1.06898,1.06938
2013.03.24 22:10:59.851,1.06898,1.06938
2013.03.24 22:11:16.093,1.06902,1.06942
2013.03.24 22:11:22.842,1.06902,1.0694
2013.03.24 22:11:22.963,1.06893,1.06931
2013.03.24 22:11:23.144,1.06893,1.06931
2013.03.24 22:11:25.103,1.06891,1.06929
2013.03.24 22:11:34.301,1.06891,1.06929
2013.03.24 22:12:18.703,1.06892,1.06932
2013.03.24 22:12:18.763,1.06892,1.06929
2013.03.24 22:12:18.823,1.06892,1.06929
2013.03.24 22:12:19.372,1.06892,1.06933
2013.03.24 22:12:20.588,1.06892,1.06932
2013.03.24 22:12:23.332,1.06892,1.06932
2013.03.24 22:12:29.934,1.06892,1.06932
2013.03.24 22:13:03.422,1.06894,1.06933
2013.03.24 22:13:24.821,1.06894,1.06927
2013.03.24 22:13:46.332,1.06894,1.0693
2013.03.24 22:13:46.902,1.06894,1.0693
2013.03.24 22:13:59.182,1.06891,1.06928
2013.03.24 22:13:59.690,1.06886,1.06927
2013.03.24 22:14:01.545,1.06886,1.06927
2013.03.24 22:14:21.064,1.0689,1.06926
2013.03.24 22:14:21.243,1.0689,1.06929
2013.03.24 22:14:41.132,1.06891,1.06932
2013.03.24 22:15:01.232,1.06891,1.06932
2013.03.24 22:15:21.046,1.06891,1.06929
2013.03.24 22:15:21.165,1.0689,1.06931
2013.03.24 22:15:25.309,1.0689,1.06929
2013.03.24 22:15:41.142,1.06889,1.0693
2013.03.24 22:16:01.115,1.06889,1.0693
2013.03.24 22:16:25.132,1.0689,1.0693
2013.03.24 22:16:29.902,1.06888,1.0693
2013.03.24 22:16:33.593,1.0689,1.0693
2013.03.24 22:16:39.663,1.06888,1.0693
2013.03.24 22:16:41.363,1.0689,1.06928
2013.03.24 22:17:41.343,1.06887,1.06927
2013.03.24 22:17:42.182,1.06889,1.06925
2013.03.24 22:17:43.610,1.06889,1.06924
2013.03.24 22:17:43.892,1.06889,1.06923
2013.03.24 22:17:44.326,1.06889,1.06923
2013.03.24 22:18:04.795,1.06889,1.06923
2013.03.24 22:18:05.891,1.06889,1.06924
2013.03.24 22:18:06.948,1.06889,1.06923
2013.03.24 22:18:33.364,1.06892,1.06921
2013.03.24 22:18:53.273,1.06892,1.0692
2013.03.24 22:18:59.602,1.06896,1.06923
2013.03.24 22:19:03.494,1.06898,1.06926
2013.03.24 22:19:03.693,1.06898,1.06925
2013.03.24 22:19:03.823,1.06891,1.06919
2013.03.24 22:19:23.401,1.06891,1.06919
2013.03.24 22:19:23.968,1.06892,1.06919
2013.03.24 22:19:25.612,1.06891,1.06914
2013.03.24 22:19:25.929,1.06883,1.06911
2013.03.24 22:19:26.053,1.06883,1.06909
2013.03.24 22:19:29.116,1.06881,1.06909
2013.03.24 22:19:29.185,1.06887,1.06912
2013.03.24 22:19:35.813,1.06887,1.06915
2013.03.24 22:19:43.065,1.06887,1.06915
2013.03.24 22:19:49.557,1.0689,1.06917
2013.03.24 22:20:18.653,1.0689,1.06916
2013.03.24 22:20:29.372,1.06892,1.0692
2013.03.24 22:20:49.432,1.06891,1.06919
2013.03.24 22:20:50.913,1.06891,1.06919
2013.03.24 22:20:51.153,1.06891,1.06919
2013.03.24 22:20:51.334,1.06893,1.06921
2013.03.24 22:20:51.573,1.06891,1.06919
2013.03.24 22:21:09.457,1.06893,1.06919
2013.03.24 22:21:10.007,1.06894,1.06921
2013.03.24 22:21:22.133,1.06895,1.06922
2013.03.24 22:21:30.224,1.06893,1.06921
2013.03.24 22:21:30.774,1.06896,1.06921
2013.03.24 22:21:37.394,1.06893,1.06921
2013.03.24 22:21:49.545,1.06893,1.06921
2013.03.24 22:21:52.693,1.06895,1.06923
2013.03.24 22:22:04.945,1.06895,1.06922
2013.03.24 22:22:05.343,1.06895,1.06922
2013.03.24 22:22:05.876,1.06895,1.06922
2013.03.24 22:22:09.613,1.06895,1.06922
2013.03.24 22:22:15.389,1.06895,1.06923
2013.03.24 22:22:19.292,1.06895,1.06923
2013.03.24 22:22:23.602,1.06892,1.0692
2013.03.24 22:22:23.783,1.06891,1.06918
2013.03.24 22:22:24.176,1.06886,1.06915
2013.03.24 22:22:29.003,1.0689,1.06917
2013.03.24 22:22:32.822,1.0689,1.06917
2013.03.24 22:22:40.302,1.0689,1.06917
2013.03.24 22:22:52.842,1.0689,1.06918
2013.03.24 22:22:59.333,1.0689,1.06918
2013.03.24 22:23:09.148,1.06891,1.06918
2013.03.24 22:23:18.329,1.06886,1.06913
2013.03.24 22:23:19.004,1.06886,1.06914
2013.03.24 22:23:19.864,1.06886,1.06914
2013.03.24 22:23:23.832,1.06886,1.06914
2013.03.24 22:23:24.144,1.06886,1.06914
2013.03.24 22:23:24.383,1.06886,1.06913
2013.03.24 22:23:25.153,1.06886,1.06914
2013.03.24 22:23:25.393,1.06886,1.06913
2013.03.24 22:23:25.993,1.06886,1.06914
2013.03.24 22:23:26.113,1.06886,1.06913
2013.03.24 22:23:26.551,1.06886,1.06914
2013.03.24 22:23:38.269,1.06887,1.06914
2013.03.24 22:24:13.973,1.06891,1.06919
2013.03.24 22:24:14.034,1.06893,1.06919
2013.03.24 22:24:14.483,1.06891,1.06919
2013.03.24 22:24:14.613,1.06891,1.06919
2013.03.24 22:24:14.733,1.06896,1.06921
2013.03.24 22:24:14.793,1.06896,1.06924
2013.03.24 22:24:18.083,1.06893,1.06918
2013.03.24 22:24:18.144,1.06891,1.06914
2013.03.24 22:24:18.772,1.06886,1.06909
2013.03.24 22:24:18.906,1.06882,1.06909
2013.03.24 22:24:19.085,1.0688,1.06907
2013.03.24 22:24:27.887,1.0688,1.06907
2013.03.24 22:24:28.465,1.06877,1.06904
2013.03.24 22:24:30.472,1.0688,1.06907
2013.03.24 22:24:41.403,1.06877,1.06904
2013.03.24 22:24:42.580,1.0688,1.06907
2013.03.24 22:24:48.104,1.06877,1.06904
2013.03.24 22:24:53.035,1.06877,1.06904
2013.03.24 22:24:59.073,1.06875,1.06902
2013.03.24 22:25:16.134,1.06876,1.06904
2013.03.24 22:25:16.840,1.06875,1.06902
2013.03.24 22:25:18.458,1.06876,1.06904
2013.03.24 22:25:19.304,1.06874,1.06901
2013.03.24 22:25:21.133,1.06873,1.069
2013.03.24 22:25:25.836,1.06874,1.06901
2013.03.24 22:25:38.673,1.06877,1.06905
2013.03.24 22:25:38.734,1.06879,1.06905
2013.03.24 22:25:38.853,1.06877,1.06905
2013.03.24 22:25:58.373,1.06879,1.06907
2013.03.24 22:26:14.175,1.06883,1.06908
2013.03.24 22:26:14.294,1.06884,1.0691
2013.03.24 22:26:14.353,1.06883,1.0691
2013.03.24 22:26:14.414,1.06884,1.0691
2013.03.24 22:26:14.716,1.06887,1.06912
2013.03.24 22:26:16.524,1.06884,1.06908
2013.03.24 22:26:16.585,1.06883,1.06908
2013.03.24 22:26:16.815,1.06882,1.06911
2013.03.24 22:26:18.356,1.06885,1.06914
2013.03.24 22:26:18.593,1.06885,1.06914
2013.03.24 22:26:19.143,1.06885,1.06914
2013.03.24 22:26:19.339,1.06885,1.06914
2013.03.24 22:26:19.943,1.06885,1.06914
2013.03.24 22:26:20.123,1.06885,1.06914
2013.03.24 22:26:20.552,1.06885,1.06914
2013.03.24 22:26:20.793,1.06881,1.06908
2013.03.24 22:26:20.934,1.06882,1.06908
2013.03.24 22:26:21.373,1.06881,1.06908
2013.03.24 22:26:21.554,1.06882,1.06908
2013.03.24 22:26:22.133,1.06881,1.06908
2013.03.24 22:26:22.403,1.06881,1.06908
2013.03.24 22:26:22.860,1.06881,1.06908
2013.03.24 22:26:23.664,1.06881,1.06908
2013.03.24 22:26:24.307,1.06881,1.06909
2013.03.24 22:26:25.248,1.06881,1.06908
2013.03.24 22:26:25.573,1.06881,1.06908
2013.03.24 22:26:26.126,1.06881,1.06908
2013.03.24 22:26:26.790,1.06881,1.06908
2013.03.24 22:26:27.874,1.06882,1.06908
2013.03.24 22:26:28.355,1.06881,1.06908
2013.03.24 22:26:28.664,1.06882,1.06908
2013.03.24 22:26:28.904,1.06881,1.06908
2013.03.24 22:26:29.083,1.06882,1.06908
2013.03.24 22:26:29.663,1.06881,1.06908
2013.03.24 22:26:30.435,1.06881,1.06908
2013.03.24 22:26:30.615,1.06882,1.06908
2013.03.24 22:26:31.053,1.06881,1.06908
2013.03.24 22:26:31.784,1.06885,1.06913
2013.03.24 22:26:32.225,1.06881,1.06908
2013.03.24 22:26:34.788,1.06882,1.06911
2013.03.24 22:26:35.033,1.06884,1.06911
2013.03.24 22:26:35.093,1.06888,1.06914
2013.03.24 22:26:35.153,1.06888,1.06914
2013.03.24 22:26:37.719,1.06888,1.06916
2013.03.24 22:26:44.705,1.06889,1.06918
2013.03.24 22:26:45.207,1.06892,1.06921
2013.03.24 22:26:52.334,1.06892,1.06921
2013.03.24 22:26:52.884,1.06892,1.06921
2013.03.24 22:26:53.745,1.06892,1.06921
2013.03.24 22:26:54.256,1.06892,1.06921
2013.03.24 22:26:56.113,1.06892,1.06921
2013.03.24 22:26:56.828,1.06892,1.06921
2013.03.24 22:27:04.843,1.06889,1.06918
2013.03.24 22:27:07.664,1.06889,1.06918
2013.03.24 22:27:07.724,1.06887,1.06913
2013.03.24 22:27:18.676,1.06886,1.06913
2013.03.24 22:27:18.794,1.0688,1.06907
2013.03.24 22:27:22.144,1.0688,1.06907
2013.03.24 22:27:22.264,1.06885,1.06912
2013.03.24 22:27:36.099,1.06885,1.06912
2013.03.24 22:27:40.234,1.06885,1.06912
2013.03.24 22:27:42.223,1.06887,1.06912
2013.03.24 22:27:42.858,1.06888,1.06915
2013.03.24 22:27:47.135,1.06888,1.06915
2013.03.24 22:27:47.334,1.06888,1.06915
2013.03.24 22:27:53.343,1.06888,1.06915
2013.03.24 22:28:05.324,1.06888,1.06915
2013.03.24 22:28:17.414,1.06888,1.06915
2013.03.24 22:28:22.353,1.06884,1.06912
2013.03.24 22:28:36.566,1.06884,1.06912
2013.03.24 22:28:37.093,1.06884,1.06912
2013.03.24 22:28:39.573,1.06884,1.06912
2013.03.24 22:28:39.633,1.06882,1.06908
2013.03.24 22:28:41.943,1.06879,1.06908
2013.03.24 22:28:42.124,1.06876,1.06904
2013.03.24 22:28:45.084,1.06877,1.06904
2013.03.24 22:28:56.806,1.06876,1.06904
2013.03.24 22:29:00.872,1.06877,1.06904
2013.03.24 22:29:03.104,1.06879,1.06909
2013.03.24 22:29:03.343,1.06879,1.06907
2013.03.24 22:29:03.643,1.06879,1.06908
2013.03.24 22:29:03.884,1.06879,1.06907
2013.03.24 22:29:04.244,1.06879,1.06909
2013.03.24 22:29:15.754,1.06877,1.06904
2013.03.24 22:29:35.924,1.06876,1.06902
2013.03.24 22:29:36.885,1.06874,1.06902
2013.03.24 22:29:41.593,1.06876,1.06904
2013.03.24 22:29:42.008,1.06877,1.06906
2013.03.24 22:29:43.383,1.06877,1.06906
2013.03.24 22:29:51.354,1.06877,1.06906
2013.03.24 22:29:51.594,1.06874,1.06901
2013.03.24 22:29:51.654,1.06872,1.06901
2013.03.24 22:29:53.563,1.06877,1.06905
2013.03.24 22:29:55.356,1.06877,1.06905
2013.03.24 22:30:01.172,1.06877,1.06905
2013.03.24 22:30:01.644,1.06877,1.06905
2013.03.24 22:30:03.805,1.06877,1.06905
2013.03.24 22:30:04.163,1.06877,1.06905
2013.03.24 22:30:08.435,1.06877,1.06905
2013.03.24 22:30:08.545,1.06877,1.06907
2013.03.24 22:30:08.866,1.06877,1.06905
2013.03.24 22:30:09.686,1.06877,1.06905
2013.03.24 22:30:12.892,1.06877,1.06905
2013.03.24 22:30:17.889,1.06877,1.06903
2013.03.24 22:30:18.720,1.06877,1.06903
2013.03.24 22:30:28.324,1.06879,1.06908
2013.03.24 22:30:44.885,1.06879,1.06908
2013.03.24 22:30:48.304,1.06879,1.06908
2013.03.24 22:30:50.395,1.06881,1.06908
2013.03.24 22:30:59.335,1.06881,1.06908
2013.03.24 22:31:06.814,1.06881,1.06908
2013.03.24 22:31:08.249,1.06881,1.06906
2013.03.24 22:31:09.955,1.06886,1.0691
2013.03.24 22:31:13.855,1.06886,1.06912
2013.03.24 22:31:14.035,1.06887,1.06914
2013.03.24 22:31:30.084,1.06887,1.06913
2013.03.24 22:31:30.535,1.06881,1.06909
2013.03.24 22:31:31.225,1.06882,1.06909
2013.03.24 22:31:31.404,1.06878,1.06904
2013.03.24 22:31:31.466,1.06876,1.06904
2013.03.24 22:31:31.524,1.06873,1.069
2013.03.24 22:31:31.825,1.06871,1.06898
2013.03.24 22:31:51.484,1.06872,1.069
2013.03.24 22:32:03.085,1.06875,1.06902
2013.03.24 22:32:04.444,1.06875,1.06902
2013.03.24 22:32:11.624,1.06874,1.06901
2013.03.24 22:32:29.907,1.06874,1.06901
2013.03.24 22:32:30.094,1.06871,1.06898
2013.03.24 22:32:50.094,1.06871,1.06899
2013.03.24 22:33:10.119,1.06871,1.06899
2013.03.24 22:33:30.264,1.06871,1.06902
2013.03.24 22:33:30.864,1.06871,1.069
2013.03.24 22:33:30.924,1.06867,1.06894
2013.03.24 22:33:30.984,1.06866,1.06894
2013.03.24 22:33:46.594,1.06866,1.06892
2013.03.24 22:33:55.834,1.06866,1.06893
2013.03.24 22:33:56.343,1.06866,1.06895
2013.03.24 22:33:56.911,1.06866,1.06894
2013.03.24 22:33:59.854,1.06864,1.06893
2013.03.24 22:33:59.974,1.06862,1.06888
2013.03.24 22:34:03.924,1.06863,1.0689
2013.03.24 22:34:04.291,1.06872,1.06898
2013.03.24 22:34:06.867,1.06869,1.06897
2013.03.24 22:34:06.935,1.06869,1.06892
2013.03.24 22:34:07.174,1.06867,1.06894
2013.03.24 22:34:07.235,1.06871,1.06898
2013.03.24 22:34:07.594,1.06871,1.06898
2013.03.24 22:34:09.534,1.06871,1.06898
2013.03.24 22:34:14.599,1.06871,1.06898
2013.03.24 22:34:16.791,1.06871,1.06898
2013.03.24 22:34:19.154,1.06868,1.06895
2013.03.24 22:34:25.605,1.06871,1.06898
2013.03.24 22:34:25.844,1.06871,1.06898
2013.03.24 22:34:28.145,1.06866,1.06894
2013.03.24 22:34:28.265,1.06861,1.06889
2013.03.24 22:34:28.504,1.06861,1.06889
2013.03.24 22:34:28.624,1.06861,1.06889
2013.03.24 22:34:28.684,1.06861,1.06889
2013.03.24 22:34:29.213,1.06857,1.06884
2013.03.24 22:34:31.654,1.06861,1.06885
2013.03.24 22:34:31.774,1.06862,1.06889
2013.03.24 22:34:31.848,1.06864,1.06894
2013.03.24 22:34:51.845,1.06866,1.06894
2013.03.24 22:34:52.353,1.06867,1.06896
2013.03.24 22:34:58.525,1.06862,1.06889
2013.03.24 22:34:58.646,1.06862,1.06889
2013.03.24 22:34:58.766,1.06859,1.06881
2013.03.24 22:34:58.825,1.06857,1.06881
2013.03.24 22:35:13.194,1.06857,1.06882
2013.03.24 22:35:13.374,1.06851,1.0688
2013.03.24 22:35:13.434,1.06851,1.0688
2013.03.24 22:35:13.614,1.06851,1.0688
2013.03.24 22:35:13.854,1.06851,1.0688
2013.03.24 22:35:14.094,1.06852,1.0688
2013.03.24 22:35:14.426,1.06852,1.0688
2013.03.24 22:35:28.404,1.06853,1.0688
2013.03.24 22:35:28.584,1.06852,1.0688
2013.03.24 22:35:28.945,1.06851,1.0688
2013.03.24 22:35:29.915,1.06851,1.0688
2013.03.24 22:35:48.905,1.06848,1.06875
2013.03.24 22:35:49.358,1.06851,1.06879
2013.03.24 22:36:05.850,1.06851,1.0688
2013.03.24 22:36:07.610,1.06851,1.0688
2013.03.24 22:36:35.403,1.06845,1.06874
2013.03.24 22:36:36.009,1.06845,1.06873
2013.03.24 22:36:36.375,1.06842,1.0687
2013.03.24 22:36:37.393,1.06846,1.06873
2013.03.24 22:36:37.573,1.06845,1.06873
2013.03.24 22:36:44.163,1.06841,1.06869
2013.03.24 22:36:44.547,1.06841,1.06868
2013.03.24 22:36:45.254,1.06838,1.06866
2013.03.24 22:36:46.493,1.06843,1.06872
2013.03.24 22:36:52.309,1.06845,1.06874
2013.03.24 22:37:06.192,1.06846,1.06872
2013.03.24 22:37:26.224,1.06846,1.06874
2013.03.24 22:37:46.184,1.06846,1.06874
2013.03.24 22:38:06.175,1.06847,1.06875
2013.03.24 22:38:26.303,1.06846,1.06876
2013.03.24 22:38:43.854,1.06849,1.06876
2013.03.24 22:38:46.217,1.0685,1.06877
2013.03.24 22:39:03.636,1.06849,1.06876
2013.03.24 22:39:05.619,1.06849,1.06876
2013.03.24 22:39:06.335,1.0685,1.06877
2013.03.24 22:39:06.623,1.0685,1.06877
2013.03.24 22:39:16.546,1.06851,1.06878
2013.03.24 22:39:17.403,1.06851,1.06877
2013.03.24 22:39:24.834,1.06851,1.06878
2013.03.24 22:39:24.894,1.06855,1.06881
2013.03.24 22:39:32.565,1.06859,1.06887
2013.03.24 22:39:33.117,1.06859,1.06887
2013.03.24 22:39:33.415,1.06861,1.06887
2013.03.24 22:39:33.835,1.06859,1.06887
2013.03.24 22:39:36.326,1.06861,1.06887
2013.03.24 22:39:36.565,1.06861,1.06887
2013.03.24 22:39:36.925,1.06861,1.06888
2013.03.24 22:39:37.105,1.06861,1.06888
2013.03.24 22:39:37.346,1.06861,1.06888
2013.03.24 22:39:37.665,1.06859,1.06888
2013.03.24 22:39:37.904,1.06861,1.06888
2013.03.24 22:39:38.085,1.06859,1.06888
2013.03.24 22:39:38.352,1.06861,1.06888
2013.03.24 22:39:38.665,1.06859,1.06888
2013.03.24 22:39:39.371,1.06861,1.06888
2013.03.24 22:39:39.655,1.06859,1.06888
2013.03.24 22:39:39.895,1.06861,1.06888
2013.03.24 22:39:47.155,1.06859,1.06888
2013.03.24 22:39:47.275,1.06858,1.06882
2013.03.24 22:39:47.795,1.06855,1.06882
2013.03.24 22:39:49.405,1.06861,1.06888
2013.03.24 22:39:49.468,1.06862,1.06888
2013.03.24 22:39:54.415,1.06862,1.06889
2013.03.24 22:39:54.595,1.06866,1.06893
2013.03.24 22:40:00.866,1.06866,1.06893
2013.03.24 22:40:01.356,1.06867,1.06893
2013.03.24 22:40:01.475,1.06871,1.06897
2013.03.24 22:40:01.836,1.06871,1.06898
2013.03.24 22:40:02.155,1.06871,1.06898
2013.03.24 22:40:04.575,1.06871,1.06898
2013.03.24 22:40:04.995,1.06875,1.06902
2013.03.24 22:40:19.624,1.06877,1.06903
2013.03.24 22:40:19.745,1.0688,1.06907
2013.03.24 22:40:20.105,1.0688,1.06907
2013.03.24 22:40:20.456,1.0688,1.06907
2013.03.24 22:40:20.515,1.06873,1.069
2013.03.24 22:40:22.374,1.06874,1.069
2013.03.24 22:40:22.435,1.06875,1.06903
2013.03.24 22:40:23.385,1.06878,1.06905
2013.03.24 22:40:23.994,1.06874,1.06901
2013.03.24 22:40:25.564,1.06874,1.06901
2013.03.24 22:40:25.746,1.0687,1.06896
2013.03.24 22:40:26.321,1.06869,1.06896
2013.03.24 22:40:27.565,1.06869,1.06896
2013.03.24 22:40:28.856,1.06869,1.06896
2013.03.24 22:40:31.646,1.06865,1.06889
2013.03.24 22:40:32.381,1.06865,1.06889
2013.03.24 22:40:33.132,1.06867,1.06894
2013.03.24 22:40:34.205,1.06861,1.06889
2013.03.24 22:40:38.096,1.06861,1.06887
2013.03.24 22:40:38.705,1.06861,1.06887
2013.03.24 22:40:39.414,1.06861,1.06887
2013.03.24 22:40:39.475,1.06861,1.06887
2013.03.24 22:40:40.185,1.06861,1.06887
2013.03.24 22:40:40.365,1.06861,1.06887
2013.03.24 22:40:40.905,1.06861,1.06887
2013.03.24 22:40:41.591,1.06861,1.06887
2013.03.24 22:40:42.880,1.06861,1.06887
2013.03.24 22:40:43.089,1.06861,1.06887
2013.03.24 22:40:44.915,1.06861,1.06887
2013.03.24 22:40:54.855,1.06861,1.06888
2013.03.24 22:40:55.295,1.06861,1.06889
2013.03.24 22:40:55.495,1.06863,1.06889
2013.03.24 22:40:56.001,1.06866,1.06894
2013.03.24 22:40:58.476,1.06867,1.06894
2013.03.24 22:40:59.016,1.0687,1.06899
2013.03.24 22:41:18.531,1.0687,1.06898
2013.03.24 22:41:18.775,1.06869,1.0689
2013.03.24 22:41:18.836,1.06864,1.0689
2013.03.24 22:41:18.895,1.06861,1.06889
2013.03.24 22:41:18.955,1.06859,1.06888
2013.03.24 22:41:20.790,1.06862,1.06889
2013.03.24 22:41:20.856,1.06867,1.06895
2013.03.24 22:41:27.306,1.06867,1.06895
2013.03.24 22:41:30.095,1.06867,1.06895
2013.03.24 22:41:30.675,1.06867,1.06895
2013.03.24 22:41:37.105,1.06867,1.06895
2013.03.24 22:41:37.645,1.06867,1.06895
2013.03.24 22:41:38.418,1.06865,1.06894
2013.03.24 22:41:38.485,1.06864,1.06892
2013.03.24 22:41:39.045,1.06863,1.06892
2013.03.24 22:41:40.045,1.06863,1.06891
2013.03.24 22:41:40.227,1.06859,1.06886
2013.03.24 22:41:40.836,1.0686,1.06888
2013.03.24 22:41:41.396,1.06862,1.0689
2013.03.24 22:41:42.195,1.06857,1.06884
2013.03.24 22:41:43.785,1.06857,1.06884
2013.03.24 22:41:45.106,1.06857,1.06884
2013.03.24 22:41:45.640,1.06857,1.06887
2013.03.24 22:41:56.385,1.06857,1.06884
2013.03.24 22:42:07.805,1.06857,1.06884
2013.03.24 22:42:08.175,1.06857,1.06884
2013.03.24 22:42:08.586,1.06857,1.06884
2013.03.24 22:42:09.354,1.06857,1.06884
2013.03.24 22:42:09.934,1.06857,1.06884
2013.03.24 22:42:20.345,1.0686,1.06887
2013.03.24 22:42:21.135,1.06857,1.06884
2013.03.24 22:42:21.640,1.06857,1.06884
2013.03.24 22:42:22.226,1.06857,1.06886
2013.03.24 22:42:32.156,1.06858,1.06886
2013.03.24 22:42:32.595,1.06858,1.06886
2013.03.24 22:42:42.169,1.06858,1.06886
2013.03.24 22:42:42.517,1.06867,1.06888
2013.03.24 22:42:42.648,1.0687,1.06896
2013.03.24 22:42:43.216,1.06874,1.06898
2013.03.24 22:42:50.596,1.06872,1.06898
2013.03.24 22:42:50.655,1.06872,1.06898
2013.03.24 22:42:50.776,1.06866,1.06894
2013.03.24 22:42:52.455,1.06861,1.06889
2013.03.24 22:42:56.355,1.06861,1.06889
2013.03.24 22:43:12.723,1.0686,1.06888
2013.03.24 22:43:22.574,1.0686,1.06888
2013.03.24 22:43:25.155,1.0686,1.06889
2013.03.24 22:43:25.276,1.06856,1.06885
2013.03.24 22:43:26.697,1.06855,1.06883
2013.03.24 22:43:29.283,1.06855,1.06883
2013.03.24 22:43:29.725,1.06855,1.06883
2013.03.24 22:43:29.845,1.06855,1.06884
2013.03.24 22:43:33.866,1.06855,1.06883
2013.03.24 22:43:34.073,1.06855,1.06883
2013.03.24 22:43:45.345,1.06856,1.06886
2013.03.24 22:44:05.456,1.06856,1.06886
2013.03.24 22:44:06.115,1.06857,1.06886
2013.03.24 22:44:06.236,1.06861,1.06888
2013.03.24 22:44:06.355,1.0686,1.06887
2013.03.24 22:44:06.606,1.06861,1.06888
2013.03.24 22:44:13.056,1.0686,1.06887
2013.03.24 22:44:13.235,1.06856,1.06884
2013.03.24 22:44:13.295,1.06854,1.06884
2013.03.24 22:44:15.586,1.06856,1.06884
2013.03.24 22:44:16.375,1.06859,1.06888
2013.03.24 22:44:26.175,1.06857,1.06886
2013.03.24 22:44:26.236,1.06857,1.06883
2013.03.24 22:44:44.615,1.06857,1.06883
2013.03.24 22:44:49.342,1.06856,1.06883
2013.03.24 22:44:54.615,1.06858,1.06886
2013.03.24 22:44:54.676,1.06861,1.06889
2013.03.24 22:44:54.876,1.06863,1.06889
2013.03.24 22:44:54.936,1.06866,1.06894
2013.03.24 22:44:55.115,1.06866,1.06894
2013.03.24 22:45:14.832,1.06866,1.06893
2013.03.24 22:45:21.343,1.06869,1.06893
2013.03.24 22:45:21.407,1.06872,1.06898
2013.03.24 22:45:24.323,1.06872,1.069
2013.03.24 22:45:24.507,1.06869,1.06896
2013.03.24 22:45:24.569,1.06868,1.06896
2013.03.24 22:45:26.896,1.06869,1.06896
2013.03.24 22:45:26.955,1.06871,1.06898
2013.03.24 22:45:27.256,1.0687,1.06895
2013.03.24 22:45:27.315,1.06868,1.06895
2013.03.24 22:45:27.375,1.06866,1.06895
2013.03.24 22:45:29.822,1.06866,1.06895
2013.03.24 22:45:29.947,1.06869,1.06895
2013.03.24 22:45:30.306,1.06872,1.06901
2013.03.24 22:45:30.895,1.06868,1.06895
2013.03.24 22:45:34.338,1.06868,1.06895
2013.03.24 22:45:50.755,1.06868,1.06893
2013.03.24 22:45:51.614,1.06869,1.06896
2013.03.24 22:45:51.676,1.06869,1.06896
2013.03.24 22:45:55.226,1.06874,1.06898
2013.03.24 22:45:55.285,1.06875,1.06901
2013.03.24 22:45:55.876,1.06878,1.06903
2013.03.24 22:45:56.396,1.06876,1.06903
2013.03.24 22:45:56.635,1.06876,1.06903
2013.03.24 22:46:00.597,1.06876,1.06903
2013.03.24 22:46:00.776,1.06872,1.06899
2013.03.24 22:46:00.835,1.06872,1.06899
2013.03.24 22:46:03.375,1.06872,1.06899
2013.03.24 22:46:06.545,1.06872,1.06899
2013.03.24 22:46:06.659,1.06872,1.06899
2013.03.24 22:46:12.806,1.06872,1.06899
2013.03.24 22:46:20.725,1.06872,1.06899
2013.03.24 22:46:28.310,1.06872,1.06899
2013.03.24 22:46:30.305,1.06872,1.06899
2013.03.24 22:46:40.760,1.06873,1.069
2013.03.24 22:46:43.236,1.06876,1.069
2013.03.24 22:46:43.787,1.06874,1.06901
2013.03.24 22:46:45.289,1.06875,1.06901
2013.03.24 22:46:45.361,1.06875,1.06901
2013.03.24 22:46:45.426,1.06879,1.06906
2013.03.24 22:47:12.146,1.06881,1.06909
2013.03.24 22:47:13.136,1.06883,1.06911
2013.03.24 22:47:13.257,1.06882,1.06906
2013.03.24 22:47:13.826,1.06879,1.06906
2013.03.24 22:47:33.247,1.06879,1.06907
2013.03.24 22:47:34.216,1.06882,1.06909
2013.03.24 22:47:34.809,1.06884,1.06913
2013.03.24 22:47:34.996,1.06882,1.06908
2013.03.24 22:47:35.057,1.06881,1.06908
2013.03.24 22:47:55.006,1.0688,1.06908
2013.03.24 22:48:34.822,1.06881,1.06909
2013.03.24 22:48:39.106,1.06882,1.06907
2013.03.24 22:48:39.470,1.06886,1.06913
2013.03.24 22:48:44.565,1.06886,1.06914
2013.03.24 22:48:44.686,1.0689,1.06918
2013.03.24 22:48:45.106,1.06892,1.06918
2013.03.24 22:48:45.226,1.06896,1.06924
2013.03.24 22:48:45.766,1.06897,1.06923
2013.03.24 22:48:54.416,1.06899,1.06926
2013.03.24 22:49:05.815,1.06898,1.06927
2013.03.24 22:49:12.600,1.06898,1.06927
2013.03.24 22:49:13.836,1.06898,1.06927
2013.03.24 22:49:25.669,1.06898,1.06929
2013.03.24 22:49:34.613,1.06901,1.06929
2013.03.24 22:49:35.137,1.06901,1.06929
2013.03.24 22:49:45.805,1.06901,1.06926
2013.03.24 22:50:05.946,1.06901,1.06929
2013.03.24 22:50:12.566,1.06901,1.06929
2013.03.24 22:50:25.826,1.06901,1.06926
2013.03.24 22:50:39.809,1.06901,1.06926
2013.03.24 22:50:40.320,1.06904,1.06931
2013.03.24 22:50:43.646,1.069,1.06927
2013.03.24 22:50:44.805,1.069,1.06927
2013.03.24 22:50:47.326,1.069,1.06927
2013.03.24 22:50:49.345,1.069,1.06927
2013.03.24 22:50:49.946,1.069,1.06922
2013.03.24 22:50:57.336,1.069,1.06927
2013.03.24 22:51:08.887,1.069,1.06927
2013.03.24 22:51:09.876,1.069,1.06927
2013.03.24 22:51:14.656,1.069,1.06928
2013.03.24 22:51:19.116,1.06903,1.06932
2013.03.24 22:51:25.827,1.06903,1.06932
2013.03.24 22:51:26.287,1.06903,1.06932
2013.03.24 22:51:28.076,1.06903,1.06932
2013.03.24 22:51:28.257,1.069,1.06927
2013.03.24 22:51:28.316,1.06898,1.06927
2013.03.24 22:51:29.169,1.06898,1.06927
2013.03.24 22:51:30.818,1.06898,1.06927
2013.03.24 22:51:36.446,1.06904,1.06931
2013.03.24 22:51:36.886,1.0691,1.06932
2013.03.24 22:51:37.427,1.0691,1.06936
2013.03.24 22:51:37.666,1.0691,1.06936
2013.03.24 22:51:37.857,1.0691,1.06936
2013.03.24 22:51:43.417,1.06906,1.06933
2013.03.24 22:51:43.477,1.06904,1.06933
2013.03.24 22:51:43.618,1.06904,1.06933
2013.03.24 22:51:45.386,1.06904,1.06933
2013.03.24 22:51:45.449,1.0691,1.06938
2013.03.24 22:51:45.566,1.0691,1.06938
2013.03.24 22:51:45.928,1.0691,1.06938
2013.03.24 22:51:50.660,1.06912,1.06938
2013.03.24 22:51:50.968,1.06917,1.06945
2013.03.24 22:51:51.086,1.06914,1.0694
2013.03.24 22:51:52.556,1.06914,1.0694
2013.03.24 22:51:58.146,1.06914,1.0694
2013.03.24 22:51:59.540,1.06914,1.0694
2013.03.24 22:52:00.677,1.06913,1.0694
2013.03.24 22:52:00.737,1.0691,1.06936
2013.03.24 22:52:01.997,1.06908,1.06936
2013.03.24 22:52:05.076,1.06908,1.06937
2013.03.24 22:52:12.077,1.06908,1.06936
2013.03.24 22:52:12.639,1.06904,1.06934
2013.03.24 22:52:12.979,1.06904,1.06933
2013.03.24 22:52:32.723,1.06903,1.06933
2013.03.24 22:52:47.657,1.06906,1.06932
2013.03.24 22:52:47.716,1.069,1.06929
2013.03.24 22:52:48.136,1.06896,1.06926
2013.03.24 22:52:48.196,1.06895,1.06923
2013.03.24 22:52:48.407,1.06896,1.06927
2013.03.24 22:52:48.466,1.069,1.06927
2013.03.24 22:52:49.221,1.06905,1.06932
2013.03.24 22:52:49.796,1.06899,1.06928
2013.03.24 22:52:50.457,1.06896,1.06924
2013.03.24 22:52:57.937,1.06892,1.06923
2013.03.24 22:52:57.996,1.06891,1.0692
2013.03.24 22:52:58.356,1.06895,1.06924
2013.03.24 22:53:38.356,1.06894,1.06924
2013.03.24 22:53:44.607,1.06897,1.06924
2013.03.24 22:53:44.726,1.069,1.06927
2013.03.24 22:53:54.626,1.06898,1.06929
2013.03.24 22:54:01.106,1.06898,1.06927
2013.03.24 22:54:01.656,1.06898,1.06927
2013.03.24 22:54:03.315,1.06898,1.06927
2013.03.24 22:54:04.866,1.06898,1.06925
2013.03.24 22:54:05.567,1.06895,1.06922
2013.03.24 22:54:06.667,1.06898,1.06925
2013.03.24 22:54:07.396,1.069,1.06927
2013.03.24 22:54:07.516,1.06901,1.06929
2013.03.24 22:54:07.576,1.06903,1.06929
2013.03.24 22:54:10.327,1.06903,1.06929
2013.03.24 22:54:10.746,1.06897,1.06927
2013.03.24 22:54:12.853,1.06899,1.06927
2013.03.24 22:54:13.553,1.06897,1.06927
2013.03.24 22:54:14.906,1.06901,1.06929
2013.03.24 22:54:14.967,1.06904,1.06932
2013.03.24 22:54:15.336,1.06907,1.06933
2013.03.24 22:54:16.367,1.06907,1.06933
2013.03.24 22:54:16.426,1.0691,1.06938
2013.03.24 22:54:21.803,1.0691,1.06938
2013.03.24 22:54:21.987,1.06908,1.06934
2013.03.24 22:54:22.047,1.06907,1.06934
2013.03.24 22:54:22.177,1.06907,1.06934
2013.03.24 22:54:22.467,1.06911,1.06938
2013.03.24 22:54:26.876,1.06911,1.06938
2013.03.24 22:54:29.996,1.06909,1.06933
2013.03.24 22:54:30.056,1.06906,1.06933
2013.03.24 22:54:39.073,1.06906,1.06933
2013.03.24 22:54:39.317,1.06906,1.06933
2013.03.24 22:54:39.697,1.06902,1.0693
2013.03.24 22:54:43.857,1.06907,1.06933
2013.03.24 22:54:43.916,1.06909,1.06934
2013.03.24 22:54:44.156,1.06907,1.06933
2013.03.24 22:54:44.277,1.06907,1.06933
2013.03.24 22:54:45.783,1.06905,1.06933
2013.03.24 22:54:46.047,1.06902,1.06929
2013.03.24 22:54:46.106,1.06901,1.06929
2013.03.24 22:54:51.676,1.06901,1.06929
2013.03.24 22:55:05.127,1.06899,1.06924
2013.03.24 22:55:05.193,1.06897,1.06924
2013.03.24 22:55:23.287,1.06897,1.06925
2013.03.24 22:55:43.356,1.06901,1.06927
2013.03.24 22:55:51.557,1.06905,1.06932
2013.03.24 22:56:03.902,1.06909,1.06933
2013.03.24 22:56:03.970,1.06909,1.06937
2013.03.24 22:56:23.717,1.06911,1.06937
2013.03.24 22:56:24.256,1.06912,1.0694
2013.03.24 22:56:24.558,1.06912,1.0694
2013.03.24 22:56:25.147,1.06912,1.0694
2013.03.24 22:56:25.386,1.06917,1.06944
2013.03.24 22:56:25.627,1.06914,1.06939
2013.03.24 22:56:45.817,1.06911,1.06938
2013.03.24 22:57:25.801,1.06909,1.0694
2013.03.24 22:57:38.070,1.06911,1.06938
2013.03.24 22:57:45.776,1.06912,1.06938
2013.03.24 22:57:46.357,1.06913,1.06941
2013.03.24 22:57:56.454,1.06913,1.06941
2013.03.24 22:58:00.490,1.06906,1.06946
2013.03.24 22:58:04.506,1.06908,1.06946
2013.03.24 22:58:05.113,1.06906,1.06941
2013.03.24 22:58:06.897,1.06909,1.06941
2013.03.24 22:58:15.365,1.06907,1.06945
2013.03.24 22:58:17.724,1.06911,1.06946
2013.03.24 22:58:25.887,1.06912,1.06946
2013.03.24 22:58:27.058,1.06906,1.06944
2013.03.24 22:58:33.336,1.06905,1.06944
2013.03.24 22:58:33.716,1.06905,1.06944
2013.03.24 22:58:35.905,1.06905,1.06944
2013.03.24 22:58:37.927,1.06902,1.06944
2013.03.24 22:58:39.625,1.06901,1.06944
2013.03.24 22:58:41.440,1.06896,1.06938
2013.03.24 22:58:42.787,1.06896,1.06938
2013.03.24 22:58:43.265,1.06892,1.06933
2013.03.24 22:58:43.446,1.06897,1.06933
2013.03.24 22:58:59.798,1.06892,1.06928
2013.03.24 22:58:59.865,1.06886,1.06928
2013.03.24 22:59:00.106,1.06886,1.06923
2013.03.24 22:59:00.286,1.06886,1.06924
2013.03.24 22:59:07.526,1.06886,1.0692
2013.03.24 22:59:15.567,1.06887,1.0692
2013.03.24 22:59:15.925,1.06883,1.06923
2013.03.24 22:59:16.106,1.06892,1.06925
2013.03.24 22:59:16.226,1.06894,1.06926
2013.03.24 22:59:16.712,1.06894,1.06931
2013.03.24 22:59:20.437,1.06895,1.06932
2013.03.24 22:59:25.047,1.06894,1.06932
2013.03.24 22:59:25.322,1.06894,1.06932
2013.03.24 22:59:25.816,1.06887,1.06926
2013.03.24 22:59:26.016,1.06887,1.06927
2013.03.24 22:59:29.058,1.06891,1.06927
2013.03.24 22:59:29.828,1.06887,1.06927
2013.03.24 22:59:32.616,1.06886,1.06922
2013.03.24 22:59:34.186,1.06886,1.06922
2013.03.24 22:59:34.814,1.06886,1.06922
2013.03.24 22:59:36.508,1.06886,1.06922
2013.03.24 22:59:50.068,1.06886,1.06922
2013.03.24 22:59:50.286,1.06887,1.06922
2013.03.24 22:59:54.585,1.06886,1.06921
2013.03.24 22:59:55.211,1.06884,1.06921
2013.03.24 22:59:55.516,1.06882,1.06916
2013.03.24 22:59:55.816,1.06882,1.06916
2013.03.24 22:59:56.246,1.06887,1.06915
2013.03.24 22:59:56.341,1.06886,1.06915
2013.03.24 22:59:56.766,1.06886,1.06921
2013.03.24 22:59:58.098,1.06881,1.06921
2013.03.24 22:59:59.858,1.06886,1.06921
2013.03.24 23:00:00.036,1.06886,1.06922
2013.03.24 23:00:00.337,1.06886,1.06919
2013.03.24 23:00:00.636,1.06886,1.06924
2013.03.24 23:00:00.876,1.06892,1.06924
2013.03.24 23:00:01.116,1.06894,1.06929
2013.03.24 23:00:01.417,1.06892,1.06924
2013.03.24 23:00:02.098,1.06892,1.06929
2013.03.24 23:00:02.628,1.06892,1.06929
2013.03.24 23:00:03.198,1.06891,1.06923
2013.03.24 23:00:03.437,1.06897,1.06923
2013.03.24 23:00:03.497,1.06897,1.06923
2013.03.24 23:00:03.926,1.06897,1.06923
2013.03.24 23:00:04.046,1.06891,1.06923
2013.03.24 23:00:04.807,1.06891,1.06923
2013.03.24 23:00:04.999,1.06891,1.06923
2013.03.24 23:00:06.566,1.06887,1.06923
2013.03.24 23:00:10.917,1.06882,1.06918
2013.03.24 23:00:11.467,1.06882,1.06918
2013.03.24 23:00:12.545,1.06882,1.06922
2013.03.24 23:00:13.095,1.06882,1.06922
2013.03.24 23:00:15.456,1.06887,1.06914
2013.03.24 23:00:16.037,1.06881,1.06917
2013.03.24 23:00:18.106,1.06887,1.06917
2013.03.24 23:00:18.286,1.06887,1.06913
2013.03.24 23:00:18.666,1.06876,1.06911
2013.03.24 23:00:18.846,1.06881,1.06913
2013.03.24 23:00:19.026,1.06881,1.06914
2013.03.24 23:00:19.086,1.06881,1.06913
2013.03.24 23:00:19.446,1.0689,1.06923
2013.03.24 23:00:19.687,1.06892,1.0693
2013.03.24 23:00:19.986,1.06896,1.0693
2013.03.24 23:00:20.317,1.06896,1.06929
2013.03.24 23:00:22.226,1.06901,1.06929
2013.03.24 23:00:24.336,1.06891,1.06929
2013.03.24 23:00:24.400,1.06891,1.06924
2013.03.24 23:00:24.587,1.06897,1.06923
2013.03.24 23:00:24.888,1.06896,1.06924
2013.03.24 23:00:26.866,1.06886,1.06924
2013.03.24 23:00:26.926,1.06886,1.06925
2013.03.24 23:00:27.601,1.06886,1.06923
2013.03.24 23:00:27.927,1.06891,1.06923
2013.03.24 23:00:28.846,1.06891,1.06923
2013.03.24 23:00:29.376,1.06891,1.06929
2013.03.24 23:00:29.866,1.06896,1.0693
2013.03.24 23:00:30.047,1.06899,1.0693
2013.03.24 23:00:31.259,1.06902,1.06933
2013.03.24 23:00:31.637,1.06902,1.06934
2013.03.24 23:00:31.877,1.06905,1.06937
2013.03.24 23:00:31.996,1.06906,1.06937
2013.03.24 23:00:32.521,1.06906,1.06944
2013.03.24 23:00:37.326,1.06909,1.06944
2013.03.24 23:00:37.837,1.06904,1.06939
2013.03.24 23:00:42.988,1.06907,1.06939
2013.03.24 23:00:43.542,1.06904,1.06939
2013.03.24 23:00:48.486,1.06898,1.06933
2013.03.24 23:00:49.186,1.06905,1.06938
2013.03.24 23:00:54.106,1.06905,1.06938
2013.03.24 23:00:54.417,1.06905,1.06944
2013.03.24 23:00:54.716,1.06909,1.06944
2013.03.24 23:00:54.896,1.06909,1.06943
2013.03.24 23:01:01.811,1.06913,1.06944
2013.03.24 23:01:05.966,1.06917,1.06944
2013.03.24 23:01:06.662,1.06916,1.06949
2013.03.24 23:01:08.456,1.06917,1.0695
2013.03.24 23:01:08.886,1.0692,1.06954
2013.03.24 23:01:09.566,1.06921,1.06954
2013.03.24 23:01:20.166,1.06926,1.06961
2013.03.24 23:01:20.227,1.06926,1.06961
2013.03.24 23:01:20.757,1.06926,1.0696
2013.03.24 23:01:20.876,1.06928,1.0696
2013.03.24 23:01:31.106,1.06931,1.0696
2013.03.24 23:01:31.170,1.06934,1.0696
2013.03.24 23:01:32.346,1.06931,1.0696
2013.03.24 23:01:32.648,1.06934,1.0696
2013.03.24 23:01:32.706,1.06941,1.06972
2013.03.24 23:01:33.187,1.06936,1.06971
2013.03.24 23:01:33.247,1.06936,1.06968
2013.03.24 23:01:33.307,1.06936,1.06968
2013.03.24 23:01:33.487,1.06932,1.06963
2013.03.24 23:01:33.608,1.06932,1.06962
2013.03.24 23:01:34.849,1.06927,1.0696
2013.03.24 23:01:36.667,1.06927,1.06958
2013.03.24 23:01:36.907,1.06933,1.06955
2013.03.24 23:01:37.686,1.0693,1.06958
2013.03.24 23:01:37.986,1.06927,1.06956
2013.03.24 23:01:38.046,1.06922,1.06956
2013.03.24 23:01:38.407,1.06918,1.0695
2013.03.24 23:01:38.707,1.06918,1.0695
2013.03.24 23:01:39.126,1.06918,1.0695
2013.03.24 23:01:39.801,1.0692,1.0695
2013.03.24 23:01:40.596,1.06918,1.06954
2013.03.24 23:01:41.117,1.06921,1.06954
2013.03.24 23:01:43.607,1.06924,1.06954
2013.03.24 23:01:46.686,1.06932,1.06953
2013.03.24 23:01:46.868,1.06932,1.06965
2013.03.24 23:01:47.068,1.06932,1.06965
2013.03.24 23:01:52.855,1.06932,1.06965
2013.03.24 23:01:53.987,1.06934,1.0697
2013.03.24 23:01:54.167,1.06939,1.06972
2013.03.24 23:01:55.516,1.06938,1.0697
2013.03.24 23:01:55.939,1.06936,1.06968
2013.03.24 23:02:00.640,1.06941,1.06967
2013.03.24 23:02:00.960,1.06931,1.06959
2013.03.24 23:02:01.387,1.06931,1.06966
2013.03.24 23:02:10.483,1.06928,1.06966
2013.03.24 23:02:10.947,1.06932,1.06966
2013.03.24 23:02:11.066,1.06932,1.06966
2013.03.24 23:02:11.581,1.06932,1.06965
2013.03.24 23:02:22.106,1.06935,1.06965
2013.03.24 23:02:22.166,1.06936,1.06964
2013.03.24 23:02:22.586,1.06938,1.0697
2013.03.24 23:02:30.356,1.06936,1.0697
2013.03.24 23:02:39.045,1.06938,1.0697
2013.03.24 23:02:39.617,1.06938,1.0697
2013.03.24 23:02:40.946,1.06938,1.0697
2013.03.24 23:02:42.287,1.0694,1.06973
2013.03.24 23:02:50.136,1.0694,1.06972
2013.03.24 23:03:28.136,1.06938,1.06973
2013.03.24 23:03:30.617,1.06936,1.06972
2013.03.24 23:03:31.151,1.06935,1.06969
2013.03.24 23:03:32.044,1.06932,1.06969
2013.03.24 23:03:32.487,1.06932,1.06969
2013.03.24 23:03:36.596,1.06933,1.06969
2013.03.24 23:03:37.116,1.06938,1.06969
2013.03.24 23:03:42.836,1.06938,1.06968
2013.03.24 23:03:43.256,1.06935,1.06969
2013.03.24 23:03:43.376,1.06939,1.06969
2013.03.24 23:03:47.726,1.06939,1.06969
2013.03.24 23:03:48.087,1.06944,1.06974
2013.03.24 23:03:48.208,1.06949,1.06974
2013.03.24 23:03:49.863,1.06949,1.06976
2013.03.24 23:03:54.043,1.06949,1.06976
2013.03.24 23:04:04.680,1.06949,1.06982
2013.03.24 23:04:04.749,1.06954,1.06982
2013.03.24 23:04:11.586,1.06954,1.06985
2013.03.24 23:04:11.767,1.06948,1.06985
2013.03.24 23:04:12.386,1.06949,1.06986
2013.03.24 23:04:14.136,1.06948,1.06985
2013.03.24 23:04:20.416,1.06948,1.06985
2013.03.24 23:04:20.596,1.06948,1.0698
2013.03.24 23:04:42.738,1.06948,1.06984
2013.03.24 23:04:42.857,1.06949,1.06984
2013.03.24 23:04:43.047,1.06954,1.06984
2013.03.24 23:04:50.446,1.06954,1.06985
2013.03.24 23:04:50.506,1.0695,1.06985
2013.03.24 23:04:50.626,1.06949,1.06979
2013.03.24 23:05:06.802,1.06949,1.06979
2013.03.24 23:05:07.106,1.06954,1.06984
2013.03.24 23:05:22.531,1.06954,1.06985
2013.03.24 23:05:22.716,1.06949,1.06984
2013.03.24 23:05:22.776,1.06948,1.06984
2013.03.24 23:05:26.996,1.06948,1.06984
2013.03.24 23:06:22.556,1.06948,1.06987
2013.03.24 23:06:27.059,1.06948,1.06987
2013.03.24 23:06:35.830,1.06948,1.06982
2013.03.24 23:06:38.140,1.06951,1.06985
2013.03.24 23:07:38.394,1.06951,1.06987
2013.03.24 23:07:41.426,1.06953,1.06987
2013.03.24 23:07:44.517,1.06953,1.06987
2013.03.24 23:07:45.023,1.06952,1.06987
2013.03.24 23:08:17.626,1.06952,1.06987
2013.03.24 23:08:18.856,1.06951,1.06987
2013.03.24 23:08:22.198,1.06953,1.06987
2013.03.24 23:08:22.499,1.06951,1.06984
2013.03.24 23:08:22.856,1.06954,1.06986
2013.03.24 23:08:25.874,1.06958,1.06991
2013.03.24 23:08:26.658,1.06963,1.06992
2013.03.24 23:08:26.717,1.06963,1.06992
2013.03.24 23:08:26.898,1.06971,1.06998
2013.03.24 23:08:27.018,1.06964,1.06998
2013.03.24 23:08:27.199,1.06961,1.06999
2013.03.24 23:08:27.527,1.06968,1.06999
2013.03.24 23:08:28.053,1.06969,1.07003
2013.03.24 23:08:29.107,1.06971,1.07003
2013.03.24 23:08:29.227,1.06974,1.07003
2013.03.24 23:08:29.887,1.06974,1.07008
2013.03.24 23:08:30.417,1.06974,1.07008
2013.03.24 23:08:30.657,1.06972,1.07006
2013.03.24 23:08:30.897,1.0697,1.07003
2013.03.24 23:08:31.137,1.06969,1.07003
2013.03.24 23:08:31.589,1.06971,1.07002
2013.03.24 23:08:32.439,1.06971,1.07002
2013.03.24 23:08:33.743,1.06962,1.06992
2013.03.24 23:08:33.812,1.06962,1.06992
2013.03.24 23:08:34.177,1.06956,1.06985
2013.03.24 23:08:34.717,1.0695,1.06984
2013.03.24 23:08:41.370,1.06949,1.06983
2013.03.24 23:08:42.667,1.06955,1.06984
2013.03.24 23:08:43.678,1.06955,1.06983
2013.03.24 23:08:44.417,1.06953,1.06984
2013.03.24 23:08:48.793,1.06954,1.06987
2013.03.24 23:08:49.167,1.06952,1.06981
2013.03.24 23:08:49.227,1.06953,1.06984
2013.03.24 23:08:50.407,1.06953,1.06984
2013.03.24 23:09:10.408,1.06951,1.06984
2013.03.24 23:09:14.018,1.06951,1.06984
2013.03.24 23:09:17.727,1.06953,1.06987
2013.03.24 23:09:18.599,1.06954,1.06989
2013.03.24 23:09:18.658,1.06954,1.06986
2013.03.24 23:09:27.279,1.0695,1.06986
2013.03.24 23:09:27.931,1.06953,1.06986
2013.03.24 23:09:37.667,1.06953,1.06986
2013.03.24 23:09:37.727,1.06953,1.06988
2013.03.24 23:10:01.157,1.06954,1.06988
2013.03.24 23:10:01.576,1.06959,1.06994
2013.03.24 23:10:01.887,1.06957,1.06992
2013.03.24 23:10:04.382,1.06959,1.06989
2013.03.24 23:10:04.616,1.06959,1.06984
2013.03.24 23:10:05.639,1.06963,1.06983
2013.03.24 23:10:06.162,1.06963,1.06987
2013.03.24 23:10:10.112,1.06969,1.06988
2013.03.24 23:10:10.177,1.06969,1.06989
2013.03.24 23:10:10.298,1.06969,1.06993
2013.03.24 23:10:10.358,1.06969,1.06993
2013.03.24 23:10:10.597,1.06969,1.06994
2013.03.24 23:10:10.958,1.06971,1.06997
2013.03.24 23:10:14.667,1.06971,1.06996
2013.03.24 23:10:14.791,1.06966,1.06992
2013.03.24 23:10:15.227,1.06966,1.06992
2013.03.24 23:10:19.218,1.06963,1.06989
2013.03.24 23:10:19.278,1.06962,1.06988
2013.03.24 23:10:19.982,1.06961,1.06988
2013.03.24 23:10:23.567,1.06962,1.06988
2013.03.24 23:10:23.958,1.06958,1.06983
2013.03.24 23:10:30.859,1.06961,1.06986
2013.03.24 23:10:30.978,1.06961,1.06986
2013.03.24 23:10:33.598,1.06961,1.06987
2013.03.24 23:10:34.758,1.06961,1.06987
2013.03.24 23:10:40.217,1.06961,1.06986
2013.03.24 23:10:45.329,1.06961,1.06986
2013.03.24 23:10:48.035,1.06961,1.06987
2013.03.24 23:10:50.838,1.06959,1.06987
2013.03.24 23:11:10.917,1.06959,1.06986
2013.03.24 23:11:22.023,1.06959,1.06986
2013.03.24 23:11:29.536,1.06959,1.06986
2013.03.24 23:11:30.177,1.06959,1.06986
2013.03.24 23:11:30.923,1.0696,1.06986
2013.03.24 23:11:47.338,1.06958,1.06984
2013.03.24 23:11:47.858,1.06955,1.06981
2013.03.24 23:11:48.328,1.06953,1.06979
2013.03.24 23:11:48.890,1.06955,1.06979
2013.03.24 23:11:49.570,1.06957,1.06979
2013.03.24 23:11:50.249,1.06958,1.06984
2013.03.24 23:11:55.188,1.06958,1.06985
2013.03.24 23:11:55.308,1.06955,1.06982
2013.03.24 23:11:58.117,1.06953,1.06981
2013.03.24 23:12:15.249,1.06951,1.06979
2013.03.24 23:12:15.448,1.06954,1.06979
2013.03.24 23:12:31.958,1.06954,1.06979
2013.03.24 23:12:32.268,1.06951,1.06977
2013.03.24 23:12:36.071,1.06951,1.06977
2013.03.24 23:12:36.259,1.06956,1.06981
2013.03.24 23:12:56.327,1.06952,1.0698
2013.03.24 23:13:16.450,1.06952,1.06981
2013.03.24 23:13:21.285,1.06952,1.0698
2013.03.24 23:13:22.432,1.06952,1.06981
2013.03.24 23:13:26.890,1.06953,1.06981
2013.03.24 23:13:27.848,1.06953,1.06977
2013.03.24 23:13:27.908,1.06949,1.06975
2013.03.24 23:13:27.968,1.06949,1.06972
2013.03.24 23:13:29.316,1.06942,1.06969
2013.03.24 23:13:30.939,1.0694,1.06967
2013.03.24 23:13:34.668,1.06937,1.06964
2013.03.24 23:13:34.789,1.06934,1.06962
2013.03.24 23:13:34.968,1.06932,1.0696
2013.03.24 23:13:35.029,1.06933,1.06956
2013.03.24 23:13:35.743,1.06931,1.06956
2013.03.24 23:13:37.660,1.06932,1.06956
2013.03.24 23:13:41.190,1.06931,1.06956
2013.03.24 23:13:44.535,1.06932,1.06956
2013.03.24 23:13:44.899,1.06931,1.06956
2013.03.24 23:13:45.508,1.06926,1.06954
2013.03.24 23:13:45.568,1.06926,1.06949
2013.03.24 23:13:45.688,1.06926,1.06949
2013.03.24 23:13:49.108,1.06925,1.06949
2013.03.24 23:13:49.228,1.06927,1.06953
2013.03.24 23:13:49.288,1.06927,1.06953
2013.03.24 23:13:51.365,1.06927,1.06954
2013.03.24 23:13:51.489,1.06927,1.06953
2013.03.24 23:13:51.848,1.06924,1.06951
2013.03.24 23:13:54.688,1.06922,1.06945
2013.03.24 23:13:54.989,1.0692,1.06945
2013.03.24 23:13:56.929,1.0692,1.06945
2013.03.24 23:13:57.348,1.06914,1.06941
2013.03.24 23:13:57.530,1.06917,1.06942
2013.03.24 23:13:57.588,1.06917,1.06944
2013.03.24 23:14:01.815,1.06917,1.06944
2013.03.24 23:14:08.259,1.06917,1.06944
2013.03.24 23:14:08.795,1.06915,1.0694
2013.03.24 23:14:14.848,1.06918,1.06945
2013.03.24 23:14:15.209,1.06918,1.06944
2013.03.24 23:14:19.085,1.06918,1.06941
2013.03.24 23:14:20.889,1.06917,1.06945
2013.03.24 23:14:21.068,1.06918,1.06944
2013.03.24 23:14:22.441,1.06922,1.06948
2013.03.24 23:14:22.498,1.06922,1.06948
2013.03.24 23:14:22.938,1.06921,1.06945
2013.03.24 23:14:23.430,1.06921,1.06945
2013.03.24 23:14:25.761,1.06924,1.06949
2013.03.24 23:14:26.168,1.06924,1.06951
2013.03.24 23:14:28.088,1.06927,1.06953
2013.03.24 23:14:28.260,1.06926,1.06953
2013.03.24 23:14:37.158,1.0693,1.06952
2013.03.24 23:14:37.279,1.0693,1.06954
2013.03.24 23:14:37.836,1.0693,1.06956
2013.03.24 23:14:39.377,1.0693,1.06955
2013.03.24 23:14:40.449,1.06929,1.06953
2013.03.24 23:14:44.514,1.06926,1.06953
2013.03.24 23:14:58.094,1.06926,1.06951
2013.03.24 23:14:58.314,1.06926,1.06951
2013.03.24 23:15:01.460,1.06927,1.06954
2013.03.24 23:15:01.619,1.06927,1.06953
2013.03.24 23:15:04.584,1.06927,1.06953
2013.03.24 23:15:05.358,1.06927,1.06953
2013.03.24 23:15:20.638,1.06927,1.06953
2013.03.24 23:15:28.124,1.06929,1.06954
2013.03.24 23:15:47.818,1.06929,1.06953
2013.03.24 23:15:52.283,1.06927,1.06952
2013.03.24 23:15:52.577,1.06924,1.0695
2013.03.24 23:16:15.468,1.06927,1.0695
2013.03.24 23:16:15.828,1.06929,1.06956
2013.03.24 23:16:16.839,1.06927,1.06954
2013.03.24 23:16:21.689,1.0693,1.06956
2013.03.24 23:16:22.968,1.06929,1.06954
2013.03.24 23:16:23.028,1.06926,1.06953
2013.03.24 23:16:23.089,1.06927,1.06951
2013.03.24 23:17:23.334,1.06924,1.06952
2013.03.24 23:17:24.003,1.06924,1.06952
2013.03.24 23:17:33.140,1.06925,1.06953
2013.03.24 23:17:33.198,1.06926,1.06954
2013.03.24 23:17:33.528,1.06929,1.06955
2013.03.24 23:17:34.268,1.06931,1.06955
2013.03.24 23:17:34.569,1.06933,1.06958
2013.03.24 23:17:34.629,1.06931,1.06954
2013.03.24 23:17:34.749,1.06932,1.06956
2013.03.24 23:17:35.149,1.06932,1.06954
2013.03.24 23:17:35.509,1.06934,1.06957
2013.03.24 23:17:35.689,1.06934,1.06958
2013.03.24 23:17:36.360,1.06936,1.06959
2013.03.24 23:17:36.437,1.0694,1.06959
2013.03.24 23:17:36.618,1.0694,1.06964
2013.03.24 23:17:36.799,1.06938,1.06964
2013.03.24 23:17:37.068,1.06936,1.06961
2013.03.24 23:17:39.460,1.06931,1.06959
2013.03.24 23:17:39.519,1.0693,1.06958
2013.03.24 23:17:39.822,1.0693,1.06958
2013.03.24 23:17:41.239,1.0693,1.06956
2013.03.24 23:17:41.919,1.06927,1.06953
2013.03.24 23:17:43.390,1.06927,1.06953
2013.03.24 23:17:43.639,1.06927,1.06953
2013.03.24 23:17:43.940,1.0693,1.06956
2013.03.24 23:17:44.359,1.0693,1.06957
2013.03.24 23:17:44.658,1.06934,1.06959
2013.03.24 23:17:45.379,1.06934,1.0696
2013.03.24 23:17:47.887,1.06934,1.06961
2013.03.24 23:17:50.180,1.06933,1.06958
2013.03.24 23:17:51.072,1.06934,1.06958
2013.03.24 23:17:51.602,1.06934,1.06958
2013.03.24 23:17:51.959,1.06925,1.06952
2013.03.24 23:17:53.999,1.06928,1.06952
2013.03.24 23:17:54.119,1.06932,1.06955
2013.03.24 23:17:55.045,1.06932,1.06959
2013.03.24 23:17:55.292,1.06934,1.06961
2013.03.24 23:17:56.058,1.06934,1.06959
2013.03.24 23:17:56.244,1.06934,1.06961
2013.03.24 23:17:59.136,1.06936,1.06962
2013.03.24 23:18:01.399,1.06936,1.06962
2013.03.24 23:18:04.059,1.06937,1.06963
2013.03.24 23:18:05.041,1.06936,1.06962
2013.03.24 23:18:05.182,1.06933,1.06957
2013.03.24 23:18:05.250,1.06931,1.06957
2013.03.24 23:18:05.902,1.06931,1.06957
2013.03.24 23:18:09.378,1.06931,1.06957
2013.03.24 23:18:11.193,1.06933,1.06957
2013.03.24 23:18:11.981,1.06931,1.06957
2013.03.24 23:18:12.686,1.06933,1.06957
2013.03.24 23:18:12.953,1.06939,1.06962
2013.03.24 23:18:13.082,1.06939,1.06962
2013.03.24 23:18:16.691,1.06932,1.06959
2013.03.24 23:18:20.419,1.06934,1.06959
2013.03.24 23:18:22.150,1.06933,1.06959
2013.03.24 23:18:22.329,1.0693,1.06955
2013.03.24 23:18:30.398,1.06929,1.06955
2013.03.24 23:18:34.947,1.06928,1.06955
2013.03.24 23:18:35.370,1.06929,1.06955
2013.03.24 23:18:35.489,1.06933,1.06958
2013.03.24 23:18:43.520,1.06934,1.06959
2013.03.24 23:18:47.832,1.06934,1.06956
2013.03.24 23:18:48.139,1.06924,1.0695
2013.03.24 23:18:48.258,1.06924,1.06948
2013.03.24 23:18:48.511,1.06919,1.06947
2013.03.24 23:18:48.698,1.06919,1.06945
2013.03.24 23:18:48.818,1.06915,1.06942
2013.03.24 23:18:49.128,1.06915,1.06942
2013.03.24 23:18:49.309,1.06921,1.06946
2013.03.24 23:18:49.538,1.06921,1.06947
2013.03.24 23:18:49.599,1.06919,1.06946
2013.03.24 23:19:05.979,1.06921,1.06946
2013.03.24 23:19:06.041,1.06923,1.06949
2013.03.24 23:19:06.400,1.06921,1.06948
2013.03.24 23:19:06.519,1.06917,1.06944
2013.03.24 23:19:06.580,1.06916,1.06942
2013.03.24 23:19:11.578,1.06916,1.0694
2013.03.24 23:19:12.189,1.06914,1.06942
2013.03.24 23:19:13.338,1.06914,1.0694
2013.03.24 23:19:15.419,1.06914,1.06939
2013.03.24 23:19:22.429,1.06916,1.0694
2013.03.24 23:19:26.239,1.06916,1.06939
2013.03.24 23:19:26.358,1.0691,1.06937
2013.03.24 23:19:40.844,1.0691,1.06937
2013.03.24 23:19:43.111,1.0691,1.06937
2013.03.24 23:19:43.438,1.06921,1.06944
2013.03.24 23:19:43.558,1.06921,1.06944
2013.03.24 23:19:45.888,1.06921,1.06947
2013.03.24 23:19:46.068,1.06921,1.06947
2013.03.24 23:19:49.998,1.06923,1.06949
2013.03.24 23:20:03.280,1.06923,1.06949
2013.03.24 23:20:03.732,1.06922,1.06946
2013.03.24 23:20:04.039,1.06918,1.06944
2013.03.24 23:20:04.828,1.06915,1.0694
2013.03.24 23:20:24.039,1.06915,1.06941
2013.03.24 23:20:24.709,1.06915,1.06941
2013.03.24 23:20:31.148,1.06915,1.06941
2013.03.24 23:20:33.099,1.06915,1.06941
2013.03.24 23:20:36.629,1.06915,1.06939
2013.03.24 23:20:36.939,1.06914,1.06937
2013.03.24 23:20:44.978,1.06911,1.06933
2013.03.24 23:20:45.279,1.069,1.06925
2013.03.24 23:20:45.520,1.06898,1.06924
2013.03.24 23:20:46.089,1.06895,1.06922
2013.03.24 23:20:52.642,1.06895,1.06922
2013.03.24 23:20:53.290,1.06895,1.06922
2013.03.24 23:21:01.539,1.06895,1.06919
2013.03.24 23:21:04.288,1.06895,1.06921
2013.03.24 23:21:21.341,1.06895,1.06921
2013.03.24 23:21:22.383,1.06895,1.06921
2013.03.24 23:21:23.440,1.06892,1.06921
2013.03.24 23:21:25.430,1.06892,1.06919
2013.03.24 23:21:25.490,1.06892,1.06918
2013.03.24 23:21:34.588,1.0689,1.06917
2013.03.24 23:21:44.717,1.0689,1.06917
2013.03.24 23:21:45.599,1.06893,1.06917
2013.03.24 23:21:46.701,1.06893,1.06917
2013.03.24 23:21:47.009,1.06888,1.06915
2013.03.24 23:21:47.129,1.06892,1.06917
2013.03.24 23:21:47.189,1.06892,1.06917
2013.03.24 23:22:02.710,1.06892,1.06919
2013.03.24 23:22:07.109,1.06895,1.06919
2013.03.24 23:22:24.347,1.06895,1.06919
2013.03.24 23:22:27.009,1.06893,1.06919
2013.03.24 23:22:44.159,1.06893,1.06919
2013.03.24 23:22:47.149,1.06895,1.06922
2013.03.24 23:22:49.848,1.06895,1.06922
2013.03.24 23:22:50.089,1.06899,1.06924
2013.03.24 23:22:51.179,1.06899,1.06925
2013.03.24 23:22:51.740,1.06904,1.06931
2013.03.24 23:22:52.912,1.06901,1.06927
2013.03.24 23:22:56.153,1.06904,1.06929
2013.03.24 23:22:56.226,1.06904,1.06932
2013.03.24 23:22:57.879,1.06904,1.06932
2013.03.24 23:23:02.943,1.06909,1.06933
2013.03.24 23:23:03.010,1.06911,1.06936
2013.03.24 23:23:17.411,1.06911,1.06936
2013.03.24 23:23:20.722,1.06911,1.06936
2013.03.24 23:23:27.036,1.0691,1.06936
2013.03.24 23:23:27.338,1.06906,1.06933
2013.03.24 23:23:28.858,1.06909,1.06935
2013.03.24 23:23:28.918,1.06909,1.06936
2013.03.24 23:23:29.568,1.06907,1.06935
2013.03.24 23:23:29.809,1.06907,1.06933
2013.03.24 23:23:43.148,1.06904,1.06931
2013.03.24 23:23:49.056,1.06904,1.06931
2013.03.24 23:24:05.738,1.06903,1.0693
2013.03.24 23:24:06.586,1.06904,1.06931
2013.03.24 23:24:06.889,1.06902,1.06926
2013.03.24 23:24:16.600,1.06907,1.06932
2013.03.24 23:24:16.719,1.0691,1.06933
2013.03.24 23:24:17.079,1.06912,1.06937
2013.03.24 23:24:17.139,1.06912,1.06937
2013.03.24 23:24:17.469,1.06909,1.06935
2013.03.24 23:24:21.910,1.0691,1.06935
2013.03.24 23:24:22.174,1.06912,1.06939
2013.03.24 23:24:22.239,1.06912,1.0694
2013.03.24 23:24:24.075,1.06912,1.06939
2013.03.24 23:24:29.929,1.06912,1.06939
2013.03.24 23:24:32.052,1.06912,1.06938
2013.03.24 23:24:32.168,1.0691,1.06938
2013.03.24 23:24:34.635,1.06911,1.06939
2013.03.24 23:24:35.234,1.06912,1.06939
2013.03.24 23:24:35.429,1.06912,1.06935
2013.03.24 23:24:35.549,1.06909,1.06934
2013.03.24 23:24:36.152,1.06907,1.06934
2013.03.24 23:24:37.990,1.06906,1.06933
2013.03.24 23:24:38.709,1.06906,1.0693
2013.03.24 23:24:40.639,1.06903,1.06929
2013.03.24 23:24:46.461,1.06904,1.06929
2013.03.24 23:24:46.785,1.06906,1.0693
2013.03.24 23:24:50.295,1.06904,1.06929
2013.03.24 23:24:51.377,1.06902,1.06929
2013.03.24 23:24:51.458,1.06903,1.0693
2013.03.24 23:24:52.109,1.06908,1.06933
2013.03.24 23:24:52.470,1.0691,1.06937
2013.03.24 23:25:04.621,1.06912,1.06938
2013.03.24 23:25:05.629,1.0691,1.06937
2013.03.24 23:25:08.131,1.06911,1.06939
2013.03.24 23:25:11.615,1.06913,1.06939
2013.03.24 23:25:12.180,1.06914,1.06941
2013.03.24 23:25:14.555,1.06915,1.06941
2013.03.24 23:25:18.625,1.06915,1.06941
2013.03.24 23:25:19.079,1.06915,1.06941
2013.03.24 23:25:21.760,1.06915,1.06941
2013.03.24 23:25:25.163,1.06915,1.06941
2013.03.24 23:25:29.859,1.06917,1.06942
2013.03.24 23:25:32.278,1.06917,1.06942
2013.03.24 23:25:36.909,1.06917,1.06943
2013.03.24 23:25:37.400,1.0692,1.06944
2013.03.24 23:25:40.554,1.06921,1.06944
2013.03.24 23:25:40.729,1.06923,1.06949
2013.03.24 23:25:44.293,1.06923,1.06948
2013.03.24 23:25:45.016,1.06923,1.06948
2013.03.24 23:25:45.626,1.06922,1.06948
2013.03.24 23:25:48.805,1.06921,1.06948
2013.03.24 23:25:52.543,1.06921,1.06948
2013.03.24 23:25:52.669,1.06918,1.06944
2013.03.24 23:25:52.790,1.06917,1.06941
2013.03.24 23:25:52.849,1.06915,1.06941
2013.03.24 23:25:53.099,1.06912,1.0694
2013.03.24 23:25:54.083,1.06913,1.06941
2013.03.24 23:25:56.880,1.06913,1.0694
2013.03.24 23:26:04.219,1.06913,1.06939
2013.03.24 23:26:04.559,1.06909,1.06936
2013.03.24 23:26:24.479,1.06909,1.06935
2013.03.24 23:26:24.856,1.06908,1.06934
2013.03.24 23:26:34.329,1.06908,1.06934
2013.03.24 23:26:35.003,1.06908,1.06932
2013.03.24 23:26:35.082,1.06906,1.06931
2013.03.24 23:26:35.590,1.06906,1.06931
2013.03.24 23:26:41.160,1.06904,1.06931
2013.03.24 23:26:41.573,1.06904,1.06928
2013.03.24 23:26:50.580,1.06903,1.06928
2013.03.24 23:26:50.930,1.069,1.06926
2013.03.24 23:26:57.379,1.06902,1.06926
2013.03.24 23:27:08.887,1.069,1.06926
2013.03.24 23:27:10.611,1.06901,1.06926
2013.03.24 23:27:30.689,1.06898,1.06924
2013.03.24 23:27:43.111,1.06898,1.06925
2013.03.24 23:27:43.350,1.06902,1.06927
2013.03.24 23:27:43.410,1.06902,1.06928
2013.03.24 23:27:49.431,1.06902,1.06928
2013.03.24 23:27:59.659,1.06902,1.06927
2013.03.24 23:27:59.780,1.06899,1.06925
2013.03.24 23:28:00.849,1.06897,1.06923
2013.03.24 23:28:01.850,1.06897,1.06925
2013.03.24 23:28:05.111,1.06896,1.06924
2013.03.24 23:28:19.790,1.06896,1.06924
2013.03.24 23:28:20.790,1.06896,1.06924
2013.03.24 23:28:32.533,1.06898,1.06924
2013.03.24 23:28:33.636,1.06896,1.06924
2013.03.24 23:28:39.930,1.06896,1.06922
2013.03.24 23:29:33.830,1.06895,1.06923
2013.03.24 23:29:56.897,1.06895,1.06921
2013.03.24 23:29:59.844,1.06891,1.06923
2013.03.24 23:30:00.011,1.06893,1.06922
2013.03.24 23:30:18.957,1.06895,1.06923
2013.03.24 23:30:20.099,1.06895,1.06922
2013.03.24 23:30:25.370,1.06895,1.06922
2013.03.24 23:30:32.899,1.06895,1.06922
2013.03.24 23:30:40.040,1.06895,1.06923
2013.03.24 23:30:54.799,1.06898,1.06923
2013.03.24 23:30:54.980,1.06897,1.06923
2013.03.24 23:31:00.079,1.06897,1.06925
2013.03.24 23:31:00.139,1.06898,1.06925
2013.03.24 23:31:02.880,1.06899,1.06924
2013.03.24 23:31:03.060,1.06894,1.0692
2013.03.24 23:31:23.061,1.06893,1.0692
2013.03.24 23:31:26.028,1.06892,1.0692
2013.03.24 23:31:26.610,1.0689,1.06914
2013.03.24 23:31:31.869,1.06892,1.06918
2013.03.24 23:31:32.407,1.06892,1.06918
2013.03.24 23:31:35.755,1.06892,1.06919
2013.03.24 23:31:37.321,1.06892,1.0692
2013.03.24 23:31:40.599,1.06891,1.06919
2013.03.24 23:31:44.867,1.06891,1.06919
2013.03.24 23:31:45.130,1.06893,1.0692
2013.03.24 23:31:45.370,1.06897,1.06924
2013.03.24 23:31:45.732,1.06897,1.06923
2013.03.24 23:31:48.760,1.06893,1.0692
2013.03.24 23:31:53.221,1.06893,1.0692
2013.03.24 23:31:53.920,1.06892,1.0692
2013.03.24 23:32:01.843,1.06891,1.06919
2013.03.24 23:32:02.482,1.06891,1.06919
2013.03.24 23:32:10.030,1.06892,1.06919
2013.03.24 23:32:14.671,1.06894,1.06919
2013.03.24 23:32:15.002,1.06895,1.0692
2013.03.24 23:32:20.370,1.06898,1.06924
2013.03.24 23:32:20.430,1.06902,1.06927
2013.03.24 23:32:20.870,1.06902,1.06926
2013.03.24 23:32:22.401,1.06902,1.06926
2013.03.24 23:32:36.200,1.06897,1.06922
2013.03.24 23:32:36.260,1.06896,1.06922
2013.03.24 23:32:56.329,1.06897,1.06924
2013.03.24 23:33:22.381,1.06898,1.06924
2013.03.24 23:33:36.276,1.06897,1.06924
2013.03.24 23:33:46.010,1.069,1.06924
2013.03.24 23:33:46.436,1.06904,1.06929
2013.03.24 23:33:59.070,1.06905,1.06929
2013.03.24 23:34:03.739,1.06904,1.06929
2013.03.24 23:34:06.049,1.06904,1.06931
2013.03.24 23:34:25.631,1.06903,1.0693
2013.03.24 23:34:25.691,1.06905,1.0693
2013.03.24 23:34:26.251,1.06909,1.06932
2013.03.24 23:34:27.316,1.06909,1.06936
2013.03.24 23:34:27.560,1.06909,1.06935
2013.03.24 23:34:27.900,1.06909,1.06936
2013.03.24 23:34:36.867,1.0691,1.06936
2013.03.24 23:34:37.643,1.06911,1.06936
2013.03.24 23:34:37.702,1.06913,1.06937
2013.03.24 23:34:38.060,1.06913,1.06936
2013.03.24 23:34:40.190,1.0691,1.06936
2013.03.24 23:34:43.752,1.0691,1.06936
2013.03.24 23:34:45.629,1.0691,1.06936
2013.03.24 23:34:45.728,1.06911,1.06937
2013.03.24 23:34:55.149,1.06911,1.06937
2013.03.24 23:35:04.940,1.06905,1.06927
2013.03.24 23:35:05.000,1.06904,1.06927
2013.03.24 23:35:06.855,1.06904,1.0693
2013.03.24 23:35:10.110,1.06909,1.06933
2013.03.24 23:35:10.170,1.06911,1.06933
2013.03.24 23:35:10.231,1.06911,1.06935
2013.03.24 23:35:26.160,1.06911,1.06936
2013.03.24 23:35:28.311,1.06911,1.06936
2013.03.24 23:35:30.188,1.06911,1.06936
2013.03.24 23:35:30.430,1.06911,1.06937
2013.03.24 23:35:30.815,1.06911,1.06937
2013.03.24 23:35:31.380,1.06911,1.06937
2013.03.24 23:35:31.930,1.0691,1.06937
2013.03.24 23:35:45.180,1.0691,1.06935
2013.03.24 23:35:47.621,1.06909,1.06932
2013.03.24 23:35:48.481,1.06905,1.0693
2013.03.24 23:36:02.820,1.06905,1.06929
2013.03.24 23:36:04.040,1.06905,1.0693
2013.03.24 23:36:26.824,1.06905,1.06931
2013.03.24 23:36:27.504,1.06902,1.06927
2013.03.24 23:36:36.597,1.06904,1.06927
2013.03.24 23:36:36.660,1.06904,1.06927
2013.03.24 23:36:36.782,1.06906,1.06928
2013.03.24 23:36:37.472,1.06906,1.0693
2013.03.24 23:36:56.807,1.06906,1.0693
2013.03.24 23:37:00.374,1.06907,1.06932
2013.03.24 23:37:01.368,1.06907,1.0693
2013.03.24 23:37:04.111,1.06907,1.06933
2013.03.24 23:37:04.233,1.06909,1.06934
2013.03.24 23:37:06.920,1.0691,1.06934
2013.03.24 23:37:08.361,1.0691,1.06933
2013.03.24 23:37:08.601,1.06907,1.06932
2013.03.24 23:37:16.784,1.06907,1.06932
2013.03.24 23:37:18.191,1.06907,1.06933
2013.03.24 23:37:18.576,1.06909,1.06933
2013.03.24 23:37:19.127,1.06909,1.06934
2013.03.24 23:37:19.580,1.06912,1.06936
2013.03.24 23:37:19.821,1.06912,1.06938
2013.03.24 23:37:19.881,1.06915,1.06938
2013.03.24 23:37:20.241,1.06916,1.06941
2013.03.24 23:37:32.281,1.06918,1.06943
2013.03.24 23:37:32.609,1.06922,1.06945
2013.03.24 23:37:39.711,1.06919,1.06943
2013.03.24 23:37:39.892,1.06917,1.06943
2013.03.24 23:38:00.187,1.06919,1.06945
2013.03.24 23:38:19.840,1.06919,1.06946
2013.03.24 23:38:20.020,1.06918,1.06945
2013.03.24 23:38:22.031,1.06917,1.06945
2013.03.24 23:38:23.320,1.06918,1.06945
2013.03.24 23:38:35.139,1.06919,1.06945
2013.03.24 23:38:38.310,1.06918,1.06945
2013.03.24 23:38:39.681,1.06919,1.06945
2013.03.24 23:38:40.275,1.0692,1.06945
2013.03.24 23:38:47.361,1.0692,1.06945
2013.03.24 23:38:52.249,1.0692,1.06943
2013.03.24 23:38:54.433,1.06925,1.06943
2013.03.24 23:38:54.742,1.06925,1.06946
2013.03.24 23:38:58.392,1.06925,1.06949
2013.03.24 23:38:58.871,1.06925,1.06949
2013.03.24 23:38:59.111,1.06925,1.06949
2013.03.24 23:39:11.150,1.06922,1.06946
2013.03.24 23:39:11.810,1.06922,1.06946
2013.03.24 23:39:13.588,1.06922,1.06946
2013.03.24 23:39:17.705,1.06922,1.06946
2013.03.24 23:39:20.023,1.06922,1.06946
2013.03.24 23:39:22.781,1.06926,1.06946
2013.03.24 23:39:24.071,1.06922,1.06946
2013.03.24 23:39:25.101,1.06922,1.06946
2013.03.24 23:39:25.841,1.06921,1.06946
2013.03.24 23:39:26.122,1.06923,1.06948
2013.03.24 23:39:26.452,1.06927,1.06952
2013.03.24 23:39:26.573,1.06927,1.06953
2013.03.24 23:39:26.643,1.06931,1.06952
2013.03.24 23:39:27.001,1.06934,1.06958
2013.03.24 23:39:27.653,1.06935,1.06959
2013.03.24 23:39:28.183,1.06935,1.06959
2013.03.24 23:39:29.712,1.06935,1.0696
2013.03.24 23:39:29.911,1.0694,1.0696
2013.03.24 23:39:30.361,1.06941,1.06964
2013.03.24 23:39:31.645,1.0694,1.06964
2013.03.24 23:39:32.437,1.06941,1.06964
2013.03.24 23:39:32.503,1.06942,1.06967
2013.03.24 23:39:32.623,1.06941,1.06966
2013.03.24 23:39:32.976,1.06942,1.06967
2013.03.24 23:39:34.612,1.06941,1.06964
2013.03.24 23:39:34.794,1.06946,1.06965
2013.03.24 23:39:35.154,1.0696,1.06973
2013.03.24 23:39:35.224,1.06954,1.06978
2013.03.24 23:39:35.353,1.06953,1.06978
2013.03.24 23:39:35.713,1.06952,1.06978
2013.03.24 23:39:36.134,1.0695,1.06974
2013.03.24 23:39:36.342,1.06948,1.06972
2013.03.24 23:39:36.893,1.06948,1.06975
2013.03.24 23:39:37.980,1.06951,1.06977
2013.03.24 23:39:38.237,1.06951,1.06977
2013.03.24 23:39:38.431,1.06954,1.06979
2013.03.24 23:39:39.153,1.06952,1.06979
2013.03.24 23:39:39.212,1.06946,1.06974
2013.03.24 23:39:39.334,1.06945,1.06973
2013.03.24 23:39:39.641,1.06945,1.06973
2013.03.24 23:39:39.943,1.06943,1.06969
2013.03.24 23:39:40.817,1.06939,1.06968
2013.03.24 23:39:42.007,1.06943,1.06969
2013.03.24 23:39:42.077,1.06943,1.0697
2013.03.24 23:39:42.141,1.06945,1.06971
2013.03.24 23:39:42.450,1.06946,1.06974
2013.03.24 23:39:43.541,1.06947,1.06974
2013.03.24 23:39:43.605,1.06947,1.06973
2013.03.24 23:39:43.795,1.06947,1.06974
2013.03.24 23:39:44.152,1.06947,1.06976
2013.03.24 23:39:44.637,1.06945,1.06974
2013.03.24 23:39:45.550,1.06945,1.06977
2013.03.24 23:39:46.213,1.06948,1.06975
2013.03.24 23:39:46.925,1.06944,1.06969
2013.03.24 23:39:47.513,1.06938,1.06965
2013.03.24 23:39:47.880,1.06939,1.06968
2013.03.24 23:39:47.945,1.06939,1.06969
2013.03.24 23:39:48.132,1.06939,1.06969
2013.03.24 23:39:48.702,1.06939,1.06969
2013.03.24 23:39:49.063,1.06943,1.06973
2013.03.24 23:39:49.943,1.06944,1.06973
2013.03.24 23:39:50.493,1.06944,1.06973
2013.03.24 23:39:50.913,1.06944,1.06973
2013.03.24 23:39:50.972,1.06946,1.06977
2013.03.24 23:39:51.523,1.06946,1.06977
2013.03.24 23:39:52.423,1.06953,1.06984
2013.03.24 23:39:53.032,1.06953,1.06983
2013.03.24 23:39:53.383,1.06953,1.06983
2013.03.24 23:39:53.563,1.0695,1.06982
2013.03.24 23:39:53.743,1.06952,1.06979
2013.03.24 23:39:53.862,1.06948,1.06977
2013.03.24 23:39:54.042,1.06946,1.06974
2013.03.24 23:39:54.831,1.06946,1.06975
2013.03.24 23:39:55.139,1.06944,1.06977
2013.03.24 23:39:55.497,1.06944,1.06975
2013.03.24 23:39:56.494,1.06947,1.06975
2013.03.24 23:39:56.743,1.06951,1.06978
2013.03.24 23:39:56.864,1.06945,1.06977
2013.03.24 23:39:56.994,1.06946,1.06977
2013.03.24 23:39:57.065,1.06945,1.06974
2013.03.24 23:39:57.374,1.06945,1.06978
2013.03.24 23:39:57.888,1.06944,1.06978
2013.03.24 23:39:59.013,1.06959,1.06983
2013.03.24 23:39:59.373,1.06954,1.06982
2013.03.24 23:39:59.965,1.06948,1.06979
2013.03.24 23:40:00.154,1.06948,1.06978
2013.03.24 23:40:00.473,1.06942,1.06973
2013.03.24 23:40:01.176,1.06942,1.06971
2013.03.24 23:40:01.422,1.06942,1.06971
2013.03.24 23:40:01.612,1.06943,1.0697
2013.03.24 23:40:02.847,1.06946,1.06972
2013.03.24 23:40:02.922,1.06946,1.06973
2013.03.24 23:40:03.425,1.06947,1.06978
2013.03.24 23:40:04.133,1.06951,1.06986
2013.03.24 23:40:04.254,1.06958,1.06986
2013.03.24 23:40:04.446,1.06958,1.0699
2013.03.24 23:40:05.260,1.06957,1.0699
2013.03.24 23:40:05.842,1.06953,1.06984
2013.03.24 23:40:06.884,1.06958,1.0699
2013.03.24 23:40:08.350,1.06958,1.0699
2013.03.24 23:40:08.681,1.06958,1.0699
2013.03.24 23:40:09.192,1.06962,1.0699
2013.03.24 23:40:10.882,1.06962,1.0699
2013.03.24 23:40:11.001,1.06957,1.0699
2013.03.24 23:40:11.483,1.06957,1.06985
2013.03.24 23:40:14.551,1.06954,1.06989
2013.03.24 23:40:17.522,1.06954,1.06989
2013.03.24 23:40:21.276,1.06954,1.06989
2013.03.24 23:40:28.353,1.06954,1.06989
2013.03.24 23:40:28.968,1.0695,1.06989
2013.03.24 23:40:29.520,1.06955,1.06986
2013.03.24 23:40:30.162,1.06945,1.06983
2013.03.24 23:40:31.743,1.0695,1.06989
2013.03.24 23:40:31.801,1.0695,1.06989
2013.03.24 23:40:31.862,1.0695,1.06993
2013.03.24 23:40:31.991,1.06956,1.06988
2013.03.24 23:40:32.052,1.06956,1.06988
2013.03.24 23:40:33.003,1.06956,1.06988
2013.03.24 23:40:33.461,1.06956,1.06985
2013.03.24 23:40:33.521,1.06956,1.06988
2013.03.24 23:40:33.700,1.06947,1.06985
2013.03.24 23:40:34.441,1.06943,1.06982
2013.03.24 23:40:34.621,1.06936,1.06982
2013.03.24 23:40:35.101,1.06933,1.06976
2013.03.24 23:40:35.622,1.06935,1.06977
2013.03.24 23:40:38.693,1.06931,1.06969
2013.03.24 23:40:38.774,1.06922,1.06962
2013.03.24 23:40:41.082,1.06925,1.06963
2013.03.24 23:40:41.632,1.06935,1.06963
2013.03.24 23:40:41.871,1.06925,1.0696
2013.03.24 23:40:46.381,1.06922,1.06958
2013.03.24 23:40:46.831,1.06922,1.0696
2013.03.24 23:40:48.572,1.06925,1.0696
2013.03.24 23:40:52.222,1.06918,1.06954
2013.03.24 23:40:52.611,1.06917,1.06954
2013.03.24 23:40:52.812,1.06917,1.06954
2013.03.24 23:40:53.049,1.06917,1.06954
2013.03.24 23:40:53.472,1.06921,1.06954
2013.03.24 23:40:53.804,1.06922,1.06952
2013.03.24 23:40:54.412,1.06917,1.06953
2013.03.24 23:40:54.994,1.06917,1.06953
2013.03.24 23:40:57.021,1.06917,1.06953
2013.03.24 23:40:57.120,1.06917,1.06952
2013.03.24 23:40:57.321,1.06917,1.06953
2013.03.24 23:40:57.864,1.06923,1.06955
2013.03.24 23:40:58.601,1.06923,1.06955
2013.03.24 23:40:59.651,1.06922,1.06958
2013.03.24 23:40:59.895,1.06922,1.06957
2013.03.24 23:41:07.873,1.0693,1.06957
2013.03.24 23:41:09.585,1.06933,1.06959
2013.03.24 23:41:10.012,1.06937,1.06962
2013.03.24 23:41:10.331,1.06937,1.06964
2013.03.24 23:41:10.451,1.06941,1.06965
2013.03.24 23:41:11.871,1.06942,1.06967
2013.03.24 23:41:13.053,1.06941,1.06965
2013.03.24 23:41:13.272,1.06935,1.06961
2013.03.24 23:41:13.452,1.06933,1.06959
2013.03.24 23:41:13.828,1.06931,1.06955
2013.03.24 23:41:15.158,1.06928,1.06954
2013.03.24 23:41:15.221,1.06929,1.06956
2013.03.24 23:41:15.954,1.06929,1.06956
2013.03.24 23:41:16.895,1.0693,1.06957
2013.03.24 23:41:17.144,1.06932,1.06958
2013.03.24 23:41:18.145,1.06932,1.06957
2013.03.24 23:41:19.249,1.06927,1.0695
2013.03.24 23:41:19.345,1.06927,1.0695
2013.03.24 23:41:20.125,1.06924,1.0695
2013.03.24 23:41:20.402,1.06924,1.0695
2013.03.24 23:41:20.733,1.06924,1.0695
2013.03.24 23:41:21.265,1.06926,1.0695
2013.03.24 23:41:21.698,1.06926,1.0695
2013.03.24 23:41:23.215,1.06926,1.0695
2013.03.24 23:41:23.788,1.06926,1.0695
2013.03.24 23:41:24.547,1.06926,1.0695
2013.03.24 23:41:25.092,1.06926,1.0695
2013.03.24 23:41:25.679,1.06927,1.0695
2013.03.24 23:41:26.212,1.06923,1.06948
2013.03.24 23:41:26.275,1.06922,1.06946
2013.03.24 23:41:26.360,1.06923,1.06948
2013.03.24 23:41:26.541,1.06926,1.0695
2013.03.24 23:41:26.602,1.06926,1.0695
2013.03.24 23:41:26.662,1.06933,1.06954
2013.03.24 23:41:27.355,1.06932,1.06957
2013.03.24 23:41:27.882,1.06929,1.06956
2013.03.24 23:41:29.054,1.06926,1.06953
2013.03.24 23:41:29.606,1.06926,1.06953
2013.03.24 23:41:29.672,1.06925,1.06951
2013.03.24 23:41:30.254,1.06926,1.06951
2013.03.24 23:41:30.431,1.06927,1.06952
2013.03.24 23:41:30.492,1.06923,1.0695
2013.03.24 23:41:30.608,1.06922,1.06949
2013.03.24 23:41:30.675,1.0692,1.06948
2013.03.24 23:41:31.185,1.06919,1.06943
2013.03.24 23:41:31.252,1.06917,1.06943
2013.03.24 23:41:31.794,1.06919,1.06944
2013.03.24 23:41:33.638,1.06921,1.06945
2013.03.24 23:41:34.327,1.06917,1.06945
2013.03.24 23:41:35.744,1.06915,1.0694
2013.03.24 23:41:36.131,1.06915,1.0694
2013.03.24 23:41:36.492,1.06915,1.06942
2013.03.24 23:41:36.821,1.06917,1.06943
2013.03.24 23:41:37.643,1.06916,1.06943
2013.03.24 23:41:38.500,1.06915,1.06942
2013.03.24 23:41:40.341,1.06916,1.06943
2013.03.24 23:41:40.903,1.06916,1.06943
2013.03.24 23:41:41.163,1.06915,1.06942
2013.03.24 23:41:41.227,1.06916,1.06943
2013.03.24 23:41:41.473,1.06915,1.06939
2013.03.24 23:41:42.856,1.06915,1.06939
2013.03.24 23:41:42.940,1.06915,1.06939
2013.03.24 23:41:43.305,1.06911,1.06937
2013.03.24 23:41:43.694,1.06907,1.06934
2013.03.24 23:41:44.703,1.06907,1.06933
2013.03.24 23:41:46.403,1.06907,1.06933
2013.03.24 23:41:47.611,1.06907,1.06934
2013.03.24 23:41:49.634,1.06906,1.06929
2013.03.24 23:41:49.761,1.069,1.06926
2013.03.24 23:41:50.743,1.069,1.06926
2013.03.24 23:41:50.871,1.069,1.06926
2013.03.24 23:41:50.931,1.06902,1.0693
2013.03.24 23:41:51.834,1.06905,1.0693
2013.03.24 23:41:52.421,1.06905,1.0693
2013.03.24 23:41:52.783,1.06906,1.06933
2013.03.24 23:41:53.141,1.06906,1.06933
2013.03.24 23:41:53.677,1.06902,1.06934
2013.03.24 23:41:54.192,1.06902,1.06934
2013.03.24 23:41:55.483,1.06905,1.06935
2013.03.24 23:41:56.861,1.06905,1.06935
2013.03.24 23:41:57.817,1.06903,1.06933
2013.03.24 23:41:57.983,1.06901,1.0693
2013.03.24 23:41:59.303,1.06901,1.06932
2013.03.24 23:41:59.576,1.06902,1.06933
2013.03.24 23:42:02.061,1.06905,1.06933
2013.03.24 23:42:07.614,1.06902,1.06931
2013.03.24 23:42:08.169,1.06902,1.06933
2013.03.24 23:42:10.681,1.06903,1.06933
2013.03.24 23:42:11.795,1.06905,1.06933
2013.03.24 23:42:21.681,1.06907,1.06935
2013.03.24 23:42:21.851,1.06907,1.06933
2013.03.24 23:42:22.389,1.06907,1.06935
2013.03.24 23:42:27.283,1.06907,1.06933
2013.03.24 23:42:27.651,1.06905,1.06932
2013.03.24 23:42:28.569,1.06903,1.06931
2013.03.24 23:42:29.946,1.06905,1.06932
2013.03.24 23:42:30.073,1.06906,1.06933
2013.03.24 23:42:31.040,1.06904,1.06933
2013.03.24 23:42:32.122,1.06906,1.06934
2013.03.24 23:42:33.592,1.06904,1.06934
2013.03.24 23:42:34.793,1.06903,1.06931
2013.03.24 23:42:37.233,1.06905,1.06932
2013.03.24 23:42:37.836,1.06905,1.06932
2013.03.24 23:42:39.061,1.06907,1.06936
2013.03.24 23:42:40.596,1.06908,1.06937
2013.03.24 23:42:41.142,1.06908,1.06937
2013.03.24 23:42:41.264,1.06916,1.06944
2013.03.24 23:42:41.444,1.06922,1.0695
2013.03.24 23:42:41.632,1.06927,1.06953
2013.03.24 23:42:41.872,1.06927,1.06953
2013.03.24 23:42:42.621,1.06926,1.06953
2013.03.24 23:42:43.087,1.06928,1.06955
2013.03.24 23:42:44.223,1.06932,1.06958
2013.03.24 23:42:45.089,1.06933,1.0696
2013.03.24 23:42:45.153,1.06933,1.0696
2013.03.24 23:42:45.977,1.06934,1.06962
2013.03.24 23:42:47.167,1.06934,1.06962
2013.03.24 23:42:51.893,1.06932,1.06962
2013.03.24 23:42:53.776,1.06937,1.06964
2013.03.24 23:42:55.287,1.06936,1.06963
2013.03.24 23:42:55.993,1.06939,1.06966
2013.03.24 23:42:56.602,1.0694,1.06968
2013.03.24 23:42:59.621,1.06942,1.06969
2013.03.24 23:43:00.341,1.06942,1.06969
2013.03.24 23:43:00.818,1.06941,1.0697
2013.03.24 23:43:01.782,1.06941,1.0697
2013.03.24 23:43:01.937,1.06943,1.0697
2013.03.24 23:43:05.571,1.06941,1.0697
2013.03.24 23:43:06.227,1.0694,1.0697
2013.03.24 23:43:06.896,1.06941,1.06971
2013.03.24 23:43:07.235,1.06941,1.06971
2013.03.24 23:43:07.363,1.06942,1.0697
2013.03.24 23:43:09.531,1.06942,1.0697
2013.03.24 23:43:10.626,1.06942,1.0697
2013.03.24 23:43:10.822,1.06945,1.0697
2013.03.24 23:43:12.854,1.06943,1.0697
2013.03.24 23:43:13.247,1.06943,1.0697
2013.03.24 23:43:13.513,1.06942,1.0697
2013.03.24 23:43:14.903,1.06939,1.06969
2013.03.24 23:43:17.389,1.06938,1.06965
2013.03.24 23:43:17.693,1.06938,1.06965
2013.03.24 23:43:17.752,1.06934,1.06959
2013.03.24 23:43:18.052,1.06932,1.06959
2013.03.24 23:43:19.532,1.06931,1.06956
2013.03.24 23:43:23.074,1.0693,1.06958
2013.03.24 23:43:23.846,1.06931,1.06961
2013.03.24 23:43:26.345,1.06931,1.06959
2013.03.24 23:43:29.023,1.06931,1.06959
2013.03.24 23:43:30.522,1.0693,1.06957
2013.03.24 23:43:30.934,1.06925,1.06954
2013.03.24 23:43:31.123,1.06927,1.06954
2013.03.24 23:43:31.303,1.06927,1.06954
2013.03.24 23:43:32.332,1.06926,1.06955
2013.03.24 23:43:32.452,1.06923,1.06949
2013.03.24 23:43:32.693,1.06921,1.06948
2013.03.24 23:43:33.663,1.06919,1.06947
2013.03.24 23:43:36.883,1.06913,1.0694
2013.03.24 23:43:37.442,1.06913,1.06943
2013.03.24 23:43:37.502,1.06916,1.06945
2013.03.24 23:43:37.743,1.06921,1.06948
2013.03.24 23:43:37.862,1.06921,1.06948
2013.03.24 23:43:38.042,1.06922,1.0695
2013.03.24 23:43:41.539,1.06922,1.06949
