Time,Bid,Ask
2013.03.28 00:00:00.121,1.06186,1.0621
2013.03.28 00:00:11.127,1.06184,1.06209
2013.03.28 00:00:14.555,1.06186,1.06209
2013.03.28 00:00:18.338,1.06185,1.06209
2013.03.28 00:00:24.250,1.06186,1.06209
2013.03.28 00:00:31.363,1.06186,1.06214
2013.03.28 00:00:32.982,1.06187,1.06213
2013.03.28 00:00:44.111,1.06187,1.06213
2013.03.28 00:00:54.137,1.06187,1.06211
2013.03.28 00:00:54.313,1.06187,1.06209
2013.03.28 00:01:07.362,1.06187,1.06213
2013.03.28 00:01:07.911,1.06187,1.06212
2013.03.28 00:01:07.972,1.06187,1.06212
2013.03.28 00:01:08.093,1.06187,1.06209
2013.03.28 00:01:08.214,1.06182,1.06207
2013.03.28 00:01:08.452,1.06183,1.06208
2013.03.28 00:01:09.382,1.06182,1.06207
2013.03.28 00:01:09.442,1.06181,1.06205
2013.03.28 00:01:13.387,1.06182,1.06207
2013.03.28 00:01:18.181,1.06182,1.06208
2013.03.28 00:01:20.892,1.06183,1.06208
2013.03.28 00:01:22.721,1.06182,1.06208
2013.03.28 00:01:23.722,1.06182,1.06208
2013.03.28 00:01:26.110,1.06182,1.06207
2013.03.28 00:01:26.921,1.06182,1.06208
2013.03.28 00:01:27.342,1.06185,1.0621
2013.03.28 00:01:27.707,1.06186,1.06212
2013.03.28 00:01:27.962,1.06188,1.06213
2013.03.28 00:01:28.273,1.06186,1.06212
2013.03.28 00:01:30.204,1.06186,1.06212
2013.03.28 00:01:39.852,1.06186,1.06212
2013.03.28 00:01:41.063,1.06188,1.06212
2013.03.28 00:01:44.873,1.06188,1.06212
2013.03.28 00:01:45.342,1.06187,1.06212
2013.03.28 00:01:46.153,1.06187,1.06212
2013.03.28 00:01:46.772,1.06187,1.06212
2013.03.28 00:01:48.394,1.06188,1.06212
2013.03.28 00:02:04.125,1.06188,1.06212
2013.03.28 00:02:07.471,1.06187,1.06213
2013.03.28 00:02:08.337,1.06187,1.06212
2013.03.28 00:02:15.152,1.06186,1.06211
2013.03.28 00:02:16.760,1.06186,1.06211
2013.03.28 00:02:18.401,1.06186,1.06211
2013.03.28 00:02:22.678,1.06186,1.0621
2013.03.28 00:02:26.588,1.06186,1.06211
2013.03.28 00:02:28.873,1.06187,1.06211
2013.03.28 00:02:28.951,1.06187,1.06211
2013.03.28 00:02:29.853,1.06187,1.06211
2013.03.28 00:02:31.062,1.06187,1.06213
2013.03.28 00:02:31.431,1.06189,1.06212
2013.03.28 00:02:44.062,1.06187,1.06211
2013.03.28 00:02:44.620,1.06188,1.06212
2013.03.28 00:02:50.858,1.06186,1.06211
2013.03.28 00:02:54.364,1.06188,1.06212
2013.03.28 00:03:00.032,1.06185,1.06211
2013.03.28 00:03:01.732,1.06188,1.06212
2013.03.28 00:03:01.912,1.06188,1.06211
2013.03.28 00:03:02.033,1.06187,1.06211
2013.03.28 00:03:03.743,1.0619,1.06214
2013.03.28 00:03:03.861,1.0619,1.06215
2013.03.28 00:03:07.583,1.0619,1.06217
2013.03.28 00:03:07.742,1.06192,1.06217
2013.03.28 00:03:08.315,1.06192,1.06217
2013.03.28 00:03:09.399,1.06192,1.06217
2013.03.28 00:03:11.821,1.06191,1.06217
2013.03.28 00:03:13.811,1.06192,1.06217
2013.03.28 00:03:13.886,1.06193,1.06217
2013.03.28 00:03:15.282,1.06193,1.06217
2013.03.28 00:03:19.571,1.06191,1.06215
2013.03.28 00:03:20.771,1.06191,1.06214
2013.03.28 00:03:22.872,1.06191,1.06217
2013.03.28 00:03:23.441,1.06191,1.06217
2013.03.28 00:03:23.531,1.06193,1.06217
2013.03.28 00:03:24.072,1.06191,1.06216
2013.03.28 00:03:24.352,1.06193,1.06216
2013.03.28 00:03:28.542,1.06193,1.06216
2013.03.28 00:03:29.983,1.06192,1.06216
2013.03.28 00:03:30.163,1.06196,1.06216
2013.03.28 00:03:30.532,1.06199,1.06219
2013.03.28 00:03:31.043,1.06199,1.06219
2013.03.28 00:03:32.512,1.06199,1.06219
2013.03.28 00:03:32.692,1.06199,1.06219
2013.03.28 00:03:33.932,1.06201,1.06219
2013.03.28 00:03:36.072,1.062,1.06219
2013.03.28 00:03:36.601,1.06201,1.06219
2013.03.28 00:03:36.713,1.06201,1.06219
2013.03.28 00:03:38.292,1.06201,1.0622
2013.03.28 00:03:38.876,1.062,1.0622
2013.03.28 00:03:39.641,1.06199,1.06218
2013.03.28 00:03:40.440,1.06198,1.06219
2013.03.28 00:03:40.561,1.06197,1.06219
2013.03.28 00:03:41.129,1.06195,1.0622
2013.03.28 00:03:43.892,1.06195,1.06218
2013.03.28 00:03:44.842,1.06193,1.06214
2013.03.28 00:03:45.812,1.06195,1.06217
2013.03.28 00:03:50.141,1.06195,1.06219
2013.03.28 00:04:00.439,1.06195,1.06219
2013.03.28 00:04:05.183,1.06199,1.0622
2013.03.28 00:04:05.482,1.06199,1.0622
2013.03.28 00:04:08.350,1.06197,1.06219
2013.03.28 00:04:08.412,1.06198,1.06219
2013.03.28 00:04:08.474,1.06197,1.06219
2013.03.28 00:04:09.062,1.06197,1.06219
2013.03.28 00:04:11.842,1.06194,1.06214
2013.03.28 00:04:14.341,1.06192,1.06214
2013.03.28 00:04:17.432,1.06194,1.06217
2013.03.28 00:04:18.686,1.06194,1.06217
2013.03.28 00:04:21.682,1.06194,1.06217
2013.03.28 00:04:23.907,1.06193,1.06217
2013.03.28 00:04:25.214,1.06192,1.06217
2013.03.28 00:04:29.360,1.06194,1.06217
2013.03.28 00:04:32.144,1.06193,1.06214
2013.03.28 00:04:32.747,1.06192,1.06214
2013.03.28 00:04:36.043,1.06193,1.06214
2013.03.28 00:04:39.746,1.06192,1.06214
2013.03.28 00:04:51.968,1.06191,1.06214
2013.03.28 00:04:52.032,1.06191,1.06214
2013.03.28 00:04:58.052,1.06191,1.06214
2013.03.28 00:04:58.193,1.06191,1.06214
2013.03.28 00:05:03.768,1.06191,1.06214
2013.03.28 00:05:06.672,1.06191,1.06214
2013.03.28 00:05:07.591,1.06191,1.06214
2013.03.28 00:05:08.133,1.0619,1.06214
2013.03.28 00:05:08.452,1.06186,1.06213
2013.03.28 00:05:09.023,1.06186,1.0621
2013.03.28 00:05:09.203,1.06186,1.06211
2013.03.28 00:05:09.525,1.06186,1.06212
2013.03.28 00:05:09.592,1.06188,1.06214
2013.03.28 00:05:10.852,1.06188,1.06212
2013.03.28 00:05:12.824,1.06187,1.0621
2013.03.28 00:05:12.942,1.06186,1.0621
2013.03.28 00:05:13.737,1.06183,1.06205
2013.03.28 00:05:14.062,1.06186,1.06208
2013.03.28 00:05:14.869,1.06183,1.06208
2013.03.28 00:05:16.672,1.06187,1.0621
2013.03.28 00:05:17.153,1.06187,1.06212
2013.03.28 00:05:17.391,1.06187,1.06213
2013.03.28 00:05:18.482,1.06187,1.06212
2013.03.28 00:05:27.174,1.06187,1.06212
2013.03.28 00:05:34.363,1.06186,1.0621
2013.03.28 00:05:34.704,1.06186,1.06209
2013.03.28 00:05:35.019,1.06185,1.06207
2013.03.28 00:05:37.082,1.06183,1.06207
2013.03.28 00:05:48.652,1.06186,1.06209
2013.03.28 00:05:49.071,1.06186,1.06209
2013.03.28 00:05:49.962,1.06187,1.06209
2013.03.28 00:05:54.140,1.06187,1.06209
2013.03.28 00:05:56.752,1.06187,1.06209
2013.03.28 00:06:00.380,1.06188,1.06213
2013.03.28 00:06:03.352,1.06191,1.06213
2013.03.28 00:06:04.123,1.06192,1.06214
2013.03.28 00:06:08.301,1.06193,1.06216
2013.03.28 00:06:09.141,1.06193,1.06216
2013.03.28 00:06:09.691,1.06196,1.0622
2013.03.28 00:06:24.583,1.06197,1.06219
2013.03.28 00:06:24.652,1.06198,1.06219
2013.03.28 00:06:24.832,1.06196,1.06219
2013.03.28 00:06:25.132,1.06198,1.0622
2013.03.28 00:06:25.929,1.06197,1.0622
2013.03.28 00:06:26.339,1.06197,1.0622
2013.03.28 00:06:27.582,1.06196,1.0622
2013.03.28 00:06:27.643,1.06196,1.06219
2013.03.28 00:06:27.952,1.06194,1.06216
2013.03.28 00:06:28.131,1.06193,1.06216
2013.03.28 00:06:28.793,1.06192,1.06216
2013.03.28 00:06:41.122,1.06191,1.06215
2013.03.28 00:06:41.243,1.0619,1.06211
2013.03.28 00:06:41.811,1.06188,1.06212
2013.03.28 00:06:42.992,1.06187,1.06211
2013.03.28 00:06:43.332,1.06186,1.0621
2013.03.28 00:06:43.682,1.06183,1.06207
2013.03.28 00:06:48.556,1.06181,1.06207
2013.03.28 00:06:50.619,1.06181,1.06207
2013.03.28 00:06:57.442,1.0618,1.06205
2013.03.28 00:07:07.651,1.06179,1.06203
2013.03.28 00:07:17.231,1.06179,1.06204
2013.03.28 00:07:18.452,1.06179,1.06204
2013.03.28 00:07:24.192,1.06179,1.06204
2013.03.28 00:07:25.574,1.06179,1.06204
2013.03.28 00:07:28.552,1.06179,1.06204
2013.03.28 00:07:30.241,1.06181,1.06204
2013.03.28 00:07:34.601,1.06181,1.06204
2013.03.28 00:07:36.872,1.06179,1.06204
2013.03.28 00:07:42.882,1.06178,1.06204
2013.03.28 00:07:43.242,1.06187,1.06211
2013.03.28 00:07:43.363,1.06188,1.06213
2013.03.28 00:07:46.231,1.06188,1.06213
2013.03.28 00:07:47.272,1.06189,1.06213
2013.03.28 00:07:51.682,1.06188,1.06213
2013.03.28 00:07:55.002,1.06187,1.06212
2013.03.28 00:07:55.537,1.06186,1.0621
2013.03.28 00:07:55.843,1.06183,1.06208
2013.03.28 00:07:57.372,1.06184,1.06208
2013.03.28 00:08:01.537,1.06187,1.0621
2013.03.28 00:08:05.423,1.06186,1.0621
2013.03.28 00:08:06.013,1.06183,1.06209
2013.03.28 00:08:08.382,1.06182,1.06208
2013.03.28 00:08:11.335,1.06182,1.06208
2013.03.28 00:08:11.930,1.06181,1.06205
2013.03.28 00:08:13.087,1.06178,1.06205
2013.03.28 00:08:13.153,1.06182,1.06206
2013.03.28 00:08:13.273,1.06186,1.0621
2013.03.28 00:08:13.453,1.06186,1.06211
2013.03.28 00:08:13.983,1.06188,1.06212
2013.03.28 00:08:16.493,1.06186,1.0621
2013.03.28 00:08:16.972,1.06186,1.06209
2013.03.28 00:08:17.483,1.06182,1.06208
2013.03.28 00:08:21.322,1.06181,1.06208
2013.03.28 00:08:23.642,1.06182,1.06207
2013.03.28 00:08:40.693,1.06179,1.06202
2013.03.28 00:08:44.092,1.06177,1.06202
2013.03.28 00:08:44.396,1.06174,1.062
2013.03.28 00:08:45.132,1.06174,1.062
2013.03.28 00:08:45.800,1.06173,1.06197
2013.03.28 00:08:48.028,1.06174,1.06199
2013.03.28 00:08:48.434,1.06176,1.062
2013.03.28 00:08:49.072,1.06178,1.06202
2013.03.28 00:08:51.786,1.06177,1.06202
2013.03.28 00:08:52.337,1.06174,1.062
2013.03.28 00:08:52.583,1.06179,1.062
2013.03.28 00:08:52.643,1.06179,1.06204
2013.03.28 00:08:52.762,1.06179,1.06202
2013.03.28 00:08:52.972,1.06179,1.06204
2013.03.28 00:08:54.866,1.06179,1.06204
2013.03.28 00:08:55.293,1.06184,1.06207
2013.03.28 00:08:56.170,1.06184,1.06207
2013.03.28 00:09:07.362,1.06184,1.06205
2013.03.28 00:09:07.483,1.06181,1.06204
2013.03.28 00:09:09.557,1.0618,1.06204
2013.03.28 00:09:09.683,1.06184,1.0621
2013.03.28 00:09:10.162,1.06186,1.0621
2013.03.28 00:09:10.702,1.06184,1.06209
2013.03.28 00:09:14.896,1.06184,1.06209
2013.03.28 00:09:18.505,1.06184,1.06208
2013.03.28 00:09:20.010,1.06184,1.06206
2013.03.28 00:09:28.529,1.06184,1.06207
2013.03.28 00:09:33.952,1.06183,1.06205
2013.03.28 00:09:34.086,1.06182,1.06205
2013.03.28 00:09:40.558,1.06181,1.06202
2013.03.28 00:09:44.166,1.06181,1.06203
2013.03.28 00:09:49.755,1.0618,1.06203
2013.03.28 00:09:52.890,1.06179,1.06201
2013.03.28 00:09:54.194,1.06179,1.06203
2013.03.28 00:10:00.025,1.06179,1.06201
2013.03.28 00:10:03.602,1.06177,1.06201
2013.03.28 00:10:04.363,1.06177,1.06198
2013.03.28 00:10:06.834,1.06177,1.06199
2013.03.28 00:10:08.816,1.06177,1.062
2013.03.28 00:10:09.422,1.06179,1.062
2013.03.28 00:10:09.483,1.06179,1.06203
2013.03.28 00:10:10.892,1.0618,1.06203
2013.03.28 00:10:13.357,1.0618,1.06204
2013.03.28 00:10:15.981,1.0618,1.06204
2013.03.28 00:10:19.393,1.06178,1.06202
2013.03.28 00:10:20.062,1.06178,1.06204
2013.03.28 00:10:20.658,1.06177,1.06203
2013.03.28 00:10:20.983,1.06177,1.06204
2013.03.28 00:10:21.163,1.0618,1.06203
2013.03.28 00:10:29.862,1.06182,1.06207
2013.03.28 00:10:30.505,1.06183,1.06208
2013.03.28 00:10:36.912,1.06183,1.06208
2013.03.28 00:10:37.033,1.06181,1.06204
2013.03.28 00:10:37.872,1.0618,1.06204
2013.03.28 00:10:38.624,1.06183,1.06209
2013.03.28 00:10:39.222,1.06183,1.06209
2013.03.28 00:10:42.634,1.06183,1.06209
2013.03.28 00:10:46.605,1.06183,1.06209
2013.03.28 00:10:47.555,1.06181,1.06204
2013.03.28 00:10:47.623,1.0618,1.06204
2013.03.28 00:10:47.682,1.06177,1.062
2013.03.28 00:10:47.743,1.06174,1.062
2013.03.28 00:10:48.292,1.06173,1.06198
2013.03.28 00:10:48.828,1.06172,1.06198
2013.03.28 00:10:58.395,1.06172,1.06198
2013.03.28 00:11:04.833,1.06172,1.06198
2013.03.28 00:11:05.353,1.06172,1.06198
2013.03.28 00:11:07.805,1.06172,1.06197
2013.03.28 00:11:10.131,1.06172,1.06197
2013.03.28 00:11:10.192,1.06172,1.06198
2013.03.28 00:11:12.652,1.06172,1.06198
2013.03.28 00:11:19.766,1.06172,1.06198
2013.03.28 00:11:20.842,1.06173,1.06199
2013.03.28 00:11:21.142,1.06176,1.06201
2013.03.28 00:11:21.202,1.06176,1.06202
2013.03.28 00:11:21.382,1.06177,1.06202
2013.03.28 00:11:25.123,1.06177,1.06201
2013.03.28 00:11:25.363,1.06177,1.06201
2013.03.28 00:11:25.423,1.06178,1.06202
2013.03.28 00:11:25.732,1.06181,1.06207
2013.03.28 00:11:25.864,1.06181,1.06205
2013.03.28 00:11:26.433,1.06181,1.06205
2013.03.28 00:11:30.122,1.06181,1.06207
2013.03.28 00:11:31.409,1.06186,1.06208
2013.03.28 00:11:31.544,1.06186,1.06211
2013.03.28 00:11:31.663,1.0619,1.06213
2013.03.28 00:11:31.783,1.06192,1.06214
2013.03.28 00:11:32.378,1.06191,1.06216
2013.03.28 00:11:32.443,1.06191,1.06216
2013.03.28 00:11:33.624,1.06192,1.06216
2013.03.28 00:11:35.883,1.06191,1.06216
2013.03.28 00:11:37.694,1.0619,1.06213
2013.03.28 00:11:38.855,1.0619,1.06213
2013.03.28 00:11:42.237,1.0619,1.06213
2013.03.28 00:11:45.429,1.06191,1.06215
2013.03.28 00:11:48.451,1.0619,1.06215
2013.03.28 00:11:50.333,1.0619,1.06215
2013.03.28 00:11:50.903,1.06192,1.06216
2013.03.28 00:11:53.741,1.0619,1.06215
2013.03.28 00:12:01.112,1.06189,1.06213
2013.03.28 00:12:06.730,1.06188,1.06211
2013.03.28 00:12:06.802,1.06186,1.06211
2013.03.28 00:12:07.313,1.06186,1.0621
2013.03.28 00:12:07.433,1.06184,1.06207
2013.03.28 00:12:07.613,1.06184,1.06207
2013.03.28 00:12:07.737,1.06181,1.06207
2013.03.28 00:12:15.846,1.06181,1.06208
2013.03.28 00:12:17.374,1.06181,1.06207
2013.03.28 00:12:17.435,1.0618,1.06206
2013.03.28 00:12:18.193,1.0618,1.06206
2013.03.28 00:12:18.799,1.0618,1.06203
2013.03.28 00:12:21.804,1.0618,1.06204
2013.03.28 00:12:22.413,1.0618,1.06206
2013.03.28 00:12:22.603,1.0618,1.06204
2013.03.28 00:12:22.974,1.06181,1.06207
2013.03.28 00:12:24.084,1.06181,1.06207
2013.03.28 00:12:27.662,1.06183,1.06208
2013.03.28 00:12:27.785,1.06183,1.06209
2013.03.28 00:12:30.673,1.06183,1.0621
2013.03.28 00:12:36.383,1.06183,1.06208
2013.03.28 00:12:40.053,1.06185,1.06208
2013.03.28 00:12:40.113,1.06185,1.0621
2013.03.28 00:12:40.639,1.06188,1.0621
2013.03.28 00:12:53.043,1.06189,1.06213
2013.03.28 00:12:54.802,1.06189,1.06215
2013.03.28 00:13:12.123,1.06186,1.0621
2013.03.28 00:13:12.304,1.06185,1.06209
2013.03.28 00:13:22.353,1.06185,1.06209
2013.03.28 00:13:26.544,1.06186,1.0621
2013.03.28 00:13:28.521,1.06186,1.0621
2013.03.28 00:13:32.931,1.06186,1.06212
2013.03.28 00:13:34.593,1.06187,1.06212
2013.03.28 00:13:39.092,1.06187,1.06213
2013.03.28 00:13:39.464,1.06187,1.06213
2013.03.28 00:13:39.784,1.0619,1.06213
2013.03.28 00:13:41.883,1.06188,1.06213
2013.03.28 00:13:42.123,1.06187,1.06212
2013.03.28 00:13:43.986,1.06187,1.06213
2013.03.28 00:13:45.202,1.06187,1.06211
2013.03.28 00:13:45.602,1.06187,1.0621
2013.03.28 00:13:46.593,1.06184,1.06208
2013.03.28 00:13:46.713,1.06183,1.06208
2013.03.28 00:13:46.833,1.06182,1.06208
2013.03.28 00:13:53.482,1.06182,1.06206
2013.03.28 00:13:58.624,1.06182,1.06208
2013.03.28 00:14:00.528,1.06182,1.06207
2013.03.28 00:14:02.093,1.06181,1.06205
2013.03.28 00:14:03.042,1.06182,1.06208
2013.03.28 00:14:03.623,1.06182,1.06208
2013.03.28 00:14:04.165,1.06181,1.06204
2013.03.28 00:14:05.394,1.06179,1.06204
2013.03.28 00:14:07.372,1.06181,1.06204
2013.03.28 00:14:14.024,1.06179,1.06204
2013.03.28 00:14:17.671,1.06178,1.06203
2013.03.28 00:14:18.333,1.06177,1.06202
2013.03.28 00:14:20.352,1.06178,1.06204
2013.03.28 00:14:20.533,1.0618,1.06204
2013.03.28 00:14:22.953,1.06178,1.06204
2013.03.28 00:14:23.792,1.06178,1.06202
2013.03.28 00:14:23.853,1.06177,1.06199
2013.03.28 00:14:24.364,1.06176,1.06199
2013.03.28 00:14:32.873,1.06176,1.06199
2013.03.28 00:14:32.993,1.06177,1.06202
2013.03.28 00:14:34.910,1.06179,1.06202
2013.03.28 00:14:43.863,1.06176,1.06202
2013.03.28 00:14:45.375,1.06176,1.06201
2013.03.28 00:14:48.222,1.06178,1.06204
2013.03.28 00:14:59.333,1.06177,1.06198
2013.03.28 00:14:59.645,1.06174,1.06198
2013.03.28 00:15:00.354,1.06172,1.06196
2013.03.28 00:15:04.062,1.06174,1.06198
2013.03.28 00:15:05.124,1.06172,1.06196
2013.03.28 00:15:05.183,1.06171,1.06196
2013.03.28 00:15:05.303,1.0617,1.06195
2013.03.28 00:15:11.182,1.0617,1.06193
2013.03.28 00:15:12.617,1.06171,1.06194
2013.03.28 00:15:15.234,1.06171,1.06194
2013.03.28 00:15:15.943,1.06171,1.06194
2013.03.28 00:15:18.105,1.06171,1.06194
2013.03.28 00:15:25.364,1.06175,1.06196
2013.03.28 00:15:25.794,1.06172,1.06196
2013.03.28 00:15:25.933,1.06171,1.06195
2013.03.28 00:15:29.128,1.06171,1.06194
2013.03.28 00:15:29.443,1.0617,1.06189
2013.03.28 00:15:29.745,1.06171,1.06185
2013.03.28 00:15:31.181,1.06171,1.06186
2013.03.28 00:15:31.911,1.06171,1.06187
2013.03.28 00:15:34.560,1.06171,1.06188
2013.03.28 00:15:34.743,1.0617,1.06189
2013.03.28 00:15:36.983,1.0617,1.06189
2013.03.28 00:15:39.683,1.0617,1.06191
2013.03.28 00:15:44.393,1.0617,1.06189
2013.03.28 00:15:46.187,1.0617,1.0619
2013.03.28 00:15:47.320,1.0617,1.0619
2013.03.28 00:15:51.333,1.0617,1.06192
2013.03.28 00:15:51.615,1.0617,1.06192
2013.03.28 00:16:04.856,1.0617,1.0619
2013.03.28 00:16:07.294,1.0617,1.0619
2013.03.28 00:16:07.630,1.0617,1.06188
2013.03.28 00:16:08.944,1.0617,1.06188
2013.03.28 00:16:17.153,1.0617,1.06191
2013.03.28 00:16:17.503,1.0617,1.06193
2013.03.28 00:16:29.254,1.0617,1.0619
2013.03.28 00:16:29.628,1.0617,1.06189
2013.03.28 00:16:47.143,1.0617,1.06189
2013.03.28 00:16:49.343,1.0617,1.06188
2013.03.28 00:16:51.654,1.0617,1.06189
2013.03.28 00:17:09.297,1.0617,1.06189
2013.03.28 00:17:10.163,1.0617,1.06188
2013.03.28 00:17:12.343,1.06171,1.06188
2013.03.28 00:17:12.702,1.06171,1.06187
2013.03.28 00:17:14.004,1.06171,1.06188
2013.03.28 00:17:33.714,1.06171,1.06187
2013.03.28 00:17:35.343,1.06171,1.06188
2013.03.28 00:17:48.138,1.06171,1.06193
2013.03.28 00:17:55.463,1.06171,1.06191
2013.03.28 00:17:59.753,1.06171,1.0619
2013.03.28 00:18:08.460,1.06171,1.06192
2013.03.28 00:18:08.643,1.06171,1.06192
2013.03.28 00:18:08.763,1.06173,1.06195
2013.03.28 00:18:08.883,1.06174,1.06197
2013.03.28 00:18:10.374,1.06173,1.06198
2013.03.28 00:18:14.184,1.06173,1.06198
2013.03.28 00:18:18.058,1.06175,1.062
2013.03.28 00:18:24.208,1.06176,1.062
2013.03.28 00:18:28.833,1.06176,1.062
2013.03.28 00:18:37.955,1.06176,1.06201
2013.03.28 00:18:48.893,1.06177,1.06202
2013.03.28 00:18:49.482,1.06177,1.06202
2013.03.28 00:18:55.673,1.0618,1.06202
2013.03.28 00:18:56.213,1.0618,1.06202
2013.03.28 00:18:56.910,1.0618,1.06202
2013.03.28 00:19:18.489,1.06183,1.06204
2013.03.28 00:19:18.806,1.06185,1.06208
2013.03.28 00:19:21.174,1.06183,1.06206
2013.03.28 00:19:21.234,1.06182,1.06205
2013.03.28 00:19:24.106,1.06182,1.06208
2013.03.28 00:19:24.189,1.06182,1.06208
2013.03.28 00:19:29.093,1.06182,1.06208
2013.03.28 00:19:29.413,1.06183,1.06208
2013.03.28 00:19:33.723,1.06183,1.06208
2013.03.28 00:19:34.326,1.06183,1.06209
2013.03.28 00:19:34.563,1.06182,1.06206
2013.03.28 00:19:34.623,1.06179,1.06204
2013.03.28 00:19:34.743,1.06178,1.06203
2013.03.28 00:19:34.877,1.06179,1.06203
2013.03.28 00:19:35.215,1.06178,1.06202
2013.03.28 00:19:35.773,1.06176,1.06199
2013.03.28 00:19:36.013,1.06176,1.06199
2013.03.28 00:19:41.804,1.06175,1.06199
2013.03.28 00:19:42.134,1.06173,1.06198
2013.03.28 00:19:48.734,1.06173,1.06199
2013.03.28 00:19:51.387,1.06174,1.06199
2013.03.28 00:19:51.929,1.06174,1.06199
2013.03.28 00:19:52.763,1.06174,1.06199
2013.03.28 00:19:55.264,1.06174,1.06199
2013.03.28 00:20:00.834,1.06174,1.06198
2013.03.28 00:20:15.444,1.06177,1.062
2013.03.28 00:20:20.163,1.06175,1.06199
2013.03.28 00:20:31.649,1.06175,1.06199
2013.03.28 00:20:41.795,1.06173,1.06198
2013.03.28 00:21:00.863,1.06177,1.062
2013.03.28 00:21:01.164,1.06177,1.062
2013.03.28 00:21:01.584,1.06178,1.06202
2013.03.28 00:21:11.537,1.06178,1.06203
2013.03.28 00:21:11.664,1.06179,1.06203
2013.03.28 00:21:20.555,1.06178,1.06204
2013.03.28 00:21:25.183,1.06178,1.06203
2013.03.28 00:21:27.715,1.06177,1.06203
2013.03.28 00:21:30.173,1.06178,1.06204
2013.03.28 00:21:31.026,1.06179,1.06204
2013.03.28 00:21:41.963,1.06179,1.06204
2013.03.28 00:21:53.873,1.06179,1.06203
2013.03.28 00:21:56.383,1.06179,1.06203
2013.03.28 00:22:09.275,1.0618,1.06203
2013.03.28 00:22:09.625,1.06179,1.06202
2013.03.28 00:22:10.062,1.0618,1.06202
2013.03.28 00:22:10.605,1.06176,1.062
2013.03.28 00:22:13.134,1.06174,1.06199
2013.03.28 00:22:14.144,1.06173,1.06199
2013.03.28 00:22:21.824,1.06176,1.062
2013.03.28 00:22:26.114,1.06176,1.062
2013.03.28 00:22:26.554,1.06175,1.06196
2013.03.28 00:22:43.533,1.0617,1.06194
2013.03.28 00:22:44.221,1.06171,1.06194
2013.03.28 00:22:46.984,1.06171,1.06194
2013.03.28 00:22:47.592,1.06171,1.06196
2013.03.28 00:22:49.575,1.06171,1.06194
2013.03.28 00:22:50.115,1.06171,1.06193
2013.03.28 00:22:50.265,1.06171,1.06191
2013.03.28 00:22:51.084,1.0617,1.06189
2013.03.28 00:22:51.504,1.0617,1.06188
2013.03.28 00:22:53.474,1.06171,1.06187
2013.03.28 00:22:53.894,1.06171,1.06188
2013.03.28 00:22:54.435,1.06171,1.06193
2013.03.28 00:22:54.494,1.06171,1.06194
2013.03.28 00:22:55.614,1.0617,1.06194
2013.03.28 00:22:56.127,1.06171,1.06194
2013.03.28 00:22:57.583,1.0617,1.06194
2013.03.28 00:22:58.115,1.0617,1.06194
2013.03.28 00:22:58.174,1.0617,1.06193
2013.03.28 00:23:03.091,1.0617,1.06194
2013.03.28 00:23:05.973,1.06171,1.06194
2013.03.28 00:23:06.724,1.06171,1.06194
2013.03.28 00:23:11.883,1.0617,1.06194
2013.03.28 00:23:12.125,1.0617,1.06194
2013.03.28 00:23:12.709,1.0617,1.06194
2013.03.28 00:23:14.416,1.06171,1.06196
2013.03.28 00:23:15.735,1.06171,1.06195
2013.03.28 00:23:16.774,1.0617,1.06194
2013.03.28 00:23:17.502,1.06171,1.06191
2013.03.28 00:23:22.623,1.06171,1.06191
2013.03.28 00:23:26.885,1.06171,1.06191
2013.03.28 00:23:31.444,1.0617,1.0619
2013.03.28 00:23:34.795,1.06171,1.0619
2013.03.28 00:23:36.833,1.06171,1.06189
2013.03.28 00:23:40.337,1.0617,1.06189
2013.03.28 00:23:45.184,1.0617,1.06192
2013.03.28 00:23:45.624,1.0617,1.06193
2013.03.28 00:24:08.784,1.0617,1.06192
2013.03.28 00:24:09.323,1.06171,1.06187
2013.03.28 00:24:19.863,1.06171,1.06187
2013.03.28 00:24:27.395,1.0617,1.06187
2013.03.28 00:24:27.514,1.0617,1.0619
2013.03.28 00:24:27.934,1.06171,1.06189
2013.03.28 00:24:28.734,1.0617,1.06189
2013.03.28 00:24:37.894,1.06171,1.06189
2013.03.28 00:24:41.654,1.06171,1.06189
2013.03.28 00:24:41.774,1.06171,1.06193
2013.03.28 00:24:42.832,1.06171,1.06195
2013.03.28 00:24:45.834,1.06171,1.06193
2013.03.28 00:24:55.404,1.06171,1.06191
2013.03.28 00:24:55.464,1.06171,1.06193
2013.03.28 00:24:55.524,1.0617,1.06193
2013.03.28 00:24:55.914,1.0617,1.0619
2013.03.28 00:25:00.625,1.0617,1.06189
2013.03.28 00:25:02.482,1.0617,1.06189
2013.03.28 00:25:03.744,1.0617,1.06192
2013.03.28 00:25:03.804,1.0617,1.06193
2013.03.28 00:25:04.325,1.0617,1.06193
2013.03.28 00:25:04.444,1.06171,1.06193
2013.03.28 00:25:05.073,1.06171,1.06193
2013.03.28 00:25:25.985,1.0617,1.06192
2013.03.28 00:25:26.394,1.0617,1.06193
2013.03.28 00:25:27.674,1.06171,1.06193
2013.03.28 00:25:28.594,1.06171,1.06192
2013.03.28 00:25:48.281,1.06171,1.06189
2013.03.28 00:25:49.394,1.0617,1.06189
2013.03.28 00:25:49.955,1.06171,1.06189
2013.03.28 00:26:04.054,1.06171,1.06188
2013.03.28 00:26:09.914,1.06171,1.06187
2013.03.28 00:26:11.620,1.06171,1.06187
2013.03.28 00:26:24.064,1.06171,1.06189
2013.03.28 00:26:30.705,1.06171,1.0619
2013.03.28 00:26:31.255,1.0617,1.0619
2013.03.28 00:26:31.853,1.06171,1.0619
2013.03.28 00:26:44.074,1.06171,1.06191
2013.03.28 00:26:44.691,1.06171,1.06191
2013.03.28 00:26:45.527,1.06171,1.06191
2013.03.28 00:26:55.886,1.06171,1.06192
2013.03.28 00:26:56.066,1.06171,1.06191
2013.03.28 00:27:09.040,1.06171,1.0619
2013.03.28 00:27:18.655,1.06171,1.0619
2013.03.28 00:27:19.195,1.0617,1.0619
2013.03.28 00:27:44.384,1.0617,1.06191
2013.03.28 00:27:50.349,1.0617,1.0619
2013.03.28 00:27:51.934,1.0617,1.06192
2013.03.28 00:27:52.463,1.0617,1.06192
2013.03.28 00:28:00.979,1.0617,1.0619
2013.03.28 00:28:08.309,1.0617,1.06192
2013.03.28 00:28:08.814,1.06171,1.06192
2013.03.28 00:28:09.856,1.06171,1.06191
2013.03.28 00:28:09.974,1.06171,1.06191
2013.03.28 00:28:50.254,1.0617,1.06193
2013.03.28 00:29:03.074,1.0617,1.06193
2013.03.28 00:29:08.994,1.0617,1.06194
2013.03.28 00:29:09.844,1.06171,1.06195
2013.03.28 00:29:15.167,1.06171,1.06195
2013.03.28 00:29:27.074,1.06171,1.06196
2013.03.28 00:29:28.115,1.06171,1.06195
2013.03.28 00:29:30.644,1.06171,1.06196
2013.03.28 00:29:40.765,1.06172,1.06196
2013.03.28 00:29:46.078,1.06172,1.06195
2013.03.28 00:29:47.704,1.06171,1.06195
2013.03.28 00:29:47.895,1.06171,1.06193
2013.03.28 00:29:48.545,1.06171,1.06193
2013.03.28 00:29:49.094,1.06171,1.06192
2013.03.28 00:29:55.189,1.06171,1.06193
2013.03.28 00:29:55.764,1.06171,1.06193
2013.03.28 00:29:58.146,1.06171,1.06192
2013.03.28 00:30:01.054,1.0617,1.06192
2013.03.28 00:30:01.667,1.06171,1.06192
2013.03.28 00:30:01.994,1.06171,1.06194
2013.03.28 00:30:07.806,1.06166,1.06192
2013.03.28 00:30:09.009,1.06165,1.06193
2013.03.28 00:30:14.174,1.06167,1.06195
2013.03.28 00:30:17.196,1.06165,1.06193
2013.03.28 00:30:18.998,1.06165,1.06192
2013.03.28 00:30:20.500,1.06165,1.06191
2013.03.28 00:30:24.347,1.06165,1.06189
2013.03.28 00:30:31.545,1.06166,1.0619
2013.03.28 00:30:36.297,1.06166,1.06189
2013.03.28 00:30:38.084,1.06166,1.0619
2013.03.28 00:30:42.015,1.06165,1.0619
2013.03.28 00:30:45.697,1.06165,1.0619
2013.03.28 00:30:46.105,1.0617,1.06193
2013.03.28 00:30:46.284,1.06167,1.06191
2013.03.28 00:30:50.434,1.06168,1.06194
2013.03.28 00:30:52.064,1.06168,1.06192
2013.03.28 00:30:55.004,1.06167,1.06191
2013.03.28 00:30:55.832,1.06165,1.0619
2013.03.28 00:30:56.384,1.06165,1.06188
2013.03.28 00:30:56.914,1.06165,1.06185
2013.03.28 00:31:00.372,1.06165,1.06185
2013.03.28 00:31:01.915,1.06165,1.06185
2013.03.28 00:31:03.242,1.06165,1.06182
2013.03.28 00:31:29.757,1.06166,1.06186
2013.03.28 00:31:59.827,1.06165,1.06186
2013.03.28 00:32:01.964,1.06165,1.06185
2013.03.28 00:32:03.216,1.06165,1.06186
2013.03.28 00:32:05.636,1.06165,1.06186
2013.03.28 00:32:10.995,1.06167,1.06189
2013.03.28 00:32:40.705,1.06167,1.06187
2013.03.28 00:32:41.400,1.06166,1.06187
2013.03.28 00:32:43.776,1.06161,1.06185
2013.03.28 00:32:46.143,1.06161,1.06186
2013.03.28 00:32:49.855,1.0616,1.06185
2013.03.28 00:33:07.155,1.0616,1.06184
2013.03.28 00:33:07.674,1.06161,1.06185
2013.03.28 00:33:10.503,1.06161,1.06185
2013.03.28 00:33:39.635,1.06159,1.06184
2013.03.28 00:33:39.695,1.06158,1.06181
2013.03.28 00:33:39.755,1.06156,1.06181
2013.03.28 00:33:40.085,1.06158,1.06181
2013.03.28 00:33:40.325,1.0616,1.06184
2013.03.28 00:33:40.626,1.06159,1.06183
2013.03.28 00:33:43.375,1.06159,1.06183
2013.03.28 00:33:43.505,1.06157,1.0618
2013.03.28 00:33:44.174,1.06157,1.0618
2013.03.28 00:33:49.391,1.06157,1.06181
2013.03.28 00:33:51.584,1.06157,1.0618
2013.03.28 00:33:51.645,1.06157,1.0618
2013.03.28 00:33:53.592,1.06157,1.0618
2013.03.28 00:34:26.157,1.06157,1.06179
2013.03.28 00:34:26.805,1.0616,1.0618
2013.03.28 00:34:39.188,1.06157,1.0618
2013.03.28 00:34:39.588,1.06158,1.0618
2013.03.28 00:34:41.187,1.06156,1.0618
2013.03.28 00:34:41.486,1.06156,1.0618
2013.03.28 00:34:42.005,1.06156,1.0618
2013.03.28 00:34:43.845,1.06156,1.06182
2013.03.28 00:34:50.388,1.06158,1.06182
2013.03.28 00:35:01.382,1.06162,1.06182
2013.03.28 00:35:03.925,1.06162,1.06182
2013.03.28 00:35:05.192,1.06163,1.06183
2013.03.28 00:35:06.695,1.06162,1.06183
2013.03.28 00:35:14.615,1.0616,1.06183
2013.03.28 00:35:24.075,1.06157,1.06179
2013.03.28 00:35:24.957,1.06159,1.06182
2013.03.28 00:35:40.356,1.06156,1.06179
2013.03.28 00:35:42.020,1.06159,1.06182
2013.03.28 00:35:44.145,1.0616,1.06183
2013.03.28 00:36:10.915,1.06159,1.06182
2013.03.28 00:36:16.792,1.06159,1.06183
2013.03.28 00:36:17.867,1.06161,1.06184
2013.03.28 00:36:25.714,1.06157,1.06183
2013.03.28 00:36:26.425,1.06156,1.06181
2013.03.28 00:36:29.118,1.06156,1.06181
2013.03.28 00:36:29.855,1.06156,1.06181
2013.03.28 00:36:30.156,1.06162,1.06186
2013.03.28 00:36:30.215,1.06162,1.06186
2013.03.28 00:36:30.812,1.06162,1.06186
2013.03.28 00:36:36.095,1.0616,1.06186
2013.03.28 00:36:36.465,1.0616,1.06186
2013.03.28 00:36:37.265,1.0616,1.06185
2013.03.28 00:36:43.366,1.0616,1.06186
2013.03.28 00:36:43.571,1.06162,1.06187
2013.03.28 00:36:50.284,1.06164,1.06189
2013.03.28 00:36:52.811,1.06164,1.06189
2013.03.28 00:36:55.891,1.06165,1.06189
2013.03.28 00:36:56.195,1.06164,1.06188
2013.03.28 00:37:00.235,1.06165,1.06189
2013.03.28 00:37:03.741,1.06165,1.06188
2013.03.28 00:37:10.305,1.06164,1.06187
2013.03.28 00:37:10.825,1.06162,1.06187
2013.03.28 00:37:12.276,1.06164,1.06187
2013.03.28 00:37:12.405,1.06162,1.06187
2013.03.28 00:37:12.646,1.06161,1.06187
2013.03.28 00:37:19.855,1.06161,1.06187
2013.03.28 00:37:23.375,1.06164,1.06189
2013.03.28 00:37:26.336,1.06164,1.06189
2013.03.28 00:37:28.786,1.06164,1.06187
2013.03.28 00:37:30.118,1.06161,1.06186
2013.03.28 00:37:30.625,1.0616,1.06184
2013.03.28 00:37:44.416,1.0616,1.06183
2013.03.28 00:37:44.986,1.06158,1.06179
2013.03.28 00:37:50.315,1.06156,1.06179
2013.03.28 00:38:05.115,1.06156,1.06179
2013.03.28 00:38:05.840,1.06156,1.0618
2013.03.28 00:38:10.882,1.06156,1.06178
2013.03.28 00:38:11.396,1.06155,1.06178
2013.03.28 00:38:13.896,1.06155,1.06176
2013.03.28 00:38:15.766,1.06156,1.06175
2013.03.28 00:38:19.366,1.06156,1.06179
2013.03.28 00:38:24.714,1.06156,1.06178
2013.03.28 00:38:34.116,1.06156,1.06179
2013.03.28 00:38:36.295,1.06156,1.06179
2013.03.28 00:38:45.118,1.06156,1.06177
2013.03.28 00:38:58.685,1.06156,1.06178
2013.03.28 00:38:58.885,1.06156,1.06176
2013.03.28 00:38:59.693,1.06155,1.06176
2013.03.28 00:39:04.105,1.06155,1.06176
2013.03.28 00:39:04.467,1.06155,1.06171
2013.03.28 00:39:05.445,1.06155,1.06173
2013.03.28 00:39:12.166,1.06155,1.06172
2013.03.28 00:39:12.836,1.06155,1.06173
2013.03.28 00:39:13.795,1.06156,1.06174
2013.03.28 00:39:14.717,1.06155,1.06174
2013.03.28 00:39:14.895,1.06156,1.06176
2013.03.28 00:39:15.403,1.06155,1.06176
2013.03.28 00:39:23.125,1.06155,1.06174
2013.03.28 00:39:24.933,1.06155,1.06175
2013.03.28 00:39:26.917,1.06155,1.06172
2013.03.28 00:39:40.568,1.06155,1.06174
2013.03.28 00:39:41.385,1.06155,1.06176
2013.03.28 00:39:41.446,1.06155,1.06177
2013.03.28 00:39:42.136,1.06156,1.06177
2013.03.28 00:39:44.006,1.06155,1.06177
2013.03.28 00:39:47.752,1.06156,1.06177
2013.03.28 00:39:51.974,1.06156,1.06177
2013.03.28 00:40:00.594,1.06156,1.06177
2013.03.28 00:40:07.527,1.06156,1.06177
2013.03.28 00:40:15.124,1.06156,1.06177
2013.03.28 00:40:17.233,1.06156,1.06177
2013.03.28 00:40:20.075,1.06156,1.06176
2013.03.28 00:40:41.465,1.06155,1.06175
2013.03.28 00:40:44.337,1.06155,1.06175
2013.03.28 00:41:20.189,1.06156,1.06177
2013.03.28 00:41:27.074,1.06156,1.06176
2013.03.28 00:41:36.761,1.06156,1.06176
2013.03.28 00:41:50.326,1.06155,1.06177
2013.03.28 00:41:52.357,1.06155,1.06177
2013.03.28 00:41:53.347,1.06156,1.06177
2013.03.28 00:41:54.636,1.06156,1.06175
2013.03.28 00:42:00.537,1.06156,1.06172
2013.03.28 00:42:05.387,1.06156,1.06168
2013.03.28 00:42:09.136,1.06142,1.06168
2013.03.28 00:42:09.197,1.0614,1.06168
2013.03.28 00:42:09.567,1.0614,1.06164
2013.03.28 00:42:14.196,1.06138,1.06162
2013.03.28 00:42:16.168,1.0614,1.06162
2013.03.28 00:42:16.546,1.06143,1.06167
2013.03.28 00:42:17.327,1.06143,1.06165
2013.03.28 00:42:21.353,1.06141,1.06166
2013.03.28 00:42:29.506,1.06142,1.06166
2013.03.28 00:42:30.587,1.06145,1.06168
2013.03.28 00:42:38.125,1.06145,1.06166
2013.03.28 00:42:39.293,1.06145,1.06166
2013.03.28 00:42:44.727,1.06145,1.06166
2013.03.28 00:42:45.595,1.0614,1.06166
2013.03.28 00:42:46.017,1.0614,1.06166
2013.03.28 00:42:47.316,1.0614,1.06166
2013.03.28 00:42:47.822,1.06141,1.06166
2013.03.28 00:42:52.786,1.06141,1.06166
2013.03.28 00:42:56.954,1.06142,1.06167
2013.03.28 00:43:04.116,1.06142,1.06167
2013.03.28 00:43:04.657,1.06142,1.06165
2013.03.28 00:43:12.197,1.06142,1.06165
2013.03.28 00:43:12.756,1.06142,1.06166
2013.03.28 00:43:16.437,1.06142,1.06164
2013.03.28 00:43:19.314,1.06142,1.06167
2013.03.28 00:43:21.396,1.06142,1.06167
2013.03.28 00:43:21.880,1.06141,1.06164
2013.03.28 00:43:21.951,1.0614,1.06162
2013.03.28 00:43:22.258,1.06135,1.06162
2013.03.28 00:43:22.867,1.06135,1.06162
2013.03.28 00:43:24.530,1.06134,1.06159
2013.03.28 00:43:24.597,1.06134,1.06159
2013.03.28 00:43:32.398,1.06132,1.06156
2013.03.28 00:43:32.947,1.06132,1.06156
2013.03.28 00:43:33.504,1.06132,1.06156
2013.03.28 00:43:37.906,1.06132,1.06157
2013.03.28 00:43:42.725,1.06136,1.06159
2013.03.28 00:43:43.157,1.06137,1.06161
2013.03.28 00:43:44.138,1.06138,1.06162
2013.03.28 00:43:46.554,1.06138,1.06161
2013.03.28 00:43:46.678,1.06137,1.0616
2013.03.28 00:43:48.176,1.06136,1.06158
2013.03.28 00:44:08.246,1.06133,1.06159
2013.03.28 00:44:15.238,1.06133,1.06158
2013.03.28 00:44:17.137,1.06133,1.06158
2013.03.28 00:44:20.861,1.06134,1.0616
2013.03.28 00:44:21.387,1.06134,1.0616
2013.03.28 00:44:21.446,1.06134,1.06158
2013.03.28 00:45:00.253,1.06135,1.06158
2013.03.28 00:45:04.027,1.06133,1.06157
2013.03.28 00:45:08.548,1.06132,1.06157
2013.03.28 00:45:12.167,1.06133,1.06157
2013.03.28 00:45:13.616,1.06131,1.06155
2013.03.28 00:45:13.918,1.06135,1.06158
2013.03.28 00:45:13.976,1.06136,1.06159
2013.03.28 00:45:23.366,1.06135,1.0616
2013.03.28 00:45:24.610,1.06136,1.0616
2013.03.28 00:45:25.192,1.06136,1.0616
2013.03.28 00:45:25.668,1.06136,1.06158
2013.03.28 00:45:25.726,1.06136,1.06156
2013.03.28 00:45:26.146,1.06136,1.06158
2013.03.28 00:45:26.698,1.06135,1.06159
2013.03.28 00:45:31.341,1.06135,1.06159
2013.03.28 00:45:33.448,1.06135,1.06159
2013.03.28 00:45:33.876,1.06135,1.06159
2013.03.28 00:45:38.757,1.06136,1.06159
2013.03.28 00:45:40.176,1.06135,1.06158
2013.03.28 00:45:41.126,1.06133,1.06158
2013.03.28 00:45:41.563,1.06135,1.06158
2013.03.28 00:45:49.332,1.06135,1.06158
2013.03.28 00:45:50.498,1.06135,1.06158
2013.03.28 00:46:02.546,1.06135,1.06159
2013.03.28 00:46:05.677,1.06135,1.06159
2013.03.28 00:46:06.349,1.06135,1.06161
2013.03.28 00:46:08.593,1.06135,1.06161
2013.03.28 00:46:09.178,1.06137,1.06161
2013.03.28 00:46:16.337,1.06138,1.06162
2013.03.28 00:46:16.889,1.06138,1.0616
2013.03.28 00:46:17.826,1.06138,1.06159
2013.03.28 00:46:18.665,1.06141,1.06161
2013.03.28 00:46:23.621,1.06141,1.0616
2013.03.28 00:46:24.171,1.06139,1.06159
2013.03.28 00:46:25.659,1.06139,1.06157
2013.03.28 00:46:29.217,1.06141,1.06157
2013.03.28 00:46:29.398,1.06141,1.0616
2013.03.28 00:46:29.926,1.06141,1.06161
2013.03.28 00:46:30.458,1.06141,1.06159
2013.03.28 00:46:30.716,1.06141,1.06162
2013.03.28 00:46:32.137,1.06141,1.06162
2013.03.28 00:46:32.456,1.06141,1.06159
2013.03.28 00:46:36.218,1.0614,1.06161
2013.03.28 00:46:36.646,1.0614,1.06159
2013.03.28 00:46:39.377,1.06137,1.06159
2013.03.28 00:46:41.388,1.06137,1.06159
2013.03.28 00:46:42.656,1.06133,1.06158
2013.03.28 00:46:43.281,1.06134,1.0616
2013.03.28 00:46:44.777,1.06136,1.06161
2013.03.28 00:46:45.069,1.06136,1.06159
2013.03.28 00:47:02.596,1.06133,1.06158
2013.03.28 00:47:02.716,1.06131,1.06157
2013.03.28 00:47:13.366,1.06132,1.06156
2013.03.28 00:47:27.081,1.06131,1.06156
2013.03.28 00:47:27.586,1.06131,1.06157
2013.03.28 00:47:28.627,1.06133,1.06157
2013.03.28 00:47:28.866,1.06136,1.06159
2013.03.28 00:47:28.986,1.06136,1.06159
2013.03.28 00:47:29.618,1.06136,1.06159
2013.03.28 00:47:40.871,1.06136,1.06159
2013.03.28 00:47:41.418,1.06136,1.06159
2013.03.28 00:47:46.636,1.06136,1.06159
2013.03.28 00:47:47.146,1.06136,1.06159
2013.03.28 00:47:48.704,1.06136,1.06159
2013.03.28 00:47:50.056,1.06137,1.06159
2013.03.28 00:47:50.634,1.06137,1.0616
2013.03.28 00:47:50.877,1.06142,1.06162
2013.03.28 00:47:51.407,1.06139,1.06161
2013.03.28 00:47:55.927,1.06139,1.06162
2013.03.28 00:47:57.202,1.06139,1.06163
2013.03.28 00:48:00.457,1.06139,1.06161
2013.03.28 00:48:01.657,1.06139,1.06163
2013.03.28 00:48:02.176,1.06138,1.06163
2013.03.28 00:48:02.436,1.06143,1.06167
2013.03.28 00:48:02.978,1.06143,1.06169
2013.03.28 00:48:04.158,1.06147,1.06172
2013.03.28 00:48:04.216,1.06147,1.06171
2013.03.28 00:48:04.757,1.06146,1.06172
2013.03.28 00:48:05.238,1.06148,1.06172
2013.03.28 00:48:07.148,1.06147,1.06172
2013.03.28 00:48:07.688,1.06148,1.06172
2013.03.28 00:48:13.377,1.06149,1.06173
2013.03.28 00:48:13.748,1.06151,1.06174
2013.03.28 00:48:16.028,1.0615,1.06174
2013.03.28 00:48:16.087,1.06147,1.06174
2013.03.28 00:48:17.097,1.06147,1.06173
2013.03.28 00:48:18.050,1.06147,1.06173
2013.03.28 00:48:18.396,1.06147,1.06172
2013.03.28 00:48:20.517,1.06146,1.06171
2013.03.28 00:48:20.636,1.06144,1.06169
2013.03.28 00:48:20.816,1.06143,1.06169
2013.03.28 00:48:21.351,1.06143,1.06169
2013.03.28 00:48:27.099,1.06143,1.06168
2013.03.28 00:48:27.347,1.06142,1.06168
2013.03.28 00:48:27.467,1.06141,1.06163
2013.03.28 00:48:27.586,1.06141,1.06165
2013.03.28 00:48:27.646,1.06137,1.06163
2013.03.28 00:48:27.708,1.06137,1.06163
2013.03.28 00:48:30.667,1.06137,1.06162
2013.03.28 00:48:33.487,1.06137,1.06161
2013.03.28 00:48:34.076,1.06137,1.06161
2013.03.28 00:48:35.966,1.06137,1.06161
2013.03.28 00:48:41.598,1.06137,1.06161
2013.03.28 00:48:43.806,1.06137,1.06161
2013.03.28 00:48:47.629,1.06138,1.0616
2013.03.28 00:49:07.724,1.06137,1.06159
2013.03.28 00:49:14.623,1.06138,1.06159
2013.03.28 00:49:18.637,1.06138,1.06159
2013.03.28 00:49:21.196,1.06137,1.06157
2013.03.28 00:49:23.817,1.06136,1.06157
2013.03.28 00:49:24.180,1.06132,1.06158
2013.03.28 00:49:24.358,1.06132,1.06158
2013.03.28 00:49:26.467,1.06132,1.06157
2013.03.28 00:49:28.856,1.06132,1.06158
2013.03.28 00:49:29.682,1.06137,1.06158
2013.03.28 00:49:34.953,1.06137,1.06157
2013.03.28 00:49:43.049,1.06133,1.06157
2013.03.28 00:49:43.915,1.06133,1.06157
2013.03.28 00:49:50.133,1.06134,1.06158
2013.03.28 00:50:16.606,1.06135,1.06158
2013.03.28 00:50:16.966,1.06131,1.06156
2013.03.28 00:50:20.178,1.06136,1.0616
2013.03.28 00:50:20.765,1.06137,1.06161
2013.03.28 00:50:31.637,1.06137,1.06161
2013.03.28 00:50:34.059,1.06137,1.06161
2013.03.28 00:50:47.096,1.0614,1.06164
2013.03.28 00:50:49.486,1.0614,1.06164
2013.03.28 00:50:57.057,1.0614,1.06166
2013.03.28 00:50:59.138,1.06143,1.06167
2013.03.28 00:51:00.611,1.06146,1.06169
2013.03.28 00:51:03.267,1.06143,1.06167
2013.03.28 00:51:03.387,1.06142,1.06165
2013.03.28 00:51:03.687,1.06143,1.06168
2013.03.28 00:51:04.179,1.06144,1.06169
2013.03.28 00:51:04.478,1.06146,1.06171
2013.03.28 00:51:08.434,1.06146,1.06171
2013.03.28 00:51:08.987,1.06144,1.06169
2013.03.28 00:51:09.492,1.06144,1.06169
2013.03.28 00:51:13.228,1.06145,1.06171
2013.03.28 00:51:14.677,1.06148,1.06172
2013.03.28 00:51:16.227,1.0615,1.06175
2013.03.28 00:51:22.869,1.0615,1.06174
2013.03.28 00:51:23.227,1.06146,1.06171
2013.03.28 00:51:23.876,1.06146,1.06169
2013.03.28 00:51:24.569,1.06145,1.0617
2013.03.28 00:51:24.887,1.06147,1.0617
2013.03.28 00:51:25.127,1.06146,1.0617
2013.03.28 00:51:25.307,1.06145,1.06169
2013.03.28 00:51:25.846,1.06143,1.06168
2013.03.28 00:51:26.066,1.06143,1.06167
2013.03.28 00:51:26.391,1.06143,1.06167
2013.03.28 00:51:28.517,1.06142,1.06167
2013.03.28 00:51:29.495,1.06141,1.06167
2013.03.28 00:51:30.638,1.06141,1.06167
2013.03.28 00:51:31.156,1.06147,1.06172
2013.03.28 00:51:35.913,1.06147,1.06172
2013.03.28 00:51:37.972,1.06147,1.06172
2013.03.28 00:51:45.257,1.06147,1.06173
2013.03.28 00:51:49.077,1.06156,1.06179
2013.03.28 00:51:49.317,1.06154,1.06178
2013.03.28 00:51:49.676,1.06154,1.06179
2013.03.28 00:51:50.097,1.06153,1.06178
2013.03.28 00:51:50.277,1.0615,1.06176
2013.03.28 00:52:01.859,1.06152,1.06176
2013.03.28 00:52:02.465,1.06154,1.06179
2013.03.28 00:52:03.283,1.06154,1.06179
2013.03.28 00:52:04.688,1.06156,1.06179
2013.03.28 00:52:06.425,1.06156,1.06177
2013.03.28 00:52:11.247,1.06157,1.06177
2013.03.28 00:52:11.307,1.06157,1.0618
2013.03.28 00:52:14.827,1.06158,1.0618
2013.03.28 00:52:20.246,1.0616,1.06182
2013.03.28 00:52:35.177,1.0616,1.06184
2013.03.28 00:52:35.717,1.06161,1.06185
2013.03.28 00:52:35.957,1.06161,1.06187
2013.03.28 00:52:36.077,1.06163,1.06188
2013.03.28 00:52:37.397,1.06163,1.06188
2013.03.28 00:52:37.458,1.06163,1.06186
2013.03.28 00:52:37.517,1.0616,1.06184
2013.03.28 00:52:42.402,1.0616,1.06184
2013.03.28 00:52:42.897,1.06158,1.06182
2013.03.28 00:52:43.147,1.06155,1.06179
2013.03.28 00:52:43.338,1.06156,1.06179
2013.03.28 00:52:43.577,1.0616,1.06184
2013.03.28 00:52:43.758,1.0616,1.06184
2013.03.28 00:52:44.662,1.06161,1.06185
2013.03.28 00:52:45.876,1.0616,1.06184
2013.03.28 00:52:46.380,1.06159,1.06184
2013.03.28 00:52:47.366,1.0616,1.06184
2013.03.28 00:52:51.106,1.06159,1.06184
2013.03.28 00:52:54.258,1.06159,1.06185
2013.03.28 00:52:54.317,1.06159,1.06185
2013.03.28 00:52:54.459,1.06158,1.06183
2013.03.28 00:52:57.819,1.06158,1.06181
2013.03.28 00:53:02.966,1.06158,1.06183
2013.03.28 00:53:09.487,1.06158,1.06183
2013.03.28 00:53:12.817,1.06159,1.06184
2013.03.28 00:53:13.109,1.06159,1.06184
2013.03.28 00:53:13.687,1.0616,1.06184
2013.03.28 00:53:22.668,1.06162,1.06186
2013.03.28 00:53:22.846,1.06163,1.06188
2013.03.28 00:53:23.088,1.06164,1.0619
2013.03.28 00:53:23.267,1.06165,1.0619
2013.03.28 00:53:23.626,1.06167,1.06191
2013.03.28 00:53:26.658,1.06167,1.06191
2013.03.28 00:53:32.327,1.06169,1.06193
2013.03.28 00:53:32.637,1.06176,1.06196
2013.03.28 00:53:33.627,1.06176,1.06196
2013.03.28 00:53:34.163,1.06175,1.06197
2013.03.28 00:53:40.795,1.06174,1.06196
2013.03.28 00:53:41.157,1.06174,1.06195
2013.03.28 00:53:41.722,1.06176,1.06196
2013.03.28 00:53:51.198,1.06177,1.06196
2013.03.28 00:53:52.506,1.06177,1.06196
2013.03.28 00:53:56.653,1.06177,1.0619
2013.03.28 00:53:57.018,1.06168,1.06189
2013.03.28 00:53:57.078,1.06167,1.06189
2013.03.28 00:53:57.400,1.06161,1.06187
2013.03.28 00:54:03.677,1.06161,1.06187
2013.03.28 00:54:04.038,1.06171,1.06192
2013.03.28 00:54:04.339,1.06172,1.06194
2013.03.28 00:54:04.637,1.06172,1.06195
2013.03.28 00:54:05.393,1.06172,1.06194
2013.03.28 00:54:05.888,1.06171,1.06194
2013.03.28 00:54:06.437,1.06171,1.06194
2013.03.28 00:54:08.057,1.06172,1.06194
2013.03.28 00:54:08.585,1.06172,1.06194
2013.03.28 00:54:09.591,1.06175,1.06195
2013.03.28 00:54:12.537,1.06175,1.06195
2013.03.28 00:54:13.316,1.06173,1.06194
2013.03.28 00:54:13.934,1.06172,1.06194
2013.03.28 00:54:15.158,1.06171,1.06194
2013.03.28 00:54:16.008,1.06171,1.06194
2013.03.28 00:54:24.387,1.0617,1.06194
2013.03.28 00:54:26.130,1.0617,1.06194
2013.03.28 00:54:27.665,1.0617,1.06192
2013.03.28 00:54:27.907,1.0617,1.06192
2013.03.28 00:54:28.457,1.06165,1.06191
2013.03.28 00:54:28.577,1.06165,1.06189
2013.03.28 00:54:28.637,1.06165,1.06187
2013.03.28 00:54:28.942,1.06161,1.06186
2013.03.28 00:54:29.479,1.06161,1.06183
2013.03.28 00:54:31.084,1.0616,1.06186
2013.03.28 00:54:34.740,1.0616,1.06184
2013.03.28 00:54:40.111,1.0616,1.06184
2013.03.28 00:54:40.518,1.0616,1.06184
2013.03.28 00:54:41.098,1.06159,1.06182
2013.03.28 00:54:41.941,1.06159,1.06182
2013.03.28 00:54:42.388,1.06159,1.06182
2013.03.28 00:54:42.748,1.06164,1.06186
2013.03.28 00:54:42.867,1.06164,1.06186
2013.03.28 00:54:43.432,1.06166,1.06189
2013.03.28 00:54:43.797,1.06166,1.06187
2013.03.28 00:54:44.848,1.06165,1.06187
2013.03.28 00:54:46.167,1.06165,1.06189
2013.03.28 00:54:49.668,1.06165,1.06189
2013.03.28 00:54:49.788,1.06163,1.06188
2013.03.28 00:54:50.117,1.06163,1.06187
2013.03.28 00:54:50.477,1.06166,1.06191
2013.03.28 00:54:52.557,1.06166,1.0619
2013.03.28 00:54:52.678,1.06166,1.06189
2013.03.28 00:54:54.289,1.06166,1.06189
2013.03.28 00:54:54.648,1.06165,1.06186
2013.03.28 00:54:57.177,1.06165,1.06186
2013.03.28 00:54:58.938,1.06161,1.06184
2013.03.28 00:54:59.127,1.0616,1.06184
2013.03.28 00:55:00.096,1.0616,1.06184
2013.03.28 00:55:00.159,1.0616,1.06182
2013.03.28 00:55:00.400,1.06156,1.0618
2013.03.28 00:55:00.468,1.06154,1.0618
2013.03.28 00:55:00.770,1.06154,1.0618
2013.03.28 00:55:00.979,1.06151,1.06175
2013.03.28 00:55:01.858,1.06151,1.06175
2013.03.28 00:55:02.768,1.06151,1.06175
2013.03.28 00:55:03.338,1.06151,1.06177
2013.03.28 00:55:04.586,1.06151,1.06176
2013.03.28 00:55:06.372,1.06151,1.06176
2013.03.28 00:55:07.368,1.06152,1.06177
2013.03.28 00:55:07.488,1.06156,1.06182
2013.03.28 00:55:07.997,1.06159,1.06184
2013.03.28 00:55:13.081,1.06159,1.06183
2013.03.28 00:55:13.480,1.06159,1.06182
2013.03.28 00:55:14.218,1.06159,1.06182
2013.03.28 00:55:18.060,1.06157,1.06182
2013.03.28 00:55:18.723,1.06157,1.06182
2013.03.28 00:55:20.047,1.06157,1.06182
2013.03.28 00:55:29.120,1.06154,1.06177
2013.03.28 00:55:30.177,1.06154,1.06177
2013.03.28 00:55:30.297,1.06152,1.06177
2013.03.28 00:55:32.389,1.06152,1.06177
2013.03.28 00:55:33.003,1.06154,1.06178
2013.03.28 00:55:35.284,1.06154,1.06178
2013.03.28 00:55:35.477,1.06152,1.06176
2013.03.28 00:55:46.697,1.06151,1.06175
2013.03.28 00:55:46.837,1.06151,1.06175
2013.03.28 00:55:52.550,1.06149,1.06175
2013.03.28 00:55:56.117,1.06149,1.06175
2013.03.28 00:55:57.068,1.06149,1.06175
2013.03.28 00:55:57.673,1.06152,1.06176
2013.03.28 00:56:02.707,1.06153,1.06178
2013.03.28 00:56:03.493,1.06152,1.06177
2013.03.28 00:56:05.099,1.06153,1.06177
2013.03.28 00:56:06.203,1.06152,1.06177
2013.03.28 00:56:07.348,1.06152,1.06177
2013.03.28 00:56:08.714,1.06152,1.06176
2013.03.28 00:56:09.018,1.06151,1.06175
2013.03.28 00:56:12.627,1.06149,1.0617
2013.03.28 00:56:13.657,1.06145,1.0617
2013.03.28 00:56:19.407,1.06145,1.06168
2013.03.28 00:56:20.163,1.06142,1.06169
2013.03.28 00:56:20.347,1.06143,1.06168
2013.03.28 00:56:21.323,1.06142,1.06169
2013.03.28 00:56:21.548,1.06141,1.06168
2013.03.28 00:56:22.157,1.0614,1.06165
2013.03.28 00:56:22.697,1.0614,1.06165
2013.03.28 00:56:25.687,1.0614,1.06164
2013.03.28 00:56:26.417,1.0614,1.06164
2013.03.28 00:56:27.198,1.06141,1.06165
2013.03.28 00:56:33.298,1.06137,1.06163
2013.03.28 00:56:33.657,1.06137,1.06161
2013.03.28 00:56:36.897,1.06137,1.06161
2013.03.28 00:56:45.337,1.06135,1.06159
2013.03.28 00:56:45.577,1.06133,1.06159
2013.03.28 00:56:53.747,1.06133,1.06157
2013.03.28 00:56:58.298,1.06131,1.06156
2013.03.28 00:56:58.867,1.06131,1.06156
2013.03.28 00:56:59.228,1.06129,1.06153
2013.03.28 00:56:59.408,1.06127,1.06151
2013.03.28 00:57:00.682,1.06126,1.0615
2013.03.28 00:57:01.619,1.06126,1.0615
2013.03.28 00:57:01.799,1.06133,1.06152
2013.03.28 00:57:01.858,1.06131,1.06157
2013.03.28 00:57:02.038,1.0613,1.06155
2013.03.28 00:57:02.877,1.0613,1.06154
2013.03.28 00:57:06.882,1.0613,1.06154
2013.03.28 00:57:06.947,1.0613,1.06152
2013.03.28 00:57:07.872,1.0613,1.06152
2013.03.28 00:57:08.549,1.06131,1.06155
2013.03.28 00:57:09.227,1.06131,1.06154
2013.03.28 00:57:09.754,1.06131,1.06155
2013.03.28 00:57:10.628,1.0613,1.06153
2013.03.28 00:57:10.927,1.06127,1.06151
2013.03.28 00:57:11.407,1.06131,1.06155
2013.03.28 00:57:12.568,1.06131,1.06155
2013.03.28 00:57:16.969,1.06131,1.06155
2013.03.28 00:57:17.568,1.06129,1.06152
2013.03.28 00:57:19.277,1.06129,1.06153
2013.03.28 00:57:19.885,1.06129,1.06155
2013.03.28 00:57:21.629,1.06129,1.06154
2013.03.28 00:57:21.688,1.06129,1.0615
2013.03.28 00:57:22.237,1.06125,1.0615
2013.03.28 00:57:23.173,1.06127,1.06153
2013.03.28 00:57:25.500,1.0613,1.06155
2013.03.28 00:57:26.894,1.06132,1.06154
2013.03.28 00:57:27.447,1.0613,1.06153
2013.03.28 00:57:28.833,1.0613,1.06155
2013.03.28 00:57:29.438,1.06133,1.06155
2013.03.28 00:57:40.877,1.06134,1.06156
2013.03.28 00:57:41.058,1.06136,1.0616
2013.03.28 00:58:00.848,1.06136,1.0616
2013.03.28 00:58:03.549,1.06135,1.06162
2013.03.28 00:58:08.461,1.06136,1.06162
2013.03.28 00:58:08.828,1.06136,1.06162
2013.03.28 00:58:18.920,1.06135,1.06158
2013.03.28 00:58:19.519,1.06132,1.06156
2013.03.28 00:58:25.305,1.06132,1.06155
2013.03.28 00:58:25.648,1.06137,1.06158
2013.03.28 00:58:25.887,1.06137,1.06161
2013.03.28 00:58:27.027,1.06135,1.0616
2013.03.28 00:58:27.147,1.06135,1.06159
2013.03.28 00:58:30.469,1.06137,1.06159
2013.03.28 00:58:30.528,1.06137,1.06161
2013.03.28 00:58:30.648,1.06137,1.06163
2013.03.28 00:58:31.474,1.06141,1.06164
2013.03.28 00:58:32.688,1.06141,1.06164
2013.03.28 00:58:33.898,1.06142,1.06166
2013.03.28 00:58:34.138,1.06151,1.06174
2013.03.28 00:58:34.677,1.06152,1.06175
2013.03.28 00:58:38.452,1.06151,1.06174
2013.03.28 00:58:38.698,1.06148,1.06173
2013.03.28 00:58:38.999,1.06146,1.06172
2013.03.28 00:58:39.358,1.06142,1.06167
2013.03.28 00:58:41.397,1.06145,1.0617
2013.03.28 00:58:41.638,1.06149,1.06173
2013.03.28 00:58:42.617,1.0615,1.06171
2013.03.28 00:58:42.739,1.0615,1.06174
2013.03.28 00:58:43.248,1.06149,1.06174
2013.03.28 00:58:43.429,1.06147,1.06173
2013.03.28 00:58:43.609,1.06147,1.06172
2013.03.28 00:58:44.361,1.06145,1.06169
2013.03.28 00:58:44.435,1.06146,1.06169
2013.03.28 00:58:45.548,1.06144,1.06169
2013.03.28 00:58:49.060,1.06143,1.06169
2013.03.28 00:58:49.298,1.06144,1.06169
2013.03.28 00:58:49.599,1.06144,1.06167
2013.03.28 00:58:49.659,1.06144,1.06167
2013.03.28 00:58:50.382,1.06142,1.06167
2013.03.28 00:58:50.748,1.06139,1.06164
2013.03.28 00:58:53.828,1.06139,1.06164
2013.03.28 00:58:53.888,1.06137,1.06162
2013.03.28 00:58:53.947,1.06135,1.0616
2013.03.28 00:59:02.047,1.06136,1.06162
2013.03.28 00:59:02.228,1.06137,1.06165
2013.03.28 00:59:02.288,1.06139,1.06166
2013.03.28 00:59:02.347,1.0614,1.06166
2013.03.28 00:59:02.827,1.06145,1.06169
2013.03.28 00:59:03.189,1.06147,1.06172
2013.03.28 00:59:03.369,1.06149,1.06173
2013.03.28 00:59:03.738,1.06151,1.06176
2013.03.28 00:59:03.797,1.06152,1.06179
2013.03.28 00:59:17.639,1.06154,1.06179
2013.03.28 00:59:17.699,1.06156,1.0618
2013.03.28 00:59:18.434,1.06156,1.06179
2013.03.28 00:59:23.507,1.06155,1.06179
2013.03.28 00:59:40.057,1.06155,1.06182
2013.03.28 00:59:48.252,1.06156,1.06183
2013.03.28 00:59:49.770,1.06156,1.06183
2013.03.28 00:59:53.917,1.06156,1.06183
2013.03.28 00:59:55.138,1.06156,1.06183
2013.03.28 00:59:55.439,1.06151,1.06177
2013.03.28 00:59:59.790,1.06152,1.06177
2013.03.28 01:00:01.696,1.06153,1.06178
2013.03.28 01:00:05.537,1.06152,1.06178
2013.03.28 01:00:06.367,1.06152,1.06177
2013.03.28 01:00:06.728,1.06153,1.06177
2013.03.28 01:00:08.118,1.06153,1.06177
2013.03.28 01:00:15.811,1.06154,1.06178
2013.03.28 01:00:16.300,1.06156,1.06181
2013.03.28 01:00:16.657,1.06159,1.06182
2013.03.28 01:00:18.845,1.06159,1.06183
2013.03.28 01:00:19.399,1.06161,1.06186
2013.03.28 01:00:24.189,1.06159,1.06184
2013.03.28 01:00:28.887,1.06161,1.06186
2013.03.28 01:00:29.468,1.06162,1.06186
2013.03.28 01:00:29.587,1.06163,1.06188
2013.03.28 01:00:29.647,1.06163,1.06188
2013.03.28 01:00:30.589,1.06163,1.06189
2013.03.28 01:00:31.868,1.06163,1.06189
2013.03.28 01:00:31.930,1.06162,1.06185
2013.03.28 01:00:32.108,1.06159,1.06184
2013.03.28 01:00:32.298,1.06158,1.06184
2013.03.28 01:00:32.627,1.06155,1.0618
2013.03.28 01:00:40.117,1.06155,1.06179
2013.03.28 01:00:40.427,1.06154,1.06178
2013.03.28 01:00:44.278,1.06154,1.0618
2013.03.28 01:00:45.324,1.06154,1.06178
2013.03.28 01:00:45.549,1.06154,1.0618
2013.03.28 01:00:45.667,1.06156,1.0618
2013.03.28 01:00:48.508,1.06156,1.06182
2013.03.28 01:00:51.389,1.06158,1.06182
2013.03.28 01:00:51.868,1.06156,1.06181
2013.03.28 01:00:53.082,1.06158,1.06182
2013.03.28 01:00:53.458,1.06158,1.06184
2013.03.28 01:00:53.699,1.06161,1.06185
2013.03.28 01:00:56.398,1.06163,1.06186
2013.03.28 01:01:01.046,1.06161,1.06185
2013.03.28 01:01:04.187,1.06158,1.06183
2013.03.28 01:01:04.717,1.06157,1.06179
2013.03.28 01:01:05.054,1.06157,1.06181
2013.03.28 01:01:05.631,1.06159,1.06183
2013.03.28 01:01:07.278,1.06159,1.06182
2013.03.28 01:01:07.397,1.06159,1.06184
2013.03.28 01:01:09.617,1.06158,1.06184
2013.03.28 01:01:10.158,1.06158,1.06183
2013.03.28 01:01:10.338,1.06158,1.06182
2013.03.28 01:01:10.819,1.06155,1.06179
2013.03.28 01:01:10.938,1.06155,1.06178
2013.03.28 01:01:16.198,1.06152,1.06178
2013.03.28 01:01:16.538,1.06152,1.06176
2013.03.28 01:01:21.388,1.06155,1.06176
2013.03.28 01:01:21.568,1.06155,1.06179
2013.03.28 01:01:25.878,1.06155,1.06179
2013.03.28 01:01:30.998,1.06156,1.06179
2013.03.28 01:01:40.268,1.06156,1.06182
2013.03.28 01:01:40.907,1.06156,1.06181
2013.03.28 01:01:41.970,1.06157,1.06181
2013.03.28 01:01:48.168,1.06157,1.06181
2013.03.28 01:01:48.347,1.06152,1.06178
2013.03.28 01:01:49.689,1.06151,1.06178
2013.03.28 01:01:51.728,1.06152,1.06178
2013.03.28 01:01:52.078,1.06152,1.06175
2013.03.28 01:01:52.198,1.06151,1.06174
2013.03.28 01:01:58.969,1.06151,1.06174
2013.03.28 01:02:01.725,1.06151,1.06176
2013.03.28 01:02:05.400,1.06151,1.06175
2013.03.28 01:02:06.350,1.06151,1.06173
2013.03.28 01:02:23.668,1.06151,1.06176
2013.03.28 01:02:24.288,1.06151,1.06177
2013.03.28 01:02:26.591,1.06151,1.06175
2013.03.28 01:02:34.638,1.06154,1.06178
2013.03.28 01:02:34.698,1.06155,1.06179
2013.03.28 01:02:34.878,1.06156,1.06179
2013.03.28 01:02:41.499,1.06156,1.06176
2013.03.28 01:02:41.679,1.06155,1.06176
2013.03.28 01:02:41.978,1.06152,1.06177
2013.03.28 01:02:43.293,1.06151,1.06176
2013.03.28 01:02:44.637,1.06151,1.06177
2013.03.28 01:02:44.998,1.06153,1.06178
2013.03.28 01:02:45.060,1.06155,1.06179
2013.03.28 01:02:46.228,1.06157,1.06183
2013.03.28 01:02:47.608,1.06157,1.06183
2013.03.28 01:02:51.848,1.06158,1.06183
2013.03.28 01:02:53.328,1.06157,1.06183
2013.03.28 01:02:53.858,1.06157,1.06183
2013.03.28 01:02:58.157,1.06157,1.06183
2013.03.28 01:02:59.732,1.06157,1.06182
2013.03.28 01:02:59.898,1.06157,1.06183
2013.03.28 01:03:03.387,1.06157,1.06183
2013.03.28 01:03:05.158,1.06158,1.06183
2013.03.28 01:03:11.858,1.06158,1.06182
2013.03.28 01:03:13.197,1.06158,1.06183
2013.03.28 01:03:13.518,1.06158,1.06179
2013.03.28 01:03:14.084,1.06158,1.06181
2013.03.28 01:03:19.929,1.06158,1.06179
2013.03.28 01:03:19.997,1.06158,1.0618
2013.03.28 01:03:25.078,1.06156,1.0618
2013.03.28 01:03:25.367,1.06157,1.06182
2013.03.28 01:03:27.688,1.06159,1.06183
2013.03.28 01:03:32.848,1.06161,1.06184
2013.03.28 01:03:48.796,1.06159,1.06183
2013.03.28 01:03:52.916,1.06158,1.06184
2013.03.28 01:03:53.455,1.06157,1.06184
2013.03.28 01:03:54.135,1.06157,1.06183
2013.03.28 01:03:59.788,1.06157,1.06183
2013.03.28 01:04:02.920,1.06157,1.06183
2013.03.28 01:04:04.049,1.06158,1.06183
2013.03.28 01:04:06.697,1.06157,1.06183
2013.03.28 01:04:44.306,1.06162,1.06186
2013.03.28 01:04:44.548,1.06166,1.0619
2013.03.28 01:04:46.661,1.06167,1.06192
2013.03.28 01:04:48.178,1.06167,1.06192
2013.03.28 01:04:49.776,1.06167,1.06192
2013.03.28 01:04:51.788,1.06169,1.06193
2013.03.28 01:04:52.510,1.06167,1.06192
2013.03.28 01:04:52.569,1.06166,1.0619
2013.03.28 01:04:52.689,1.06164,1.06188
2013.03.28 01:04:53.048,1.06161,1.06187
2013.03.28 01:04:53.348,1.06165,1.06189
2013.03.28 01:04:54.021,1.06166,1.06192
2013.03.28 01:04:54.158,1.06166,1.06192
2013.03.28 01:04:54.340,1.0617,1.06193
2013.03.28 01:04:54.649,1.06173,1.06196
2013.03.28 01:04:54.770,1.06173,1.06198
2013.03.28 01:04:54.829,1.06172,1.06198
2013.03.28 01:04:54.949,1.06173,1.06198
2013.03.28 01:04:55.311,1.06177,1.06198
2013.03.28 01:05:01.088,1.06176,1.06199
2013.03.28 01:05:01.714,1.06176,1.06199
2013.03.28 01:05:02.799,1.06176,1.06199
2013.03.28 01:05:03.317,1.06176,1.06198
2013.03.28 01:05:10.225,1.06177,1.06198
2013.03.28 01:05:10.529,1.06179,1.06198
2013.03.28 01:05:11.088,1.0618,1.06199
2013.03.28 01:05:11.710,1.06182,1.06198
2013.03.28 01:05:12.629,1.06182,1.06198
2013.03.28 01:05:13.088,1.06182,1.06198
2013.03.28 01:05:13.331,1.06182,1.06199
2013.03.28 01:05:13.388,1.06182,1.06199
2013.03.28 01:05:13.988,1.06182,1.06199
2013.03.28 01:05:14.529,1.06182,1.06198
2013.03.28 01:05:14.838,1.06184,1.06198
2013.03.28 01:05:32.084,1.06184,1.06198
2013.03.28 01:05:42.359,1.06182,1.06198
2013.03.28 01:05:42.884,1.06182,1.06199
2013.03.28 01:05:43.308,1.06182,1.06199
2013.03.28 01:05:44.058,1.06177,1.06199
2013.03.28 01:05:44.795,1.06177,1.06199
2013.03.28 01:05:47.457,1.06177,1.06199
2013.03.28 01:05:51.868,1.06177,1.06198
2013.03.28 01:05:52.229,1.06177,1.06197
2013.03.28 01:05:53.697,1.06174,1.06198
2013.03.28 01:05:54.068,1.06175,1.06198
2013.03.28 01:05:59.569,1.06176,1.06198
2013.03.28 01:06:07.159,1.06171,1.06197
2013.03.28 01:06:12.098,1.06176,1.06199
2013.03.28 01:06:17.179,1.06176,1.06199
2013.03.28 01:06:17.719,1.06175,1.06199
2013.03.28 01:06:25.176,1.06175,1.06199
2013.03.28 01:06:30.567,1.06175,1.06199
2013.03.28 01:06:42.759,1.06177,1.06198
2013.03.28 01:06:57.783,1.06177,1.06198
2013.03.28 01:06:59.478,1.06177,1.06197
2013.03.28 01:07:04.089,1.06171,1.06195
2013.03.28 01:07:05.098,1.06171,1.06196
2013.03.28 01:07:08.419,1.06171,1.06194
2013.03.28 01:07:14.898,1.06172,1.06196
2013.03.28 01:07:15.199,1.06176,1.06198
2013.03.28 01:07:26.380,1.06174,1.06199
2013.03.28 01:07:30.189,1.06176,1.06199
2013.03.28 01:07:34.138,1.06176,1.06199
2013.03.28 01:07:36.573,1.06176,1.06199
2013.03.28 01:07:39.509,1.06176,1.06199
2013.03.28 01:07:59.676,1.06176,1.06198
2013.03.28 01:08:17.180,1.06179,1.06198
2013.03.28 01:08:17.740,1.06184,1.06199
2013.03.28 01:08:23.592,1.06181,1.06199
2013.03.28 01:08:25.941,1.06181,1.06198
2013.03.28 01:08:26.122,1.06181,1.06198
2013.03.28 01:08:26.788,1.0618,1.06199
2013.03.28 01:08:30.738,1.06181,1.06199
2013.03.28 01:08:31.420,1.0618,1.06198
2013.03.28 01:08:35.989,1.0618,1.06199
2013.03.28 01:08:36.800,1.06183,1.06199
2013.03.28 01:08:37.159,1.06189,1.06209
2013.03.28 01:08:37.729,1.06189,1.06204
2013.03.28 01:08:38.269,1.06189,1.06202
2013.03.28 01:08:40.108,1.06188,1.06202
2013.03.28 01:08:40.668,1.06189,1.06203
2013.03.28 01:08:42.898,1.06189,1.06203
2013.03.28 01:08:43.622,1.06191,1.06203
2013.03.28 01:08:43.979,1.06191,1.06209
2013.03.28 01:08:44.099,1.06191,1.06209
2013.03.28 01:08:44.601,1.06191,1.06209
2013.03.28 01:08:45.118,1.0619,1.0621
2013.03.28 01:08:45.668,1.06189,1.0621
2013.03.28 01:08:48.781,1.0619,1.0621
2013.03.28 01:08:49.395,1.06186,1.06209
2013.03.28 01:08:49.969,1.06193,1.06211
2013.03.28 01:08:50.148,1.06189,1.06208
2013.03.28 01:08:50.689,1.06192,1.06209
2013.03.28 01:08:51.229,1.06193,1.06215
2013.03.28 01:08:51.858,1.06191,1.06215
2013.03.28 01:08:52.099,1.06189,1.06206
2013.03.28 01:08:52.159,1.06186,1.06206
2013.03.28 01:08:52.281,1.06186,1.06205
2013.03.28 01:08:52.468,1.06182,1.06203
2013.03.28 01:08:52.721,1.06182,1.06206
2013.03.28 01:08:53.078,1.06182,1.06206
2013.03.28 01:08:53.608,1.06183,1.06207
2013.03.28 01:08:54.481,1.06185,1.06207
2013.03.28 01:08:54.993,1.06185,1.06209
2013.03.28 01:08:55.724,1.06185,1.06211
2013.03.28 01:08:58.570,1.06185,1.06209
2013.03.28 01:08:59.108,1.06187,1.06209
2013.03.28 01:08:59.938,1.06185,1.06208
2013.03.28 01:09:00.119,1.06185,1.06209
2013.03.28 01:09:00.658,1.06184,1.0621
2013.03.28 01:09:00.968,1.06191,1.06214
2013.03.28 01:09:01.089,1.06189,1.06211
2013.03.28 01:09:01.458,1.06187,1.06211
2013.03.28 01:09:01.699,1.06189,1.06211
2013.03.28 01:09:03.368,1.06191,1.06211
2013.03.28 01:09:06.098,1.06191,1.06211
2013.03.28 01:09:06.158,1.06187,1.06211
2013.03.28 01:09:06.399,1.06184,1.06207
2013.03.28 01:09:06.581,1.06184,1.06208
2013.03.28 01:09:06.640,1.06184,1.06208
2013.03.28 01:09:07.460,1.06181,1.06206
2013.03.28 01:09:09.128,1.06181,1.06206
2013.03.28 01:09:09.319,1.06178,1.06201
2013.03.28 01:09:09.862,1.06175,1.06201
2013.03.28 01:09:10.418,1.06175,1.06201
2013.03.28 01:09:10.599,1.06174,1.06199
2013.03.28 01:09:10.958,1.06171,1.06195
2013.03.28 01:09:11.260,1.06169,1.06195
2013.03.28 01:09:11.623,1.06167,1.06192
2013.03.28 01:09:13.052,1.06167,1.06192
2013.03.28 01:09:13.648,1.06169,1.06192
2013.03.28 01:09:14.009,1.06169,1.06194
2013.03.28 01:09:14.068,1.06168,1.06194
2013.03.28 01:09:14.618,1.06169,1.06193
2013.03.28 01:09:22.269,1.06172,1.06194
2013.03.28 01:09:23.723,1.0617,1.06194
2013.03.28 01:09:24.029,1.06168,1.06192
2013.03.28 01:09:25.356,1.06171,1.06192
2013.03.28 01:09:25.430,1.06175,1.06198
2013.03.28 01:09:27.419,1.06173,1.06198
2013.03.28 01:09:28.413,1.06172,1.06195
2013.03.28 01:09:28.488,1.06168,1.06195
2013.03.28 01:09:29.110,1.06169,1.06195
2013.03.28 01:09:30.219,1.06172,1.06198
2013.03.28 01:09:31.122,1.06172,1.06196
2013.03.28 01:09:31.309,1.06171,1.06194
2013.03.28 01:09:33.290,1.06169,1.06192
2013.03.28 01:09:33.419,1.06166,1.06192
2013.03.28 01:09:51.480,1.06166,1.0619
2013.03.28 01:09:58.399,1.06164,1.06188
2013.03.28 01:09:59.877,1.06164,1.06188
2013.03.28 01:10:00.818,1.06167,1.0619
2013.03.28 01:10:01.684,1.06167,1.06191
2013.03.28 01:10:05.892,1.06167,1.06191
2013.03.28 01:10:14.320,1.06166,1.06191
2013.03.28 01:10:17.290,1.06167,1.06191
2013.03.28 01:10:19.618,1.06167,1.06191
2013.03.28 01:10:22.608,1.06166,1.06192
2013.03.28 01:10:23.120,1.06166,1.06191
2013.03.28 01:10:25.100,1.06166,1.06192
2013.03.28 01:10:27.080,1.06166,1.06191
2013.03.28 01:10:31.348,1.06166,1.0619
2013.03.28 01:10:45.475,1.06167,1.06191
2013.03.28 01:10:46.909,1.06166,1.06191
2013.03.28 01:10:51.449,1.06166,1.06191
2013.03.28 01:11:01.800,1.06168,1.06192
2013.03.28 01:11:02.350,1.06169,1.06193
2013.03.28 01:11:04.588,1.06171,1.06195
2013.03.28 01:11:11.111,1.06174,1.06198
2013.03.28 01:11:39.992,1.06177,1.06201
2013.03.28 01:11:45.703,1.06177,1.06201
2013.03.28 01:11:52.320,1.06177,1.06201
2013.03.28 01:11:53.219,1.06177,1.06201
2013.03.28 01:11:56.138,1.06177,1.06201
2013.03.28 01:11:56.708,1.06177,1.06201
2013.03.28 01:11:57.189,1.06182,1.06207
2013.03.28 01:11:57.308,1.06182,1.06207
2013.03.28 01:11:57.369,1.06184,1.06207
2013.03.28 01:12:05.751,1.06184,1.06207
2013.03.28 01:12:08.061,1.06185,1.06208
2013.03.28 01:12:13.829,1.06185,1.06208
2013.03.28 01:12:15.588,1.06185,1.06211
2013.03.28 01:12:16.144,1.06187,1.06211
2013.03.28 01:12:16.898,1.06191,1.06212
2013.03.28 01:12:17.220,1.06192,1.06213
2013.03.28 01:12:17.750,1.06193,1.06212
2013.03.28 01:12:18.279,1.06193,1.06212
2013.03.28 01:12:18.841,1.06193,1.06212
2013.03.28 01:12:20.660,1.06196,1.06215
2013.03.28 01:12:20.850,1.06198,1.06218
2013.03.28 01:12:21.029,1.06196,1.06217
2013.03.28 01:12:21.149,1.06195,1.06217
2013.03.28 01:12:21.210,1.06195,1.06216
2013.03.28 01:12:21.454,1.06195,1.06216
2013.03.28 01:12:21.579,1.06192,1.06216
2013.03.28 01:12:22.101,1.06191,1.06214
2013.03.28 01:12:22.639,1.06191,1.06214
2013.03.28 01:12:26.899,1.06191,1.06217
2013.03.28 01:12:27.893,1.06193,1.06217
2013.03.28 01:12:28.549,1.06193,1.06217
2013.03.28 01:12:29.068,1.06196,1.06217
2013.03.28 01:12:29.250,1.06196,1.06217
2013.03.28 01:12:29.429,1.06194,1.06217
2013.03.28 01:12:30.399,1.06192,1.06216
2013.03.28 01:12:30.459,1.0619,1.06214
2013.03.28 01:12:30.759,1.06186,1.06213
2013.03.28 01:12:30.880,1.06186,1.06209
2013.03.28 01:12:31.241,1.06183,1.06208
2013.03.28 01:12:31.483,1.06179,1.06203
2013.03.28 01:12:31.610,1.06177,1.06202
2013.03.28 01:12:31.669,1.06179,1.06203
2013.03.28 01:12:31.789,1.06177,1.06202
2013.03.28 01:12:32.088,1.06177,1.06202
2013.03.28 01:12:32.209,1.06177,1.06199
2013.03.28 01:12:33.850,1.06177,1.06199
2013.03.28 01:12:34.400,1.06177,1.06201
2013.03.28 01:12:34.519,1.06178,1.06202
2013.03.28 01:12:34.579,1.06178,1.06202
2013.03.28 01:12:42.232,1.06182,1.06203
2013.03.28 01:12:42.382,1.06179,1.06205
2013.03.28 01:12:43.629,1.06179,1.06205
2013.03.28 01:12:46.131,1.06176,1.06202
2013.03.28 01:12:46.189,1.06176,1.06199
2013.03.28 01:12:51.169,1.06177,1.06199
2013.03.28 01:12:51.349,1.06179,1.06203
2013.03.28 01:12:51.663,1.06174,1.06198
2013.03.28 01:12:51.989,1.06173,1.06197
2013.03.28 01:12:52.299,1.06163,1.06188
2013.03.28 01:12:52.360,1.06163,1.06186
2013.03.28 01:12:52.480,1.06163,1.06188
2013.03.28 01:12:52.660,1.06161,1.06184
2013.03.28 01:12:52.720,1.06159,1.06184
2013.03.28 01:12:54.149,1.06159,1.06184
2013.03.28 01:12:54.390,1.06161,1.06184
2013.03.28 01:12:54.788,1.06163,1.06186
2013.03.28 01:12:55.149,1.06166,1.06189
2013.03.28 01:12:57.889,1.06163,1.06189
2013.03.28 01:12:58.348,1.06164,1.06189
2013.03.28 01:13:00.619,1.06162,1.06188
2013.03.28 01:13:01.886,1.06162,1.06184
2013.03.28 01:13:04.328,1.06162,1.06184
2013.03.28 01:13:08.327,1.06162,1.06185
2013.03.28 01:13:08.450,1.06158,1.0618
2013.03.28 01:13:08.629,1.06152,1.06174
2013.03.28 01:13:08.688,1.0615,1.06174
2013.03.28 01:13:08.748,1.06151,1.06173
2013.03.28 01:13:09.058,1.06151,1.06173
2013.03.28 01:13:09.118,1.0615,1.06176
2013.03.28 01:13:09.239,1.06153,1.06176
2013.03.28 01:13:09.359,1.0615,1.06175
2013.03.28 01:13:09.420,1.06149,1.06172
2013.03.28 01:13:09.599,1.0615,1.06173
2013.03.28 01:13:09.959,1.06151,1.06177
2013.03.28 01:13:11.432,1.06157,1.06178
2013.03.28 01:13:11.489,1.06158,1.06183
2013.03.28 01:13:14.319,1.06157,1.06181
2013.03.28 01:13:15.191,1.06156,1.06181
2013.03.28 01:13:15.850,1.06156,1.06179
2013.03.28 01:13:20.637,1.06156,1.06179
2013.03.28 01:13:20.759,1.06156,1.0618
2013.03.28 01:13:21.361,1.06158,1.06183
2013.03.28 01:13:25.042,1.06159,1.06183
2013.03.28 01:13:25.499,1.06162,1.06185
2013.03.28 01:13:25.766,1.06162,1.06187
2013.03.28 01:13:25.889,1.06162,1.06188
2013.03.28 01:13:26.319,1.06164,1.06188
2013.03.28 01:13:26.559,1.06167,1.0619
2013.03.28 01:13:26.799,1.06167,1.06191
2013.03.28 01:13:26.930,1.06166,1.06188
2013.03.28 01:13:27.308,1.06162,1.06189
2013.03.28 01:13:30.609,1.06162,1.06189
2013.03.28 01:13:30.910,1.06162,1.06187
2013.03.28 01:13:31.090,1.06161,1.06184
2013.03.28 01:13:36.828,1.06158,1.06183
2013.03.28 01:13:42.239,1.0616,1.06184
2013.03.28 01:13:44.659,1.06158,1.06184
2013.03.28 01:13:44.779,1.06159,1.06184
2013.03.28 01:13:47.749,1.06161,1.06185
2013.03.28 01:13:51.119,1.06162,1.06186
2013.03.28 01:13:51.537,1.06162,1.06186
2013.03.28 01:13:53.432,1.06166,1.06189
2013.03.28 01:13:53.679,1.06166,1.06191
2013.03.28 01:14:03.170,1.06166,1.06191
2013.03.28 01:14:05.860,1.06166,1.06191
2013.03.28 01:14:10.673,1.06168,1.06191
2013.03.28 01:14:12.778,1.06167,1.06191
2013.03.28 01:14:12.898,1.06167,1.06193
2013.03.28 01:14:13.141,1.06169,1.06193
2013.03.28 01:14:14.120,1.06167,1.06193
2013.03.28 01:14:14.179,1.06167,1.06192
2013.03.28 01:14:18.099,1.06167,1.06192
2013.03.28 01:14:18.819,1.06167,1.06192
2013.03.28 01:14:19.438,1.06166,1.06191
2013.03.28 01:14:24.111,1.06164,1.06189
2013.03.28 01:14:24.649,1.06162,1.06188
2013.03.28 01:14:29.639,1.06165,1.06188
2013.03.28 01:14:30.420,1.06166,1.06191
2013.03.28 01:14:38.868,1.06166,1.06191
2013.03.28 01:14:39.414,1.06166,1.06193
2013.03.28 01:14:40.037,1.06166,1.06194
2013.03.28 01:14:41.489,1.06167,1.06194
2013.03.28 01:14:43.743,1.06166,1.06193
2013.03.28 01:14:44.359,1.06166,1.06191
2013.03.28 01:14:44.890,1.06166,1.06189
2013.03.28 01:14:47.089,1.06165,1.06189
2013.03.28 01:14:50.189,1.06163,1.06189
2013.03.28 01:14:52.380,1.06162,1.06186
2013.03.28 01:14:52.680,1.06162,1.06188
2013.03.28 01:14:57.829,1.06162,1.06189
2013.03.28 01:14:58.179,1.06163,1.06189
2013.03.28 01:15:02.121,1.06166,1.0619
2013.03.28 01:15:02.180,1.06169,1.06192
2013.03.28 01:15:02.239,1.06172,1.06195
2013.03.28 01:15:03.550,1.06169,1.06195
2013.03.28 01:15:04.155,1.06169,1.06196
2013.03.28 01:15:07.569,1.0617,1.06196
2013.03.28 01:15:07.981,1.06171,1.06196
2013.03.28 01:15:22.253,1.06171,1.06196
2013.03.28 01:15:23.270,1.06171,1.06196
2013.03.28 01:15:29.855,1.06171,1.06197
2013.03.28 01:15:30.100,1.06175,1.06201
2013.03.28 01:15:33.815,1.06175,1.06201
2013.03.28 01:15:34.629,1.06174,1.06201
2013.03.28 01:15:35.231,1.06174,1.06199
2013.03.28 01:15:46.409,1.06174,1.06201
2013.03.28 01:15:46.769,1.06171,1.06198
2013.03.28 01:15:49.770,1.0617,1.06195
2013.03.28 01:15:50.577,1.0617,1.06195
2013.03.28 01:15:51.640,1.0617,1.06195
2013.03.28 01:16:00.909,1.0617,1.06195
2013.03.28 01:16:05.429,1.0617,1.06195
2013.03.28 01:16:06.798,1.06168,1.06194
2013.03.28 01:16:18.608,1.06169,1.06193
2013.03.28 01:16:20.658,1.06169,1.06194
2013.03.28 01:16:22.940,1.06169,1.06194
2013.03.28 01:16:26.835,1.06169,1.06195
2013.03.28 01:16:27.398,1.0617,1.06195
2013.03.28 01:16:37.859,1.06169,1.06194
2013.03.28 01:16:39.022,1.06168,1.06194
2013.03.28 01:16:43.710,1.06169,1.06194
2013.03.28 01:16:46.289,1.06169,1.06194
2013.03.28 01:16:47.158,1.06169,1.06195
2013.03.28 01:16:53.579,1.06169,1.06195
2013.03.28 01:16:54.681,1.06172,1.06196
2013.03.28 01:16:56.017,1.06171,1.06196
2013.03.28 01:17:00.180,1.06171,1.06195
2013.03.28 01:17:02.260,1.06169,1.06193
2013.03.28 01:17:02.380,1.06166,1.0619
2013.03.28 01:17:04.959,1.06166,1.06193
2013.03.28 01:17:07.329,1.06166,1.06193
2013.03.28 01:17:08.122,1.0617,1.06194
2013.03.28 01:17:11.110,1.06171,1.06196
2013.03.28 01:17:15.069,1.06169,1.06194
2013.03.28 01:17:15.249,1.06169,1.06193
2013.03.28 01:17:15.729,1.0617,1.06194
2013.03.28 01:17:15.939,1.0617,1.06196
2013.03.28 01:17:16.118,1.0617,1.06194
2013.03.28 01:17:16.239,1.06171,1.06194
2013.03.28 01:17:17.050,1.06171,1.06194
2013.03.28 01:17:19.082,1.06171,1.06196
2013.03.28 01:17:19.321,1.06175,1.06198
2013.03.28 01:17:19.887,1.06175,1.06199
2013.03.28 01:17:20.719,1.06176,1.06199
2013.03.28 01:17:21.609,1.06176,1.06199
2013.03.28 01:17:22.942,1.06176,1.06199
2013.03.28 01:17:27.754,1.06175,1.06198
2013.03.28 01:17:29.010,1.06175,1.06199
2013.03.28 01:17:29.369,1.06173,1.06197
2013.03.28 01:17:32.080,1.06176,1.06199
2013.03.28 01:17:41.989,1.06175,1.06199
2013.03.28 01:17:44.599,1.06175,1.062
2013.03.28 01:17:45.801,1.06175,1.06199
2013.03.28 01:17:47.139,1.06175,1.06199
2013.03.28 01:17:49.940,1.06176,1.06201
2013.03.28 01:17:50.479,1.06175,1.062
2013.03.28 01:17:52.114,1.06174,1.06199
2013.03.28 01:17:52.459,1.06173,1.06194
2013.03.28 01:17:52.760,1.0617,1.06192
2013.03.28 01:17:54.141,1.06169,1.06193
2013.03.28 01:17:54.620,1.06172,1.06193
2013.03.28 01:17:55.143,1.06173,1.06197
2013.03.28 01:17:55.470,1.06172,1.06196
2013.03.28 01:18:01.430,1.06172,1.06197
2013.03.28 01:18:02.367,1.06176,1.06198
2013.03.28 01:18:04.619,1.06176,1.06198
2013.03.28 01:18:04.680,1.06179,1.06201
2013.03.28 01:18:04.740,1.06179,1.06204
2013.03.28 01:18:04.859,1.0618,1.06204
2013.03.28 01:18:05.039,1.06176,1.062
2013.03.28 01:18:05.159,1.06176,1.062
2013.03.28 01:18:06.203,1.06173,1.06196
2013.03.28 01:18:06.272,1.06172,1.06193
2013.03.28 01:18:06.460,1.06171,1.06193
2013.03.28 01:18:09.670,1.06169,1.06193
2013.03.28 01:18:12.765,1.06171,1.06193
2013.03.28 01:18:12.829,1.06168,1.06193
2013.03.28 01:18:13.369,1.06166,1.06189
2013.03.28 01:18:13.813,1.06164,1.06188
2013.03.28 01:18:14.330,1.06164,1.06188
2013.03.28 01:18:15.820,1.06167,1.06188
2013.03.28 01:18:22.749,1.06167,1.06188
2013.03.28 01:18:26.510,1.06162,1.06184
2013.03.28 01:18:27.709,1.06163,1.06184
2013.03.28 01:18:28.261,1.06162,1.06184
2013.03.28 01:18:28.787,1.06162,1.06184
2013.03.28 01:18:30.250,1.06162,1.06184
2013.03.28 01:18:35.509,1.06166,1.06187
2013.03.28 01:18:35.569,1.06166,1.06188
2013.03.28 01:18:39.189,1.06166,1.06186
2013.03.28 01:18:41.460,1.06166,1.06188
2013.03.28 01:18:42.359,1.06162,1.06186
2013.03.28 01:18:47.982,1.06162,1.06183
2013.03.28 01:18:48.686,1.06161,1.06183
2013.03.28 01:18:48.919,1.06161,1.06184
2013.03.28 01:18:51.080,1.06161,1.06184
2013.03.28 01:18:51.690,1.06166,1.06185
2013.03.28 01:18:52.040,1.06166,1.06187
2013.03.28 01:18:59.249,1.06166,1.06187
2013.03.28 01:19:03.846,1.06166,1.06187
2013.03.28 01:19:06.100,1.06163,1.06187
2013.03.28 01:19:16.379,1.06167,1.06186
2013.03.28 01:19:16.440,1.06167,1.06187
2013.03.28 01:19:24.079,1.06162,1.06186
2013.03.28 01:19:25.070,1.06163,1.06184
2013.03.28 01:19:32.140,1.06163,1.06185
2013.03.28 01:19:43.800,1.06162,1.06183
2013.03.28 01:19:43.921,1.06162,1.06183
2013.03.28 01:19:44.490,1.06162,1.06183
2013.03.28 01:19:44.669,1.0616,1.06183
2013.03.28 01:19:50.282,1.0616,1.06179
2013.03.28 01:19:50.611,1.06163,1.06179
2013.03.28 01:20:07.553,1.06162,1.06181
2013.03.28 01:20:07.620,1.06162,1.06181
2013.03.28 01:20:26.640,1.0616,1.06183
2013.03.28 01:20:34.015,1.06159,1.06185
2013.03.28 01:20:45.190,1.06159,1.06181
2013.03.28 01:20:45.735,1.06162,1.06179
2013.03.28 01:20:47.550,1.06162,1.06179
2013.03.28 01:20:48.339,1.06162,1.06179
2013.03.28 01:20:52.929,1.06162,1.06179
2013.03.28 01:20:53.759,1.06162,1.06179
2013.03.28 01:20:57.280,1.06162,1.06175
2013.03.28 01:21:00.861,1.06162,1.06175
2013.03.28 01:21:02.291,1.06162,1.06175
2013.03.28 01:21:06.030,1.06162,1.06176
2013.03.28 01:21:06.480,1.06162,1.06179
2013.03.28 01:21:06.781,1.06163,1.06181
2013.03.28 01:21:07.495,1.06163,1.06181
2013.03.28 01:21:08.890,1.06163,1.06181
2013.03.28 01:21:16.219,1.06163,1.06181
2013.03.28 01:21:22.611,1.06163,1.06179
2013.03.28 01:21:28.803,1.06163,1.06181
2013.03.28 01:21:31.863,1.06163,1.06181
2013.03.28 01:21:32.050,1.06162,1.0618
2013.03.28 01:21:33.330,1.06162,1.0618
2013.03.28 01:21:34.029,1.06162,1.0618
2013.03.28 01:21:35.080,1.06162,1.06181
2013.03.28 01:21:36.020,1.06162,1.06179
2013.03.28 01:21:36.570,1.06162,1.06178
2013.03.28 01:21:37.148,1.06162,1.06177
2013.03.28 01:21:37.769,1.06162,1.06177
2013.03.28 01:21:37.832,1.06162,1.06176
2013.03.28 01:21:38.380,1.06162,1.0618
2013.03.28 01:21:38.440,1.06162,1.0618
2013.03.28 01:21:38.710,1.06162,1.0618
2013.03.28 01:21:49.099,1.06163,1.06184
2013.03.28 01:21:49.532,1.06162,1.06184
2013.03.28 01:21:56.329,1.06162,1.06179
2013.03.28 01:21:57.345,1.06162,1.06174
2013.03.28 01:21:57.660,1.06163,1.06178
2013.03.28 01:21:57.960,1.06163,1.06183
2013.03.28 01:21:58.140,1.06163,1.06184
2013.03.28 01:21:58.727,1.06163,1.06184
2013.03.28 01:21:59.432,1.06166,1.06189
2013.03.28 01:21:59.671,1.06167,1.06192
2013.03.28 01:21:59.791,1.06167,1.06193
2013.03.28 01:22:05.357,1.06167,1.06192
2013.03.28 01:22:07.771,1.06167,1.06194
2013.03.28 01:22:10.531,1.06169,1.06194
2013.03.28 01:22:10.830,1.06174,1.06198
2013.03.28 01:22:11.011,1.06176,1.06198
2013.03.28 01:22:11.310,1.06173,1.06198
2013.03.28 01:22:13.789,1.06173,1.06198
2013.03.28 01:22:14.340,1.06171,1.06195
2013.03.28 01:22:18.079,1.06172,1.06195
2013.03.28 01:22:19.310,1.06173,1.06199
2013.03.28 01:22:19.850,1.06177,1.06201
2013.03.28 01:22:22.039,1.06177,1.06201
2013.03.28 01:22:22.400,1.06174,1.06199
2013.03.28 01:22:23.491,1.06174,1.06199
2013.03.28 01:22:26.496,1.06174,1.06199
2013.03.28 01:22:28.528,1.06174,1.06199
2013.03.28 01:22:28.890,1.06171,1.06197
2013.03.28 01:22:29.250,1.06174,1.06199
2013.03.28 01:22:29.761,1.06171,1.06195
2013.03.28 01:22:29.880,1.0617,1.06195
2013.03.28 01:22:30.072,1.06168,1.06189
2013.03.28 01:22:30.310,1.06164,1.06187
2013.03.28 01:22:30.490,1.06164,1.06186
2013.03.28 01:22:31.030,1.06164,1.06186
2013.03.28 01:22:31.790,1.06162,1.06182
2013.03.28 01:22:32.150,1.06162,1.0618
2013.03.28 01:22:34.800,1.06162,1.0618
2013.03.28 01:22:35.361,1.06163,1.0618
2013.03.28 01:22:45.634,1.06162,1.06178
2013.03.28 01:22:45.881,1.06162,1.06178
2013.03.28 01:22:52.003,1.06162,1.0618
2013.03.28 01:23:00.592,1.06163,1.0618
2013.03.28 01:23:13.909,1.06163,1.06178
2013.03.28 01:23:18.496,1.06162,1.06177
2013.03.28 01:23:22.220,1.06162,1.06177
2013.03.28 01:23:23.110,1.06162,1.06178
2013.03.28 01:23:23.670,1.06163,1.06181
2013.03.28 01:23:25.850,1.06163,1.06181
2013.03.28 01:23:44.120,1.06163,1.0618
2013.03.28 01:23:44.789,1.06163,1.06182
2013.03.28 01:23:52.630,1.06163,1.06185
2013.03.28 01:23:53.429,1.06163,1.06185
2013.03.28 01:23:54.910,1.06163,1.06185
2013.03.28 01:23:55.599,1.06163,1.06185
2013.03.28 01:24:00.190,1.06163,1.06185
2013.03.28 01:24:02.881,1.06163,1.06185
2013.03.28 01:24:03.198,1.06163,1.06185
2013.03.28 01:24:03.381,1.06167,1.06188
2013.03.28 01:24:03.679,1.06167,1.06191
2013.03.28 01:24:08.208,1.06168,1.06192
2013.03.28 01:24:08.330,1.0617,1.06194
2013.03.28 01:24:08.629,1.06171,1.06194
2013.03.28 01:24:08.889,1.0617,1.06194
2013.03.28 01:24:24.139,1.06166,1.06192
2013.03.28 01:24:43.880,1.06166,1.06192
2013.03.28 01:24:46.169,1.06169,1.06194
2013.03.28 01:24:47.168,1.06169,1.06193
2013.03.28 01:24:53.943,1.06169,1.06195
2013.03.28 01:24:56.689,1.06171,1.06195
2013.03.28 01:25:06.667,1.0617,1.06194
2013.03.28 01:25:07.220,1.06171,1.06196
2013.03.28 01:25:07.521,1.06177,1.06198
2013.03.28 01:25:08.069,1.06177,1.06201
2013.03.28 01:25:09.562,1.06176,1.06201
2013.03.28 01:25:10.076,1.06174,1.06201
2013.03.28 01:25:12.607,1.06175,1.06201
2013.03.28 01:25:19.770,1.06174,1.06198
2013.03.28 01:25:21.380,1.06174,1.06198
2013.03.28 01:25:22.144,1.06176,1.06198
2013.03.28 01:25:22.630,1.06171,1.06195
2013.03.28 01:25:23.887,1.06172,1.06196
2013.03.28 01:25:26.680,1.06175,1.06195
2013.03.28 01:25:29.500,1.06172,1.06195
2013.03.28 01:25:30.089,1.06171,1.06195
2013.03.28 01:25:36.790,1.06169,1.06192
2013.03.28 01:25:57.545,1.06171,1.06195
2013.03.28 01:25:58.151,1.06172,1.06193
2013.03.28 01:25:58.510,1.06166,1.06189
2013.03.28 01:25:58.570,1.06166,1.06189
2013.03.28 01:25:58.630,1.06166,1.06187
2013.03.28 01:25:59.869,1.06166,1.06188
2013.03.28 01:26:00.341,1.06168,1.06191
2013.03.28 01:26:10.391,1.06166,1.06189
2013.03.28 01:26:20.061,1.06166,1.0619
2013.03.28 01:26:41.704,1.06166,1.06189
2013.03.28 01:26:48.233,1.06166,1.06189
2013.03.28 01:26:51.863,1.06167,1.06189
2013.03.28 01:26:54.002,1.06166,1.06189
2013.03.28 01:26:58.611,1.06168,1.06192
2013.03.28 01:27:10.192,1.06171,1.06193
2013.03.28 01:27:10.670,1.06169,1.06193
2013.03.28 01:27:17.604,1.0617,1.06193
2013.03.28 01:27:24.651,1.06172,1.06193
2013.03.28 01:27:24.711,1.06172,1.06194
2013.03.28 01:27:25.240,1.06172,1.06198
2013.03.28 01:27:26.131,1.06175,1.06198
2013.03.28 01:27:28.480,1.06172,1.06198
2013.03.28 01:27:30.346,1.06171,1.06196
2013.03.28 01:27:31.501,1.06172,1.06198
2013.03.28 01:27:31.862,1.06168,1.06193
2013.03.28 01:27:38.860,1.0617,1.06194
2013.03.28 01:28:10.135,1.06169,1.06193
2013.03.28 01:28:20.289,1.06169,1.06193
2013.03.28 01:28:21.821,1.0617,1.06193
2013.03.28 01:28:22.350,1.06169,1.06193
2013.03.28 01:28:24.120,1.06169,1.06193
2013.03.28 01:28:24.852,1.06163,1.06189
2013.03.28 01:28:25.101,1.06163,1.06189
2013.03.28 01:28:25.341,1.06163,1.06189
2013.03.28 01:28:28.160,1.06166,1.06189
2013.03.28 01:28:28.400,1.06164,1.06189
2013.03.28 01:28:28.927,1.06163,1.06187
2013.03.28 01:28:29.582,1.06163,1.06187
2013.03.28 01:28:30.122,1.06163,1.06185
2013.03.28 01:28:44.451,1.06162,1.06181
2013.03.28 01:28:44.982,1.06163,1.06181
2013.03.28 01:28:47.432,1.06163,1.06179
2013.03.28 01:28:51.303,1.06163,1.06183
2013.03.28 01:28:51.660,1.06163,1.06181
2013.03.28 01:28:54.080,1.06163,1.06181
2013.03.28 01:28:54.441,1.06163,1.06181
2013.03.28 01:28:54.988,1.06162,1.0618
2013.03.28 01:28:58.800,1.06162,1.06181
2013.03.28 01:29:00.350,1.06162,1.0618
2013.03.28 01:29:04.841,1.06162,1.06183
2013.03.28 01:29:05.441,1.06163,1.06183
2013.03.28 01:29:06.280,1.06162,1.06183
2013.03.28 01:29:06.892,1.06163,1.06182
2013.03.28 01:29:08.991,1.06162,1.06183
2013.03.28 01:29:11.060,1.06162,1.06182
2013.03.28 01:29:20.881,1.06163,1.06181
2013.03.28 01:29:22.510,1.06162,1.06179
2013.03.28 01:29:24.410,1.06163,1.06181
2013.03.28 01:29:26.200,1.06163,1.06184
2013.03.28 01:29:28.592,1.06163,1.06186
2013.03.28 01:29:29.420,1.06163,1.06181
2013.03.28 01:29:30.011,1.06163,1.06181
2013.03.28 01:29:33.131,1.06163,1.06185
2013.03.28 01:29:33.571,1.06164,1.06188
2013.03.28 01:29:34.111,1.06164,1.06189
2013.03.28 01:29:34.758,1.06164,1.06189
2013.03.28 01:29:36.871,1.06164,1.06189
2013.03.28 01:29:37.880,1.06164,1.06189
2013.03.28 01:29:40.553,1.06165,1.06189
2013.03.28 01:29:43.643,1.06164,1.06186
2013.03.28 01:29:44.180,1.06163,1.06189
2013.03.28 01:29:44.710,1.06164,1.06189
2013.03.28 01:29:45.823,1.06165,1.06189
2013.03.28 01:29:46.000,1.06166,1.06189
2013.03.28 01:29:48.921,1.06166,1.06189
2013.03.28 01:29:48.980,1.06163,1.06189
2013.03.28 01:29:49.671,1.06164,1.06189
2013.03.28 01:29:59.771,1.06167,1.06188
2013.03.28 01:30:00.081,1.06167,1.06188
2013.03.28 01:30:02.137,1.06167,1.06188
2013.03.28 01:30:03.670,1.06168,1.06188
2013.03.28 01:30:08.720,1.06168,1.06189
2013.03.28 01:30:10.250,1.06168,1.06191
2013.03.28 01:30:10.911,1.06169,1.06194
2013.03.28 01:30:11.331,1.06171,1.06195
2013.03.28 01:30:14.960,1.06173,1.06198
2013.03.28 01:30:17.651,1.06174,1.06198
2013.03.28 01:30:20.101,1.06176,1.06199
2013.03.28 01:30:20.872,1.06174,1.06198
2013.03.28 01:30:26.010,1.06175,1.06198
2013.03.28 01:30:27.961,1.06173,1.06198
2013.03.28 01:30:29.566,1.06176,1.06199
2013.03.28 01:30:30.365,1.06176,1.06199
2013.03.28 01:30:31.382,1.06176,1.062
2013.03.28 01:30:34.402,1.06177,1.06201
2013.03.28 01:30:35.331,1.06177,1.062
2013.03.28 01:30:35.691,1.06173,1.06192
2013.03.28 01:30:35.910,1.06173,1.06197
2013.03.28 01:30:35.970,1.06173,1.06197
2013.03.28 01:30:38.060,1.06173,1.06196
2013.03.28 01:30:38.600,1.06174,1.06196
2013.03.28 01:30:44.111,1.06171,1.06194
2013.03.28 01:30:44.231,1.06171,1.06191
2013.03.28 01:30:44.534,1.06168,1.06189
2013.03.28 01:30:44.661,1.06168,1.06189
2013.03.28 01:30:45.351,1.06168,1.06188
2013.03.28 01:30:48.510,1.06167,1.06188
2013.03.28 01:30:48.820,1.06167,1.06187
2013.03.28 01:30:51.781,1.06167,1.06186
2013.03.28 01:30:54.735,1.06168,1.06188
2013.03.28 01:30:57.841,1.06168,1.06188
2013.03.28 01:30:59.051,1.06168,1.0619
2013.03.28 01:31:04.351,1.06168,1.0619
2013.03.28 01:31:04.960,1.06167,1.0619
2013.03.28 01:31:05.261,1.06167,1.06187
2013.03.28 01:31:05.582,1.06167,1.06186
2013.03.28 01:31:07.153,1.06167,1.06186
2013.03.28 01:31:08.401,1.06163,1.06187
2013.03.28 01:31:08.941,1.06161,1.06186
2013.03.28 01:31:09.501,1.06161,1.06184
2013.03.28 01:31:09.691,1.06161,1.06184
2013.03.28 01:31:10.384,1.06166,1.06182
2013.03.28 01:31:10.691,1.06162,1.0618
2013.03.28 01:31:10.751,1.06162,1.0618
2013.03.28 01:31:10.811,1.06157,1.06179
2013.03.28 01:31:10.870,1.06157,1.06178
2013.03.28 01:31:11.171,1.06157,1.06174
2013.03.28 01:31:11.710,1.06156,1.06174
2013.03.28 01:31:12.690,1.06156,1.06174
2013.03.28 01:31:13.520,1.06155,1.06173
2013.03.28 01:31:13.840,1.06153,1.06169
2013.03.28 01:31:14.421,1.06153,1.06167
2013.03.28 01:31:16.710,1.06153,1.06169
2013.03.28 01:31:22.167,1.06147,1.06169
2013.03.28 01:31:22.291,1.06147,1.06169
2013.03.28 01:31:22.531,1.06149,1.06171
2013.03.28 01:31:23.031,1.06147,1.06171
2013.03.28 01:31:30.851,1.06144,1.06169
2013.03.28 01:31:33.591,1.06142,1.06169
2013.03.28 01:31:34.301,1.06142,1.06169
2013.03.28 01:31:36.144,1.06143,1.06169
2013.03.28 01:31:38.954,1.06142,1.06168
2013.03.28 01:31:39.551,1.06142,1.06168
2013.03.28 01:31:50.229,1.06142,1.06167
2013.03.28 01:32:10.375,1.06142,1.06167
2013.03.28 01:32:23.699,1.06141,1.06164
2013.03.28 01:32:24.487,1.06141,1.06163
2013.03.28 01:32:30.513,1.06142,1.06163
2013.03.28 01:32:30.631,1.06142,1.06167
2013.03.28 01:32:31.163,1.06142,1.06167
2013.03.28 01:32:33.627,1.06142,1.06165
2013.03.28 01:32:34.214,1.06143,1.06165
2013.03.28 01:32:34.402,1.06146,1.06165
2013.03.28 01:32:34.461,1.06146,1.06169
2013.03.28 01:32:34.820,1.06147,1.06171
2013.03.28 01:32:35.552,1.06148,1.06173
2013.03.28 01:32:38.340,1.0615,1.06173
2013.03.28 01:32:38.582,1.06152,1.06173
2013.03.28 01:32:38.921,1.06148,1.06173
2013.03.28 01:32:39.041,1.06148,1.06173
2013.03.28 01:32:39.351,1.0615,1.06174
2013.03.28 01:32:39.591,1.06151,1.06174
2013.03.28 01:32:41.621,1.06149,1.06173
2013.03.28 01:32:41.941,1.06148,1.06173
2013.03.28 01:32:42.251,1.06146,1.06171
2013.03.28 01:32:42.781,1.06145,1.06169
2013.03.28 01:32:44.831,1.06141,1.06165
2013.03.28 01:32:54.871,1.0614,1.06165
2013.03.28 01:32:55.132,1.06144,1.06168
2013.03.28 01:32:56.361,1.06147,1.06173
2013.03.28 01:32:57.203,1.0615,1.06174
2013.03.28 01:32:59.261,1.06152,1.06174
2013.03.28 01:33:00.630,1.06151,1.06174
2013.03.28 01:33:05.923,1.06149,1.06174
2013.03.28 01:33:09.181,1.06147,1.06172
2013.03.28 01:33:10.431,1.06146,1.06169
2013.03.28 01:33:12.281,1.06146,1.06169
2013.03.28 01:33:14.441,1.06146,1.06169
2013.03.28 01:33:18.063,1.06144,1.06169
2013.03.28 01:33:18.842,1.06144,1.06168
2013.03.28 01:33:19.171,1.06142,1.06163
2013.03.28 01:33:20.152,1.06144,1.06163
2013.03.28 01:33:20.340,1.06142,1.06163
2013.03.28 01:33:20.642,1.06146,1.06163
2013.03.28 01:33:20.881,1.06146,1.06168
2013.03.28 01:33:24.868,1.06144,1.06167
2013.03.28 01:33:25.062,1.06142,1.06167
2013.03.28 01:33:25.421,1.06139,1.06162
2013.03.28 01:33:25.742,1.06139,1.06157
2013.03.28 01:33:26.101,1.0614,1.06162
2013.03.28 01:33:26.642,1.06137,1.0616
2013.03.28 01:33:32.081,1.06136,1.0616
2013.03.28 01:33:33.872,1.06136,1.0616
2013.03.28 01:33:34.369,1.06137,1.06158
2013.03.28 01:33:42.082,1.06137,1.06158
2013.03.28 01:33:45.552,1.06137,1.06158
2013.03.28 01:33:45.791,1.06137,1.06161
2013.03.28 01:33:46.341,1.06137,1.06161
2013.03.28 01:33:47.141,1.06138,1.06162
2013.03.28 01:33:51.861,1.06137,1.06161
2013.03.28 01:33:52.362,1.06136,1.06159
2013.03.28 01:33:52.901,1.06136,1.06159
2013.03.28 01:33:53.441,1.06136,1.06157
2013.03.28 01:33:54.014,1.06136,1.06157
2013.03.28 01:33:54.531,1.06136,1.06157
2013.03.28 01:33:55.081,1.06136,1.06157
2013.03.28 01:33:55.624,1.06136,1.06156
2013.03.28 01:33:56.172,1.06132,1.06154
2013.03.28 01:33:56.852,1.06132,1.06154
2013.03.28 01:33:57.360,1.06131,1.06154
2013.03.28 01:34:02.309,1.06132,1.06153
2013.03.28 01:34:02.842,1.06132,1.06153
2013.03.28 01:34:03.921,1.06132,1.06151
2013.03.28 01:34:03.980,1.06128,1.06151
2013.03.28 01:34:04.041,1.06128,1.0615
2013.03.28 01:34:04.102,1.06128,1.0615
2013.03.28 01:34:05.432,1.0613,1.06151
2013.03.28 01:34:06.071,1.06127,1.0615
2013.03.28 01:34:06.311,1.06127,1.0615
2013.03.28 01:34:06.993,1.06128,1.0615
2013.03.28 01:34:07.382,1.06131,1.06154
2013.03.28 01:34:07.821,1.06128,1.06153
2013.03.28 01:34:12.350,1.06129,1.06152
2013.03.28 01:34:14.111,1.06132,1.06153
2013.03.28 01:34:16.618,1.06132,1.06153
2013.03.28 01:34:17.781,1.06131,1.06153
2013.03.28 01:34:18.581,1.06129,1.06153
2013.03.28 01:34:23.330,1.0613,1.06153
2013.03.28 01:34:27.358,1.06129,1.06153
2013.03.28 01:34:27.864,1.06129,1.06153
2013.03.28 01:34:28.262,1.06127,1.06149
2013.03.28 01:34:28.621,1.06125,1.06149
2013.03.28 01:34:28.802,1.06131,1.06154
2013.03.28 01:34:29.926,1.0613,1.06154
2013.03.28 01:34:29.991,1.0613,1.0615
2013.03.28 01:34:30.401,1.06124,1.06149
2013.03.28 01:34:30.641,1.06124,1.06148
2013.03.28 01:34:30.940,1.06121,1.06143
2013.03.28 01:34:31.411,1.06124,1.06145
2013.03.28 01:34:31.711,1.06126,1.06147
2013.03.28 01:34:31.832,1.06124,1.06147
2013.03.28 01:34:32.012,1.06122,1.06144
2013.03.28 01:34:33.862,1.06121,1.06144
2013.03.28 01:34:34.901,1.06119,1.06143
2013.03.28 01:34:35.260,1.06118,1.06143
2013.03.28 01:34:35.380,1.06116,1.06142
2013.03.28 01:34:39.732,1.06119,1.06144
2013.03.28 01:34:46.651,1.06118,1.06139
2013.03.28 01:34:46.991,1.06116,1.06136
2013.03.28 01:34:47.303,1.06114,1.06139
2013.03.28 01:34:48.006,1.06121,1.06144
2013.03.28 01:34:54.662,1.0612,1.0614
2013.03.28 01:34:55.682,1.06118,1.06139
2013.03.28 01:34:55.801,1.06116,1.06139
2013.03.28 01:35:00.452,1.06116,1.06139
2013.03.28 01:35:00.711,1.06116,1.06139
2013.03.28 01:35:02.671,1.06116,1.06139
2013.03.28 01:35:09.124,1.06114,1.06138
2013.03.28 01:35:10.182,1.06113,1.06137
2013.03.28 01:35:14.720,1.06111,1.06137
2013.03.28 01:35:18.275,1.06113,1.06137
2013.03.28 01:35:18.931,1.06113,1.06137
2013.03.28 01:35:19.476,1.06111,1.06136
2013.03.28 01:35:20.872,1.06111,1.06135
2013.03.28 01:35:21.051,1.06107,1.06131
2013.03.28 01:35:21.111,1.06106,1.06131
2013.03.28 01:35:21.561,1.06107,1.06131
2013.03.28 01:35:21.921,1.06111,1.06134
2013.03.28 01:35:22.504,1.06111,1.06136
2013.03.28 01:35:23.561,1.06115,1.06138
2013.03.28 01:35:26.371,1.06115,1.06139
2013.03.28 01:35:26.811,1.06116,1.06141
2013.03.28 01:35:27.327,1.06116,1.06141
2013.03.28 01:35:27.452,1.06115,1.06136
2013.03.28 01:35:27.513,1.06109,1.06132
2013.03.28 01:35:27.572,1.06109,1.06133
2013.03.28 01:35:27.931,1.06113,1.06135
2013.03.28 01:35:28.051,1.06111,1.06135
2013.03.28 01:35:28.692,1.06113,1.06138
2013.03.28 01:35:29.281,1.0611,1.06134
2013.03.28 01:35:30.571,1.06111,1.06134
2013.03.28 01:35:31.766,1.06111,1.06134
2013.03.28 01:35:32.072,1.06106,1.0613
2013.03.28 01:35:34.921,1.06106,1.06128
2013.03.28 01:35:35.042,1.06103,1.06128
2013.03.28 01:35:35.341,1.06104,1.06128
2013.03.28 01:35:41.621,1.06103,1.06128
2013.03.28 01:35:41.742,1.06101,1.06125
2013.03.28 01:35:42.418,1.06106,1.06129
2013.03.28 01:35:42.498,1.06106,1.0613
2013.03.28 01:35:43.151,1.06104,1.0613
2013.03.28 01:35:47.637,1.06106,1.0613
2013.03.28 01:35:48.632,1.06106,1.06129
2013.03.28 01:35:49.071,1.06103,1.06128
2013.03.28 01:35:53.621,1.06106,1.0613
2013.03.28 01:35:54.651,1.06107,1.0613
2013.03.28 01:35:55.513,1.06106,1.0613
2013.03.28 01:35:55.831,1.06112,1.06137
2013.03.28 01:35:57.682,1.06111,1.06137
2013.03.28 01:35:58.336,1.06112,1.06138
2013.03.28 01:35:58.581,1.06117,1.06141
2013.03.28 01:35:59.192,1.06117,1.06142
2013.03.28 01:35:59.430,1.06114,1.06138
2013.03.28 01:36:02.541,1.06111,1.06134
2013.03.28 01:36:02.872,1.0611,1.06134
2013.03.28 01:36:03.052,1.06108,1.06133
2013.03.28 01:36:03.113,1.06109,1.06134
2013.03.28 01:36:03.651,1.06111,1.06134
2013.03.28 01:36:04.912,1.06111,1.06134
2013.03.28 01:36:05.732,1.06109,1.06134
2013.03.28 01:36:05.793,1.06109,1.06133
2013.03.28 01:36:06.341,1.06109,1.06134
2013.03.28 01:36:06.781,1.06111,1.06134
2013.03.28 01:36:07.805,1.06111,1.06134
2013.03.28 01:36:08.676,1.0611,1.06134
2013.03.28 01:36:11.852,1.06112,1.06137
2013.03.28 01:36:11.912,1.06115,1.06139
2013.03.28 01:36:12.341,1.06115,1.06137
2013.03.28 01:36:12.527,1.06111,1.06135
2013.03.28 01:36:12.651,1.06111,1.06135
2013.03.28 01:36:12.933,1.06111,1.06135
2013.03.28 01:36:20.481,1.06111,1.06136
2013.03.28 01:36:22.952,1.06112,1.06136
2013.03.28 01:36:25.973,1.06111,1.06136
2013.03.28 01:36:26.151,1.0611,1.06136
2013.03.28 01:36:26.271,1.06109,1.06135
2013.03.28 01:36:30.195,1.0611,1.06136
2013.03.28 01:36:31.371,1.06111,1.06136
2013.03.28 01:36:36.552,1.06111,1.06137
2013.03.28 01:36:36.911,1.06111,1.06135
2013.03.28 01:36:39.076,1.06111,1.06137
2013.03.28 01:36:39.142,1.06117,1.06138
2013.03.28 01:36:39.683,1.06117,1.06141
2013.03.28 01:36:43.181,1.06115,1.06141
2013.03.28 01:36:43.601,1.06113,1.06138
2013.03.28 01:36:45.024,1.06113,1.06138
2013.03.28 01:36:46.921,1.06113,1.06135
2013.03.28 01:36:47.162,1.06111,1.06135
2013.03.28 01:36:47.221,1.06109,1.06131
2013.03.28 01:36:47.342,1.06111,1.06131
2013.03.28 01:36:47.581,1.06107,1.06131
2013.03.28 01:36:48.782,1.06109,1.06133
2013.03.28 01:36:52.614,1.0611,1.06133
2013.03.28 01:36:52.801,1.06106,1.0613
2013.03.28 01:36:53.452,1.06107,1.0613
2013.03.28 01:36:54.551,1.06107,1.06132
2013.03.28 01:36:54.611,1.06106,1.0613
2013.03.28 01:36:55.151,1.06106,1.0613
2013.03.28 01:36:55.577,1.06105,1.06128
2013.03.28 01:36:56.412,1.06105,1.06128
2013.03.28 01:36:57.161,1.06106,1.06131
2013.03.28 01:36:58.172,1.06106,1.0613
2013.03.28 01:37:00.891,1.06101,1.06128
2013.03.28 01:37:01.136,1.06101,1.06128
2013.03.28 01:37:02.231,1.061,1.06125
2013.03.28 01:37:02.534,1.06101,1.06125
2013.03.28 01:37:02.943,1.061,1.06125
2013.03.28 01:37:03.601,1.06101,1.06125
2013.03.28 01:37:04.457,1.06102,1.06125
2013.03.28 01:37:06.301,1.06102,1.06126
2013.03.28 01:37:06.361,1.06101,1.06126
2013.03.28 01:37:06.721,1.06096,1.06119
2013.03.28 01:37:06.842,1.06096,1.06119
2013.03.28 01:37:07.022,1.06096,1.06121
2013.03.28 01:37:07.985,1.06095,1.06119
2013.03.28 01:37:08.342,1.06093,1.06117
2013.03.28 01:37:09.862,1.06091,1.06114
2013.03.28 01:37:10.931,1.06092,1.06116
2013.03.28 01:37:10.991,1.06093,1.06118
2013.03.28 01:37:11.502,1.06093,1.06119
2013.03.28 01:37:12.362,1.06093,1.06119
2013.03.28 01:37:12.781,1.06093,1.06119
2013.03.28 01:37:20.512,1.06092,1.06116
2013.03.28 01:37:21.334,1.06092,1.06116
2013.03.28 01:37:21.581,1.06092,1.06116
2013.03.28 01:37:22.121,1.06093,1.06117
2013.03.28 01:37:23.121,1.06093,1.06117
2013.03.28 01:37:23.857,1.06092,1.06117
2013.03.28 01:37:24.043,1.06092,1.06118
2013.03.28 01:37:24.104,1.06093,1.06119
2013.03.28 01:37:24.664,1.06092,1.06118
2013.03.28 01:37:26.401,1.06092,1.06119
2013.03.28 01:37:26.581,1.06093,1.06118
2013.03.28 01:37:28.875,1.06095,1.0612
2013.03.28 01:37:30.017,1.06093,1.0612
2013.03.28 01:37:33.386,1.06093,1.06119
2013.03.28 01:37:34.169,1.06096,1.0612
2013.03.28 01:37:37.345,1.06094,1.0612
2013.03.28 01:37:37.848,1.06093,1.06119
2013.03.28 01:37:40.571,1.06092,1.06118
2013.03.28 01:37:42.331,1.06092,1.06118
2013.03.28 01:37:46.012,1.06092,1.06118
2013.03.28 01:37:49.917,1.06094,1.0612
2013.03.28 01:37:51.084,1.06096,1.0612
2013.03.28 01:37:52.186,1.06089,1.06113
2013.03.28 01:37:52.431,1.06089,1.06112
2013.03.28 01:37:52.872,1.06089,1.06112
2013.03.28 01:37:53.991,1.06089,1.06112
2013.03.28 01:37:54.291,1.06091,1.06114
2013.03.28 01:37:55.251,1.06091,1.06114
2013.03.28 01:37:55.827,1.06091,1.06114
2013.03.28 01:37:58.472,1.06091,1.06114
2013.03.28 01:37:59.511,1.06089,1.06112
2013.03.28 01:38:01.851,1.06086,1.06112
2013.03.28 01:38:03.365,1.06086,1.06109
2013.03.28 01:38:03.681,1.06086,1.06107
2013.03.28 01:38:16.332,1.06087,1.06111
2013.03.28 01:38:20.121,1.06086,1.0611
2013.03.28 01:38:25.721,1.06086,1.06111
2013.03.28 01:38:26.891,1.06086,1.06111
2013.03.28 01:38:34.092,1.06086,1.0611
2013.03.28 01:38:42.132,1.06088,1.0611
2013.03.28 01:38:45.902,1.06087,1.06108
2013.03.28 01:38:46.649,1.06087,1.06108
2013.03.28 01:38:50.175,1.06087,1.06108
2013.03.28 01:38:50.551,1.06087,1.06109
2013.03.28 01:38:54.642,1.06087,1.06108
2013.03.28 01:38:55.198,1.06087,1.06108
2013.03.28 01:38:55.740,1.06087,1.06108
2013.03.28 01:38:56.251,1.06087,1.06108
2013.03.28 01:38:56.491,1.06087,1.06107
2013.03.28 01:38:57.070,1.06083,1.06105
2013.03.28 01:38:58.791,1.06081,1.06104
2013.03.28 01:38:59.387,1.06081,1.06104
2013.03.28 01:39:08.242,1.0608,1.06104
2013.03.28 01:39:09.382,1.0608,1.06103
2013.03.28 01:39:09.502,1.06075,1.06097
2013.03.28 01:39:09.561,1.06075,1.06097
2013.03.28 01:39:09.622,1.06077,1.06101
2013.03.28 01:39:09.982,1.0608,1.06103
2013.03.28 01:39:10.702,1.06082,1.06104
2013.03.28 01:39:11.311,1.06082,1.06104
2013.03.28 01:39:12.361,1.06082,1.06105
2013.03.28 01:39:12.421,1.06084,1.06105
2013.03.28 01:39:13.681,1.06087,1.06108
2013.03.28 01:39:14.318,1.06087,1.06111
2013.03.28 01:39:18.061,1.06087,1.06112
2013.03.28 01:39:21.246,1.06087,1.06112
2013.03.28 01:39:21.313,1.06087,1.06112
2013.03.28 01:39:22.451,1.06086,1.06111
2013.03.28 01:39:23.303,1.06085,1.06111
2013.03.28 01:39:23.861,1.06087,1.06111
2013.03.28 01:39:26.631,1.06087,1.06111
2013.03.28 01:39:26.692,1.06084,1.06107
2013.03.28 01:39:27.081,1.06085,1.06109
2013.03.28 01:39:30.143,1.06087,1.06109
2013.03.28 01:39:31.522,1.06083,1.06109
2013.03.28 01:39:33.372,1.06083,1.06106
2013.03.28 01:39:33.682,1.06082,1.06103
2013.03.28 01:39:34.192,1.06076,1.06101
2013.03.28 01:39:34.652,1.06076,1.06101
2013.03.28 01:39:35.813,1.06076,1.06101
2013.03.28 01:39:40.024,1.06079,1.06104
2013.03.28 01:39:41.461,1.06079,1.06104
2013.03.28 01:39:43.632,1.06076,1.061
2013.03.28 01:39:44.232,1.06074,1.061
2013.03.28 01:39:45.491,1.06074,1.061
2013.03.28 01:39:50.772,1.06074,1.06097
2013.03.28 01:39:51.073,1.06067,1.06091
2013.03.28 01:39:51.132,1.06068,1.06092
2013.03.28 01:39:51.687,1.06071,1.06093
2013.03.28 01:39:52.507,1.06075,1.06099
2013.03.28 01:39:52.863,1.06077,1.06099
2013.03.28 01:39:56.102,1.0608,1.06102
2013.03.28 01:39:56.412,1.06082,1.06105
2013.03.28 01:39:56.891,1.06083,1.06107
2013.03.28 01:39:58.102,1.06083,1.06107
2013.03.28 01:39:59.292,1.06083,1.06107
2013.03.28 01:39:59.422,1.06081,1.06107
2013.03.28 01:40:02.337,1.06081,1.06107
2013.03.28 01:40:02.641,1.06081,1.06104
2013.03.28 01:40:02.942,1.06076,1.06102
2013.03.28 01:40:03.001,1.06076,1.06102
2013.03.28 01:40:07.112,1.06077,1.06102
2013.03.28 01:40:07.171,1.06077,1.06102
2013.03.28 01:40:07.232,1.06079,1.06105
2013.03.28 01:40:07.621,1.06081,1.06105
2013.03.28 01:40:08.702,1.06081,1.06104
2013.03.28 01:40:09.236,1.06081,1.06102
2013.03.28 01:40:10.201,1.06081,1.06104
2013.03.28 01:40:10.760,1.06081,1.06105
2013.03.28 01:40:11.832,1.06083,1.06108
2013.03.28 01:40:15.251,1.0608,1.06106
2013.03.28 01:40:21.452,1.06079,1.06101
2013.03.28 01:40:21.812,1.06075,1.06099
2013.03.28 01:40:22.591,1.06075,1.06099
2013.03.28 01:40:22.833,1.0607,1.0609
2013.03.28 01:40:23.403,1.06072,1.0609
2013.03.28 01:40:23.462,1.06072,1.06096
2013.03.28 01:40:23.822,1.06072,1.06096
2013.03.28 01:40:25.225,1.06072,1.06096
2013.03.28 01:40:25.283,1.06072,1.06096
2013.03.28 01:40:26.081,1.06072,1.06098
2013.03.28 01:40:26.201,1.06076,1.06098
2013.03.28 01:40:26.442,1.06074,1.06098
2013.03.28 01:40:27.452,1.06077,1.06098
2013.03.28 01:40:38.614,1.06074,1.06098
2013.03.28 01:40:38.733,1.06072,1.06097
2013.03.28 01:40:39.033,1.06069,1.06092
2013.03.28 01:40:39.154,1.06066,1.06089
2013.03.28 01:40:39.363,1.06066,1.06089
2013.03.28 01:40:39.721,1.06067,1.06093
2013.03.28 01:40:41.197,1.06067,1.06093
2013.03.28 01:40:41.289,1.06059,1.06081
2013.03.28 01:40:41.352,1.06058,1.06081
2013.03.28 01:40:42.362,1.06057,1.06079
2013.03.28 01:40:43.432,1.06058,1.06081
2013.03.28 01:40:43.672,1.06061,1.06084
2013.03.28 01:40:46.672,1.0606,1.06083
2013.03.28 01:40:47.781,1.06061,1.06083
2013.03.28 01:40:48.792,1.06059,1.06083
2013.03.28 01:40:50.610,1.06059,1.06082
2013.03.28 01:40:51.151,1.06059,1.06082
2013.03.28 01:40:51.959,1.06057,1.06082
2013.03.28 01:40:55.102,1.06057,1.06082
2013.03.28 01:40:55.989,1.06056,1.06079
2013.03.28 01:40:56.112,1.06058,1.0608
2013.03.28 01:40:56.353,1.0606,1.06083
2013.03.28 01:40:56.653,1.0606,1.06084
2013.03.28 01:40:57.672,1.0606,1.06083
2013.03.28 01:40:59.411,1.06062,1.06088
2013.03.28 01:40:59.919,1.06065,1.06088
2013.03.28 01:41:03.141,1.06066,1.06089
2013.03.28 01:41:07.210,1.06062,1.06088
2013.03.28 01:41:11.724,1.06061,1.06088
2013.03.28 01:41:13.253,1.06062,1.06088
2013.03.28 01:41:17.463,1.06061,1.06086
2013.03.28 01:41:19.644,1.06061,1.06085
2013.03.28 01:41:22.362,1.06061,1.06088
2013.03.28 01:41:22.603,1.06067,1.06089
2013.03.28 01:41:22.662,1.06065,1.06089
2013.03.28 01:41:23.214,1.06066,1.06091
2013.03.28 01:41:23.332,1.06067,1.06092
2013.03.28 01:41:25.359,1.0607,1.06092
2013.03.28 01:41:25.662,1.06072,1.06083
2013.03.28 01:41:25.782,1.06066,1.06083
2013.03.28 01:41:25.842,1.06065,1.06083
2013.03.28 01:41:25.903,1.06062,1.06079
2013.03.28 01:41:26.202,1.0606,1.0608
2013.03.28 01:41:26.442,1.06058,1.06078
2013.03.28 01:41:27.903,1.06061,1.06078
2013.03.28 01:41:29.102,1.0606,1.06078
2013.03.28 01:41:29.282,1.06058,1.06078
2013.03.28 01:41:29.492,1.06057,1.06078
2013.03.28 01:41:30.249,1.06057,1.06081
2013.03.28 01:41:33.132,1.06058,1.06081
2013.03.28 01:41:33.684,1.06058,1.06083
2013.03.28 01:41:37.342,1.06058,1.06082
2013.03.28 01:41:37.402,1.06057,1.06079
2013.03.28 01:41:37.703,1.06052,1.06077
2013.03.28 01:41:39.463,1.06052,1.06076
2013.03.28 01:41:39.772,1.06053,1.06078
2013.03.28 01:41:40.688,1.06053,1.06077
2013.03.28 01:41:41.142,1.06054,1.06076
2013.03.28 01:41:41.263,1.06056,1.06078
2013.03.28 01:41:41.324,1.0606,1.0608
2013.03.28 01:41:41.802,1.06057,1.06078
2013.03.28 01:41:42.901,1.06057,1.0608
2013.03.28 01:41:44.155,1.06057,1.06078
2013.03.28 01:41:50.592,1.06054,1.06078
2013.03.28 01:41:53.112,1.06052,1.06076
2013.03.28 01:41:53.622,1.06052,1.06075
2013.03.28 01:42:01.102,1.06052,1.06073
2013.03.28 01:42:01.404,1.06046,1.06071
2013.03.28 01:42:06.572,1.06046,1.06069
2013.03.28 01:42:06.694,1.06044,1.06066
2013.03.28 01:42:06.753,1.06044,1.06066
2013.03.28 01:42:06.813,1.06041,1.06064
2013.03.28 01:42:06.872,1.06042,1.06066
2013.03.28 01:42:09.420,1.06042,1.06063
2013.03.28 01:42:10.001,1.0604,1.06063
2013.03.28 01:42:12.763,1.0604,1.06063
2013.03.28 01:42:13.101,1.0604,1.06063
2013.03.28 01:42:13.162,1.06043,1.06064
2013.03.28 01:42:13.523,1.06046,1.06069
2013.03.28 01:42:13.642,1.06042,1.06066
2013.03.28 01:42:18.492,1.06047,1.06069
2013.03.28 01:42:18.612,1.0605,1.06069
2013.03.28 01:42:20.655,1.06052,1.06074
2013.03.28 01:42:22.882,1.06054,1.06074
2013.03.28 01:42:24.682,1.06052,1.06074
2013.03.28 01:42:24.924,1.06056,1.06074
2013.03.28 01:42:25.103,1.06056,1.06079
2013.03.28 01:42:25.224,1.06059,1.06079
2013.03.28 01:42:26.014,1.06062,1.06079
2013.03.28 01:42:26.192,1.06062,1.06083
2013.03.28 01:42:26.723,1.06062,1.06084
2013.03.28 01:42:28.680,1.06066,1.06084
2013.03.28 01:42:28.982,1.0607,1.06084
2013.03.28 01:42:30.690,1.06071,1.06088
2013.03.28 01:42:31.022,1.06069,1.06088
2013.03.28 01:42:31.532,1.06065,1.06088
2013.03.28 01:42:31.592,1.06066,1.06088
2013.03.28 01:42:34.114,1.06067,1.06088
2013.03.28 01:42:36.213,1.06068,1.06088
2013.03.28 01:42:38.841,1.06068,1.06088
2013.03.28 01:42:39.022,1.06065,1.06088
2013.03.28 01:42:40.622,1.06064,1.06088
2013.03.28 01:42:41.071,1.06064,1.06084
2013.03.28 01:42:41.252,1.06061,1.06084
2013.03.28 01:42:41.372,1.06062,1.06084
2013.03.28 01:42:42.862,1.06061,1.06084
2013.03.28 01:42:42.982,1.06059,1.06084
2013.03.28 01:42:45.332,1.06059,1.06084
2013.03.28 01:42:48.203,1.06063,1.06084
2013.03.28 01:42:48.633,1.06065,1.06084
2013.03.28 01:42:48.813,1.06056,1.06081
2013.03.28 01:42:48.873,1.06057,1.06081
2013.03.28 01:42:54.915,1.06058,1.06081
2013.03.28 01:42:55.032,1.06057,1.06081
2013.03.28 01:42:57.752,1.06058,1.06082
2013.03.28 01:43:00.953,1.0606,1.06084
2013.03.28 01:43:01.685,1.06064,1.06088
2013.03.28 01:43:06.812,1.0606,1.06087
2013.03.28 01:43:12.663,1.0606,1.06086
2013.03.28 01:43:15.083,1.06062,1.06087
2013.03.28 01:43:15.143,1.06062,1.06087
2013.03.28 01:43:15.203,1.06065,1.06088
2013.03.28 01:43:15.383,1.0607,1.06091
2013.03.28 01:43:15.442,1.0607,1.06095
2013.03.28 01:43:15.753,1.06073,1.06096
2013.03.28 01:43:16.525,1.06073,1.06096
2013.03.28 01:43:18.492,1.06071,1.06096
2013.03.28 01:43:19.084,1.0607,1.06094
2013.03.28 01:43:19.332,1.06068,1.06092
2013.03.28 01:43:20.413,1.06066,1.0609
2013.03.28 01:43:25.674,1.06066,1.06089
2013.03.28 01:43:26.232,1.06066,1.0609
2013.03.28 01:43:26.502,1.06066,1.06089
2013.03.28 01:43:27.610,1.06063,1.06087
