Time,Bid,Ask
2013.03.12 00:00:00.054,1.05494,1.0552
2013.03.12 00:00:01.239,1.05494,1.0552
2013.03.12 00:00:01.357,1.05496,1.05518
2013.03.12 00:00:01.667,1.05497,1.05516
2013.03.12 00:00:03.017,1.05496,1.05516
2013.03.12 00:00:03.348,1.05496,1.05516
2013.03.12 00:00:03.408,1.05494,1.05514
2013.03.12 00:00:04.157,1.05492,1.05514
2013.03.12 00:00:04.968,1.05495,1.05514
2013.03.12 00:00:06.417,1.05495,1.05514
2013.03.12 00:00:06.777,1.05492,1.05514
2013.03.12 00:00:07.354,1.05493,1.05514
2013.03.12 00:00:08.087,1.05493,1.05514
2013.03.12 00:00:08.545,1.05493,1.05513
2013.03.12 00:00:09.027,1.05494,1.05509
2013.03.12 00:00:09.147,1.05492,1.05505
2013.03.12 00:00:09.546,1.05487,1.05505
2013.03.12 00:00:10.045,1.05487,1.05505
2013.03.12 00:00:10.497,1.05482,1.05504
2013.03.12 00:00:13.265,1.05479,1.05504
2013.03.12 00:00:19.331,1.05479,1.05505
2013.03.12 00:00:24.837,1.05479,1.05505
2013.03.12 00:00:25.057,1.05479,1.05505
2013.03.12 00:00:25.417,1.05478,1.05504
2013.03.12 00:00:25.977,1.05478,1.055
2013.03.12 00:00:33.137,1.05481,1.05503
2013.03.12 00:00:33.318,1.05484,1.05504
2013.03.12 00:00:34.977,1.05482,1.05504
2013.03.12 00:00:35.097,1.05481,1.05504
2013.03.12 00:00:36.061,1.05483,1.05507
2013.03.12 00:00:36.118,1.05487,1.05508
2013.03.12 00:00:40.048,1.05487,1.05508
2013.03.12 00:00:40.413,1.0549,1.0551
2013.03.12 00:00:40.620,1.0549,1.0551
2013.03.12 00:00:40.979,1.05491,1.05515
2013.03.12 00:00:41.038,1.05491,1.05516
2013.03.12 00:00:41.578,1.05492,1.05516
2013.03.12 00:00:41.819,1.05497,1.05516
2013.03.12 00:00:42.388,1.055,1.05517
2013.03.12 00:00:42.509,1.05498,1.05523
2013.03.12 00:00:42.809,1.05497,1.05521
2013.03.12 00:00:43.514,1.05497,1.05519
2013.03.12 00:00:43.678,1.05497,1.05517
2013.03.12 00:00:44.208,1.05497,1.05516
2013.03.12 00:00:44.569,1.05492,1.05513
2013.03.12 00:00:44.748,1.05492,1.05513
2013.03.12 00:00:45.168,1.05489,1.0551
2013.03.12 00:00:45.769,1.05486,1.0551
2013.03.12 00:00:46.325,1.05486,1.0551
2013.03.12 00:00:46.903,1.05486,1.0551
2013.03.12 00:00:47.955,1.05486,1.0551
2013.03.12 00:00:49.089,1.05486,1.05512
2013.03.12 00:00:51.238,1.05488,1.05512
2013.03.12 00:00:51.298,1.05491,1.05513
2013.03.12 00:00:51.418,1.05491,1.05513
2013.03.12 00:00:55.368,1.0549,1.05513
2013.03.12 00:00:56.245,1.0549,1.05513
2013.03.12 00:00:57.607,1.0549,1.05513
2013.03.12 00:00:59.639,1.0549,1.05513
2013.03.12 00:01:00.328,1.0549,1.05513
2013.03.12 00:01:05.403,1.05488,1.05512
2013.03.12 00:01:05.717,1.05488,1.05511
2013.03.12 00:01:05.899,1.05486,1.05508
2013.03.12 00:01:07.070,1.05482,1.05508
2013.03.12 00:01:07.199,1.0548,1.05507
2013.03.12 00:01:08.399,1.05477,1.05502
2013.03.12 00:01:08.578,1.05476,1.05502
2013.03.12 00:01:09.107,1.05475,1.05498
2013.03.12 00:01:15.329,1.05474,1.05499
2013.03.12 00:01:15.509,1.05478,1.05499
2013.03.12 00:01:15.630,1.05478,1.05504
2013.03.12 00:01:16.859,1.05478,1.05503
2013.03.12 00:01:17.098,1.05477,1.05501
2013.03.12 00:01:18.068,1.05477,1.05501
2013.03.12 00:01:18.549,1.05478,1.05503
2013.03.12 00:01:19.052,1.05478,1.05502
2013.03.12 00:01:24.899,1.05483,1.05504
2013.03.12 00:01:26.369,1.05486,1.05504
2013.03.12 00:01:26.489,1.05486,1.05508
2013.03.12 00:01:26.670,1.05484,1.05506
2013.03.12 00:01:27.549,1.05482,1.05504
2013.03.12 00:01:27.609,1.05482,1.05504
2013.03.12 00:01:28.140,1.05482,1.05499
2013.03.12 00:01:28.791,1.05482,1.05499
2013.03.12 00:01:28.910,1.05482,1.05506
2013.03.12 00:01:29.380,1.05482,1.05506
2013.03.12 00:01:33.730,1.05487,1.0551
2013.03.12 00:01:34.148,1.05485,1.05511
2013.03.12 00:01:34.390,1.05486,1.0551
2013.03.12 00:01:34.450,1.05486,1.05511
2013.03.12 00:01:34.811,1.0549,1.05514
2013.03.12 00:01:35.170,1.0549,1.05514
2013.03.12 00:01:37.791,1.05492,1.05517
2013.03.12 00:01:37.861,1.05493,1.05519
2013.03.12 00:01:37.930,1.05492,1.05518
2013.03.12 00:01:37.991,1.05492,1.05518
2013.03.12 00:01:38.350,1.05492,1.05517
2013.03.12 00:01:38.940,1.05492,1.05515
2013.03.12 00:01:39.646,1.05492,1.05515
2013.03.12 00:01:40.920,1.05492,1.05515
2013.03.12 00:01:45.018,1.05492,1.05514
2013.03.12 00:01:45.506,1.05491,1.05514
2013.03.12 00:01:45.628,1.05492,1.05517
2013.03.12 00:01:45.808,1.05491,1.05518
2013.03.12 00:01:47.456,1.05497,1.05519
2013.03.12 00:01:48.285,1.05497,1.05521
2013.03.12 00:01:52.979,1.05497,1.05521
2013.03.12 00:01:58.458,1.05497,1.05518
2013.03.12 00:01:58.579,1.05494,1.05517
2013.03.12 00:02:04.719,1.05496,1.0552
2013.03.12 00:02:04.900,1.05497,1.0552
2013.03.12 00:02:04.959,1.055,1.05522
2013.03.12 00:02:10.170,1.05496,1.0552
2013.03.12 00:02:10.323,1.05496,1.0552
2013.03.12 00:02:12.189,1.05496,1.0552
2013.03.12 00:02:13.272,1.0549,1.05517
2013.03.12 00:02:13.626,1.0549,1.05516
2013.03.12 00:02:15.633,1.05492,1.05517
2013.03.12 00:02:16.309,1.05492,1.05517
2013.03.12 00:02:16.670,1.05492,1.05517
2013.03.12 00:02:19.129,1.05492,1.05517
2013.03.12 00:02:19.250,1.05492,1.05517
2013.03.12 00:02:20.449,1.05492,1.05517
2013.03.12 00:02:25.115,1.0549,1.05517
2013.03.12 00:02:25.359,1.05497,1.05522
2013.03.12 00:02:31.469,1.05497,1.05523
2013.03.12 00:02:32.219,1.05501,1.05528
2013.03.12 00:02:42.630,1.05501,1.05527
2013.03.12 00:02:45.671,1.05501,1.05528
2013.03.12 00:02:46.180,1.05501,1.05527
2013.03.12 00:02:46.430,1.05497,1.05524
2013.03.12 00:02:46.885,1.05497,1.05524
2013.03.12 00:02:51.140,1.05497,1.05523
2013.03.12 00:02:51.678,1.05497,1.05523
2013.03.12 00:02:54.855,1.05497,1.05523
2013.03.12 00:03:02.179,1.05493,1.05519
2013.03.12 00:03:02.847,1.05492,1.05519
2013.03.12 00:03:03.957,1.05492,1.05519
2013.03.12 00:03:04.538,1.05492,1.05519
2013.03.12 00:03:05.189,1.05492,1.05519
2013.03.12 00:03:05.619,1.05492,1.05519
2013.03.12 00:03:06.371,1.05492,1.05519
2013.03.12 00:03:06.728,1.05492,1.05519
2013.03.12 00:03:07.259,1.05489,1.05516
2013.03.12 00:03:07.449,1.05487,1.05513
2013.03.12 00:03:07.748,1.05487,1.05513
2013.03.12 00:03:08.075,1.05487,1.05513
2013.03.12 00:03:09.234,1.05487,1.05513
2013.03.12 00:03:10.212,1.05485,1.05511
2013.03.12 00:03:12.380,1.05482,1.05508
2013.03.12 00:03:13.408,1.05482,1.05508
2013.03.12 00:03:30.278,1.05485,1.05512
2013.03.12 00:03:36.818,1.05485,1.05509
2013.03.12 00:03:37.379,1.05485,1.05509
2013.03.12 00:03:38.340,1.05486,1.05512
2013.03.12 00:03:40.900,1.05485,1.05509
2013.03.12 00:04:00.908,1.05483,1.0551
2013.03.12 00:04:01.739,1.0549,1.05514
2013.03.12 00:04:02.438,1.0549,1.05513
2013.03.12 00:04:03.988,1.05487,1.0551
2013.03.12 00:04:18.408,1.05484,1.0551
2013.03.12 00:04:20.598,1.05484,1.05508
2013.03.12 00:04:20.992,1.05484,1.05508
2013.03.12 00:04:27.348,1.05482,1.05508
2013.03.12 00:04:29.419,1.05484,1.05508
2013.03.12 00:04:34.348,1.05484,1.05508
2013.03.12 00:04:34.768,1.05484,1.05508
2013.03.12 00:04:41.058,1.05483,1.05508
2013.03.12 00:04:41.694,1.05483,1.05508
2013.03.12 00:04:46.869,1.05481,1.05508
2013.03.12 00:04:49.738,1.05487,1.05511
2013.03.12 00:04:49.798,1.05487,1.05513
2013.03.12 00:04:52.079,1.05487,1.05513
2013.03.12 00:04:52.599,1.05491,1.05513
2013.03.12 00:04:52.720,1.05491,1.05513
2013.03.12 00:04:53.242,1.05487,1.05513
2013.03.12 00:04:53.973,1.05487,1.05513
2013.03.12 00:04:58.328,1.05487,1.05513
2013.03.12 00:05:16.949,1.05485,1.05512
2013.03.12 00:05:17.546,1.05491,1.05514
2013.03.12 00:05:18.109,1.05491,1.05514
2013.03.12 00:05:21.633,1.05491,1.05514
2013.03.12 00:05:22.340,1.05491,1.05516
2013.03.12 00:05:22.459,1.05497,1.05516
2013.03.12 00:05:22.698,1.05497,1.05521
2013.03.12 00:05:22.888,1.05498,1.05523
2013.03.12 00:05:24.119,1.055,1.05523
2013.03.12 00:05:24.179,1.055,1.05523
2013.03.12 00:05:24.979,1.055,1.05523
2013.03.12 00:05:27.569,1.05495,1.05523
2013.03.12 00:05:27.750,1.05501,1.05523
2013.03.12 00:05:28.348,1.05497,1.05523
2013.03.12 00:05:29.150,1.05499,1.05523
2013.03.12 00:05:30.542,1.05499,1.05523
2013.03.12 00:05:31.029,1.05501,1.05525
2013.03.12 00:05:31.531,1.05501,1.05527
2013.03.12 00:05:31.674,1.05502,1.05525
2013.03.12 00:05:31.741,1.05502,1.05525
2013.03.12 00:05:31.931,1.05501,1.05525
2013.03.12 00:05:32.169,1.05501,1.05525
2013.03.12 00:05:32.479,1.05502,1.05525
2013.03.12 00:05:32.659,1.05506,1.0553
2013.03.12 00:05:33.174,1.05506,1.0553
2013.03.12 00:05:36.710,1.05507,1.0553
2013.03.12 00:05:37.164,1.05507,1.0553
2013.03.12 00:05:37.890,1.05503,1.05528
2013.03.12 00:05:47.010,1.05501,1.05526
2013.03.12 00:05:47.128,1.05501,1.05526
2013.03.12 00:05:47.659,1.05501,1.05526
2013.03.12 00:05:48.080,1.05498,1.05521
2013.03.12 00:05:48.439,1.05497,1.05521
2013.03.12 00:05:48.989,1.05497,1.05521
2013.03.12 00:05:49.358,1.05495,1.05521
2013.03.12 00:05:51.807,1.05497,1.05521
2013.03.12 00:05:53.800,1.05497,1.05521
2013.03.12 00:05:56.101,1.05498,1.05523
2013.03.12 00:05:56.159,1.05498,1.05523
2013.03.12 00:05:57.668,1.05497,1.05521
2013.03.12 00:05:57.909,1.05497,1.05518
2013.03.12 00:05:58.546,1.05493,1.05518
2013.03.12 00:05:59.259,1.05494,1.05518
2013.03.12 00:05:59.899,1.05493,1.05516
2013.03.12 00:06:00.079,1.05491,1.05514
2013.03.12 00:06:00.199,1.05491,1.05513
2013.03.12 00:06:00.331,1.0549,1.05513
2013.03.12 00:06:00.449,1.05489,1.05511
2013.03.12 00:06:00.960,1.05487,1.05511
2013.03.12 00:06:01.080,1.05485,1.05511
2013.03.12 00:06:01.646,1.05482,1.05509
2013.03.12 00:06:01.709,1.05482,1.05509
2013.03.12 00:06:03.691,1.05482,1.05509
2013.03.12 00:06:04.347,1.05482,1.05509
2013.03.12 00:06:04.950,1.05482,1.05508
2013.03.12 00:06:05.131,1.05482,1.05509
2013.03.12 00:06:07.079,1.05486,1.05512
2013.03.12 00:06:07.398,1.05486,1.05512
2013.03.12 00:06:07.461,1.05486,1.05512
2013.03.12 00:06:08.124,1.05486,1.05512
2013.03.12 00:06:09.058,1.05486,1.05512
2013.03.12 00:06:21.510,1.05486,1.05512
2013.03.12 00:06:21.630,1.05486,1.05514
2013.03.12 00:06:22.650,1.05489,1.05514
2013.03.12 00:06:23.911,1.05489,1.05512
2013.03.12 00:06:24.162,1.05487,1.05512
2013.03.12 00:06:24.470,1.05487,1.05508
2013.03.12 00:06:24.830,1.05484,1.05506
2013.03.12 00:06:24.960,1.05484,1.05506
2013.03.12 00:06:25.680,1.05482,1.05506
2013.03.12 00:06:26.231,1.05482,1.05506
2013.03.12 00:06:26.589,1.05481,1.05506
2013.03.12 00:06:27.118,1.05481,1.05504
2013.03.12 00:06:27.889,1.05482,1.05508
2013.03.12 00:06:34.076,1.05486,1.05508
2013.03.12 00:06:34.817,1.05486,1.05513
2013.03.12 00:06:42.350,1.05486,1.05514
2013.03.12 00:06:54.219,1.05484,1.05511
2013.03.12 00:06:54.339,1.05484,1.05511
2013.03.12 00:06:54.879,1.05484,1.05509
2013.03.12 00:06:56.379,1.05484,1.05508
2013.03.12 00:06:57.529,1.05486,1.05508
2013.03.12 00:06:57.718,1.05486,1.0551
2013.03.12 00:06:58.139,1.05489,1.05515
2013.03.12 00:07:04.812,1.05489,1.05515
2013.03.12 00:07:12.650,1.05489,1.05515
2013.03.12 00:07:13.833,1.0549,1.05515
2013.03.12 00:07:14.200,1.05487,1.05509
2013.03.12 00:07:14.740,1.05487,1.05509
2013.03.12 00:07:15.504,1.05487,1.05509
2013.03.12 00:07:16.666,1.05487,1.05509
2013.03.12 00:07:21.239,1.05486,1.05509
2013.03.12 00:07:22.090,1.05486,1.05509
2013.03.12 00:07:23.440,1.05486,1.05509
2013.03.12 00:07:25.319,1.05487,1.05509
2013.03.12 00:07:26.079,1.05487,1.05509
2013.03.12 00:07:26.859,1.05487,1.05509
2013.03.12 00:07:27.426,1.05487,1.05509
2013.03.12 00:07:28.380,1.05487,1.05509
2013.03.12 00:07:29.948,1.05487,1.05509
2013.03.12 00:07:33.449,1.05486,1.05509
2013.03.12 00:07:33.885,1.05486,1.05509
2013.03.12 00:07:38.109,1.05483,1.05509
2013.03.12 00:07:38.349,1.05484,1.05509
2013.03.12 00:07:38.528,1.05486,1.05509
2013.03.12 00:07:38.829,1.05486,1.05509
2013.03.12 00:07:39.155,1.05485,1.05509
2013.03.12 00:07:40.596,1.05484,1.05509
2013.03.12 00:07:40.785,1.05483,1.05509
2013.03.12 00:07:42.636,1.05482,1.05505
2013.03.12 00:07:43.236,1.05485,1.05505
2013.03.12 00:07:43.479,1.05485,1.05509
2013.03.12 00:07:43.969,1.05486,1.05509
2013.03.12 00:07:46.319,1.05483,1.05507
2013.03.12 00:07:46.499,1.0548,1.05499
2013.03.12 00:07:46.750,1.05482,1.05499
2013.03.12 00:07:46.929,1.05483,1.055
2013.03.12 00:07:47.049,1.05483,1.05505
2013.03.12 00:07:47.610,1.05482,1.05505
2013.03.12 00:07:48.244,1.05481,1.05504
2013.03.12 00:07:52.071,1.05482,1.05508
2013.03.12 00:07:52.130,1.05483,1.05509
2013.03.12 00:07:52.190,1.05483,1.05508
2013.03.12 00:07:52.499,1.05484,1.05505
2013.03.12 00:07:53.165,1.05482,1.05503
2013.03.12 00:07:55.406,1.05482,1.05503
2013.03.12 00:07:55.920,1.05483,1.05503
2013.03.12 00:07:56.106,1.05482,1.05504
2013.03.12 00:07:56.709,1.05481,1.05504
2013.03.12 00:07:57.649,1.05481,1.05504
2013.03.12 00:07:59.292,1.05481,1.05505
2013.03.12 00:07:59.769,1.05481,1.05505
2013.03.12 00:07:59.949,1.05481,1.05505
2013.03.12 00:08:02.059,1.05484,1.05506
2013.03.12 00:08:02.660,1.05482,1.05505
2013.03.12 00:08:05.460,1.05484,1.05509
2013.03.12 00:08:06.060,1.05485,1.05509
2013.03.12 00:08:07.570,1.05484,1.0551
2013.03.12 00:08:07.811,1.05486,1.0551
2013.03.12 00:08:08.000,1.05489,1.05514
2013.03.12 00:08:08.120,1.05491,1.05514
2013.03.12 00:08:08.673,1.0549,1.05514
2013.03.12 00:08:09.899,1.05491,1.05514
2013.03.12 00:08:10.309,1.05489,1.05514
2013.03.12 00:08:11.019,1.05489,1.05509
2013.03.12 00:08:11.657,1.05489,1.05509
2013.03.12 00:08:12.090,1.05491,1.05514
2013.03.12 00:08:12.624,1.05491,1.05514
2013.03.12 00:08:12.692,1.05489,1.05514
2013.03.12 00:08:13.049,1.05494,1.05519
2013.03.12 00:08:13.400,1.05494,1.05519
2013.03.12 00:08:13.460,1.05497,1.05518
2013.03.12 00:08:13.869,1.05493,1.05517
2013.03.12 00:08:13.989,1.05492,1.05513
2013.03.12 00:08:14.230,1.05489,1.05513
2013.03.12 00:08:14.410,1.05487,1.05511
2013.03.12 00:08:14.469,1.05487,1.05511
2013.03.12 00:08:15.054,1.05486,1.05511
2013.03.12 00:08:16.380,1.05485,1.05509
2013.03.12 00:08:16.566,1.05485,1.05509
2013.03.12 00:08:16.929,1.05485,1.05511
2013.03.12 00:08:17.170,1.05485,1.05511
2013.03.12 00:08:23.610,1.05485,1.05508
2013.03.12 00:08:23.730,1.05483,1.05506
2013.03.12 00:08:24.280,1.05482,1.05506
2013.03.12 00:08:29.519,1.05483,1.05506
2013.03.12 00:08:30.269,1.05483,1.05504
2013.03.12 00:08:30.404,1.05484,1.05504
2013.03.12 00:08:35.619,1.05485,1.05506
2013.03.12 00:08:36.159,1.05484,1.05504
2013.03.12 00:08:36.219,1.05482,1.05504
2013.03.12 00:08:36.639,1.05479,1.05504
2013.03.12 00:08:42.168,1.05478,1.05504
2013.03.12 00:08:48.970,1.05476,1.05499
2013.03.12 00:08:49.419,1.05476,1.05499
2013.03.12 00:08:50.336,1.05474,1.05499
2013.03.12 00:08:50.890,1.05474,1.05499
2013.03.12 00:08:50.949,1.05473,1.05499
2013.03.12 00:08:51.462,1.05473,1.05493
2013.03.12 00:08:51.520,1.05474,1.05493
2013.03.12 00:08:51.818,1.05474,1.055
2013.03.12 00:08:52.109,1.05476,1.055
2013.03.12 00:08:57.069,1.05476,1.055
2013.03.12 00:08:57.249,1.05476,1.055
2013.03.12 00:08:58.835,1.05476,1.055
2013.03.12 00:08:59.369,1.05476,1.05499
2013.03.12 00:08:59.550,1.05476,1.055
2013.03.12 00:09:01.719,1.05476,1.055
2013.03.12 00:09:02.219,1.05475,1.05499
2013.03.12 00:09:02.279,1.05472,1.05497
2013.03.12 00:09:02.339,1.05472,1.05496
2013.03.12 00:09:02.740,1.05472,1.05493
2013.03.12 00:09:03.269,1.05472,1.05493
2013.03.12 00:09:03.887,1.05476,1.05497
2013.03.12 00:09:08.388,1.05472,1.05496
2013.03.12 00:09:09.052,1.05476,1.05497
2013.03.12 00:09:09.450,1.05476,1.05498
2013.03.12 00:09:10.176,1.05476,1.055
2013.03.12 00:09:11.287,1.05476,1.055
2013.03.12 00:09:16.108,1.05479,1.055
2013.03.12 00:09:16.650,1.05481,1.055
2013.03.12 00:09:16.891,1.05483,1.05508
2013.03.12 00:09:17.514,1.05483,1.05507
2013.03.12 00:09:20.698,1.05483,1.05508
2013.03.12 00:09:27.412,1.05486,1.05508
2013.03.12 00:09:27.523,1.05486,1.05508
2013.03.12 00:09:35.342,1.05487,1.05511
2013.03.12 00:09:35.410,1.0549,1.0551
2013.03.12 00:09:35.769,1.05493,1.05513
2013.03.12 00:09:36.070,1.05494,1.05513
2013.03.12 00:09:36.430,1.05487,1.0551
2013.03.12 00:09:36.610,1.05491,1.05513
2013.03.12 00:09:36.790,1.05491,1.0551
2013.03.12 00:09:36.981,1.05489,1.0551
2013.03.12 00:09:38.869,1.05491,1.0551
2013.03.12 00:09:39.229,1.05491,1.05513
2013.03.12 00:09:39.290,1.05491,1.05515
2013.03.12 00:09:40.109,1.05496,1.05517
2013.03.12 00:09:40.459,1.05496,1.05518
2013.03.12 00:09:42.669,1.05491,1.05515
2013.03.12 00:09:42.849,1.05491,1.05515
2013.03.12 00:09:43.714,1.05496,1.0552
2013.03.12 00:09:43.941,1.05496,1.0552
2013.03.12 00:09:45.975,1.05496,1.0552
2013.03.12 00:09:46.221,1.05496,1.0552
2013.03.12 00:09:46.805,1.05496,1.0552
2013.03.12 00:09:47.961,1.05496,1.0552
2013.03.12 00:09:50.140,1.05496,1.0552
2013.03.12 00:09:51.239,1.05496,1.0552
2013.03.12 00:09:51.720,1.05497,1.0552
2013.03.12 00:09:53.269,1.05498,1.0552
2013.03.12 00:09:57.811,1.05496,1.0552
2013.03.12 00:09:58.420,1.05496,1.05519
2013.03.12 00:09:58.680,1.05496,1.0552
2013.03.12 00:09:59.159,1.05495,1.05519
2013.03.12 00:09:59.629,1.05495,1.05518
2013.03.12 00:10:00.413,1.05491,1.05515
2013.03.12 00:10:01.940,1.05491,1.05515
2013.03.12 00:10:02.060,1.05491,1.05514
2013.03.12 00:10:02.180,1.05491,1.05514
2013.03.12 00:10:02.419,1.05485,1.0551
2013.03.12 00:10:02.719,1.05485,1.05509
2013.03.12 00:10:02.959,1.05485,1.05509
2013.03.12 00:10:03.079,1.05484,1.05508
2013.03.12 00:10:03.589,1.05479,1.055
2013.03.12 00:10:04.458,1.05479,1.055
2013.03.12 00:10:05.604,1.05481,1.05504
2013.03.12 00:10:06.767,1.05481,1.05504
2013.03.12 00:10:07.915,1.05481,1.05504
2013.03.12 00:10:09.750,1.05478,1.055
2013.03.12 00:10:10.270,1.05476,1.055
2013.03.12 00:10:10.830,1.05476,1.055
2013.03.12 00:10:11.189,1.05482,1.05503
2013.03.12 00:10:11.249,1.05482,1.05505
2013.03.12 00:10:11.369,1.0548,1.05506
2013.03.12 00:10:11.430,1.0548,1.05506
2013.03.12 00:10:11.940,1.0548,1.05506
2013.03.12 00:10:12.159,1.0548,1.05506
2013.03.12 00:10:14.079,1.0548,1.05506
2013.03.12 00:10:14.139,1.0548,1.05504
2013.03.12 00:10:14.380,1.05482,1.05509
2013.03.12 00:10:14.500,1.05482,1.05509
2013.03.12 00:10:14.681,1.05485,1.05509
2013.03.12 00:10:14.920,1.05485,1.05509
2013.03.12 00:10:15.041,1.05485,1.0551
2013.03.12 00:10:19.159,1.05485,1.0551
2013.03.12 00:10:19.870,1.05485,1.0551
2013.03.12 00:10:19.997,1.05484,1.05508
2013.03.12 00:10:20.067,1.05484,1.05508
2013.03.12 00:10:22.932,1.05482,1.05505
2013.03.12 00:10:23.279,1.05482,1.05505
2013.03.12 00:10:23.581,1.05484,1.05509
2013.03.12 00:10:24.125,1.05484,1.05509
2013.03.12 00:10:25.521,1.05487,1.0551
2013.03.12 00:10:26.054,1.05485,1.05509
2013.03.12 00:10:26.581,1.05485,1.05509
2013.03.12 00:10:27.243,1.05485,1.05509
2013.03.12 00:10:29.949,1.05485,1.05509
2013.03.12 00:10:30.666,1.05485,1.05509
2013.03.12 00:10:31.960,1.05487,1.05509
2013.03.12 00:10:32.319,1.05487,1.05509
2013.03.12 00:10:32.499,1.05485,1.05509
2013.03.12 00:10:34.150,1.05484,1.05509
2013.03.12 00:10:34.689,1.05485,1.05509
2013.03.12 00:10:34.779,1.05484,1.05509
2013.03.12 00:10:37.538,1.05484,1.0551
2013.03.12 00:10:37.850,1.05484,1.05508
2013.03.12 00:10:37.912,1.05484,1.05508
2013.03.12 00:10:38.450,1.05481,1.05504
2013.03.12 00:10:39.971,1.05484,1.05506
2013.03.12 00:10:40.210,1.0548,1.05504
2013.03.12 00:10:40.631,1.05475,1.05499
2013.03.12 00:10:41.191,1.05475,1.05499
2013.03.12 00:10:42.775,1.05473,1.05499
2013.03.12 00:10:43.420,1.05475,1.05498
2013.03.12 00:10:44.540,1.05475,1.05498
2013.03.12 00:10:48.270,1.05475,1.05495
2013.03.12 00:10:48.810,1.05475,1.05495
2013.03.12 00:10:52.943,1.05475,1.05499
2013.03.12 00:10:54.246,1.05475,1.05499
2013.03.12 00:10:57.780,1.05475,1.05499
2013.03.12 00:10:58.879,1.05475,1.05499
2013.03.12 00:10:59.382,1.05475,1.05499
2013.03.12 00:10:59.895,1.05475,1.05499
2013.03.12 00:11:13.272,1.05475,1.05498
2013.03.12 00:11:13.699,1.05475,1.05497
2013.03.12 00:11:16.511,1.05475,1.05497
2013.03.12 00:11:16.861,1.05471,1.05496
2013.03.12 00:11:17.221,1.05469,1.0549
2013.03.12 00:11:23.660,1.0547,1.0549
2013.03.12 00:11:24.212,1.05471,1.05493
2013.03.12 00:11:24.540,1.05472,1.05496
2013.03.12 00:11:28.940,1.05472,1.05496
2013.03.12 00:11:29.170,1.05474,1.05498
2013.03.12 00:11:29.470,1.05476,1.05498
2013.03.12 00:11:29.991,1.05476,1.05498
2013.03.12 00:11:30.511,1.05476,1.05498
2013.03.12 00:11:30.872,1.05479,1.05501
2013.03.12 00:11:31.232,1.05481,1.05503
2013.03.12 00:11:31.793,1.05476,1.055
2013.03.12 00:11:32.011,1.05476,1.055
2013.03.12 00:11:32.529,1.05476,1.05499
2013.03.12 00:11:32.712,1.05476,1.05499
2013.03.12 00:11:32.951,1.05476,1.05498
2013.03.12 00:11:33.310,1.05477,1.055
2013.03.12 00:11:33.864,1.05476,1.055
2013.03.12 00:11:34.784,1.05476,1.05498
2013.03.12 00:11:34.864,1.05477,1.05498
2013.03.12 00:11:34.941,1.05477,1.05499
2013.03.12 00:11:35.150,1.05477,1.05499
2013.03.12 00:11:35.480,1.05477,1.05499
2013.03.12 00:11:35.681,1.05482,1.05503
2013.03.12 00:11:35.740,1.05482,1.05503
2013.03.12 00:11:36.101,1.05485,1.05506
2013.03.12 00:11:36.632,1.05486,1.05506
2013.03.12 00:11:38.160,1.05482,1.05505
2013.03.12 00:11:38.781,1.05482,1.05505
2013.03.12 00:11:39.976,1.05482,1.05505
2013.03.12 00:11:42.542,1.05482,1.05505
2013.03.12 00:11:42.660,1.0548,1.05505
2013.03.12 00:11:42.990,1.05479,1.05502
2013.03.12 00:11:47.052,1.05481,1.05504
2013.03.12 00:12:02.429,1.05481,1.05504
2013.03.12 00:12:02.550,1.05481,1.05504
2013.03.12 00:12:03.161,1.05482,1.05508
2013.03.12 00:12:03.591,1.05484,1.05508
2013.03.12 00:12:03.960,1.05484,1.05508
2013.03.12 00:12:04.152,1.05486,1.05508
2013.03.12 00:12:04.210,1.05487,1.05508
2013.03.12 00:12:04.712,1.05487,1.0551
2013.03.12 00:12:14.090,1.05487,1.0551
2013.03.12 00:12:14.821,1.05486,1.05508
2013.03.12 00:12:21.740,1.05484,1.05508
2013.03.12 00:12:22.498,1.05485,1.05508
2013.03.12 00:12:27.171,1.05483,1.05508
2013.03.12 00:12:27.590,1.05484,1.05508
2013.03.12 00:12:30.737,1.05484,1.05504
2013.03.12 00:12:30.800,1.05484,1.05504
2013.03.12 00:12:32.091,1.05484,1.05504
2013.03.12 00:12:32.658,1.05482,1.05505
2013.03.12 00:12:33.979,1.05482,1.05505
2013.03.12 00:12:34.399,1.0548,1.05505
2013.03.12 00:12:52.501,1.05477,1.055
2013.03.12 00:12:53.039,1.05478,1.055
2013.03.12 00:12:53.689,1.0548,1.05504
2013.03.12 00:13:05.353,1.0548,1.05505
2013.03.12 00:13:05.729,1.0548,1.05505
2013.03.12 00:13:15.820,1.05481,1.05505
2013.03.12 00:13:16.165,1.05483,1.05505
2013.03.12 00:13:16.676,1.05482,1.05505
2013.03.12 00:13:16.741,1.05479,1.05505
2013.03.12 00:13:16.799,1.05479,1.05505
2013.03.12 00:13:17.121,1.0548,1.05504
2013.03.12 00:13:17.240,1.0548,1.05505
2013.03.12 00:13:17.469,1.05479,1.05504
2013.03.12 00:13:17.842,1.05479,1.05505
2013.03.12 00:13:19.369,1.05479,1.05504
2013.03.12 00:13:19.799,1.05483,1.05505
2013.03.12 00:13:19.859,1.05483,1.05506
2013.03.12 00:13:20.319,1.0548,1.05505
2013.03.12 00:13:20.779,1.0548,1.05505
2013.03.12 00:13:23.177,1.0548,1.05505
2013.03.12 00:13:23.840,1.0548,1.05505
2013.03.12 00:13:24.119,1.05479,1.05505
2013.03.12 00:13:24.632,1.05478,1.05505
2013.03.12 00:13:24.870,1.05479,1.05504
2013.03.12 00:13:24.991,1.05482,1.05504
2013.03.12 00:13:28.448,1.05483,1.05504
2013.03.12 00:13:28.969,1.05479,1.05503
2013.03.12 00:13:29.920,1.05479,1.05503
2013.03.12 00:13:29.980,1.05477,1.05503
2013.03.12 00:13:30.520,1.05477,1.05503
2013.03.12 00:13:30.640,1.05477,1.05503
2013.03.12 00:13:30.857,1.05477,1.05499
2013.03.12 00:13:37.050,1.05475,1.05499
2013.03.12 00:13:37.696,1.05475,1.05499
2013.03.12 00:13:42.985,1.05475,1.05499
2013.03.12 00:13:45.649,1.05475,1.05499
2013.03.12 00:13:48.091,1.05477,1.05502
2013.03.12 00:13:48.210,1.05478,1.05503
2013.03.12 00:13:48.491,1.05478,1.05503
2013.03.12 00:13:48.671,1.05478,1.05503
2013.03.12 00:13:49.302,1.05478,1.05503
2013.03.12 00:13:54.620,1.05479,1.05503
2013.03.12 00:13:56.810,1.05478,1.05503
2013.03.12 00:13:57.321,1.05478,1.05502
2013.03.12 00:14:04.970,1.05479,1.05503
2013.03.12 00:14:05.589,1.05479,1.05504
2013.03.12 00:14:17.357,1.05479,1.05503
2013.03.12 00:14:17.659,1.05478,1.05499
2013.03.12 00:14:17.940,1.05475,1.05499
2013.03.12 00:14:18.449,1.05474,1.05499
2013.03.12 00:14:19.139,1.05476,1.05499
2013.03.12 00:14:19.734,1.05476,1.05499
2013.03.12 00:14:23.310,1.05476,1.05502
2013.03.12 00:14:23.771,1.05478,1.05502
2013.03.12 00:14:24.221,1.05476,1.05502
2013.03.12 00:14:24.994,1.05477,1.05502
2013.03.12 00:14:25.610,1.05476,1.05499
2013.03.12 00:14:25.913,1.05471,1.05497
2013.03.12 00:14:25.980,1.05471,1.05497
2013.03.12 00:14:26.769,1.05471,1.05497
2013.03.12 00:14:28.505,1.05471,1.05497
2013.03.12 00:14:28.880,1.05471,1.05497
2013.03.12 00:14:29.425,1.05471,1.05496
2013.03.12 00:14:30.651,1.05471,1.05493
2013.03.12 00:14:30.770,1.05467,1.05492
2013.03.12 00:14:30.970,1.05466,1.05492
2013.03.12 00:14:31.340,1.05467,1.05492
2013.03.12 00:14:31.953,1.05467,1.05492
2013.03.12 00:14:32.479,1.05467,1.05492
2013.03.12 00:14:38.302,1.05466,1.05492
2013.03.12 00:14:38.361,1.05465,1.05492
2013.03.12 00:14:38.942,1.05465,1.05492
2013.03.12 00:14:41.005,1.05465,1.05489
2013.03.12 00:14:42.143,1.05466,1.05492
2013.03.12 00:14:42.380,1.05467,1.0549
2013.03.12 00:14:42.500,1.05467,1.0549
2013.03.12 00:14:42.930,1.05467,1.05492
2013.03.12 00:14:44.712,1.0547,1.05493
2013.03.12 00:14:50.262,1.05469,1.05493
2013.03.12 00:14:50.330,1.05467,1.05492
2013.03.12 00:14:51.140,1.05469,1.05491
2013.03.12 00:14:56.890,1.05467,1.05489
2013.03.12 00:14:57.557,1.05467,1.05489
2013.03.12 00:15:08.780,1.05467,1.05489
2013.03.12 00:15:09.450,1.05466,1.05489
2013.03.12 00:15:14.101,1.05467,1.05488
2013.03.12 00:15:14.587,1.05466,1.05488
2013.03.12 00:15:15.072,1.05467,1.05488
2013.03.12 00:15:19.241,1.05467,1.05492
2013.03.12 00:15:24.316,1.05467,1.05492
2013.03.12 00:15:24.380,1.05469,1.05493
2013.03.12 00:15:29.710,1.05469,1.05493
2013.03.12 00:15:33.748,1.05471,1.05493
2013.03.12 00:15:34.474,1.05472,1.05493
2013.03.12 00:15:35.665,1.05471,1.05493
2013.03.12 00:15:37.266,1.05471,1.05493
2013.03.12 00:15:37.600,1.0547,1.05492
2013.03.12 00:15:45.050,1.05465,1.05491
2013.03.12 00:15:45.170,1.05466,1.0549
2013.03.12 00:15:46.980,1.05466,1.05488
2013.03.12 00:15:47.040,1.05465,1.05488
2013.03.12 00:15:47.160,1.05465,1.05488
2013.03.12 00:15:47.786,1.05465,1.05488
2013.03.12 00:15:49.679,1.05466,1.05488
2013.03.12 00:15:50.120,1.05466,1.05489
2013.03.12 00:15:50.860,1.05466,1.05491
2013.03.12 00:15:52.222,1.05465,1.05491
2013.03.12 00:15:53.290,1.05465,1.05491
2013.03.12 00:15:53.471,1.05463,1.05489
2013.03.12 00:16:03.757,1.05466,1.05488
2013.03.12 00:16:10.659,1.05467,1.05488
2013.03.12 00:16:11.839,1.05463,1.05485
2013.03.12 00:16:12.021,1.05461,1.05479
2013.03.12 00:16:12.331,1.05461,1.05479
2013.03.12 00:16:12.650,1.05463,1.05479
2013.03.12 00:16:12.771,1.05463,1.05484
2013.03.12 00:16:14.321,1.05464,1.05486
2013.03.12 00:16:14.440,1.05466,1.05486
2013.03.12 00:16:14.772,1.05466,1.0549
2013.03.12 00:16:15.240,1.05466,1.0549
2013.03.12 00:16:18.187,1.05466,1.0549
2013.03.12 00:16:18.328,1.05466,1.0549
2013.03.12 00:16:18.821,1.05461,1.05486
2013.03.12 00:16:19.370,1.05461,1.05486
2013.03.12 00:16:19.671,1.05461,1.05486
2013.03.12 00:16:23.020,1.05461,1.05486
2013.03.12 00:16:23.081,1.05462,1.05487
2013.03.12 00:16:23.201,1.05464,1.05487
2013.03.12 00:16:23.320,1.05465,1.05491
2013.03.12 00:16:23.444,1.05464,1.05488
2013.03.12 00:16:23.512,1.05465,1.05489
2013.03.12 00:16:23.693,1.05466,1.05489
2013.03.12 00:16:24.001,1.05466,1.05491
2013.03.12 00:16:29.230,1.05466,1.05491
2013.03.12 00:16:30.074,1.05466,1.05491
2013.03.12 00:16:38.224,1.05466,1.05491
2013.03.12 00:16:40.931,1.05469,1.05492
2013.03.12 00:16:40.990,1.05467,1.05491
2013.03.12 00:16:41.271,1.05467,1.05491
2013.03.12 00:16:41.669,1.05469,1.05491
2013.03.12 00:16:42.620,1.05469,1.05491
2013.03.12 00:16:47.250,1.05469,1.05492
2013.03.12 00:16:47.755,1.0547,1.05492
2013.03.12 00:16:48.180,1.05471,1.05494
2013.03.12 00:16:48.700,1.05474,1.05494
2013.03.12 00:16:49.446,1.05475,1.05494
2013.03.12 00:16:53.952,1.05474,1.05494
2013.03.12 00:17:04.279,1.05474,1.05495
2013.03.12 00:17:14.659,1.05474,1.05496
2013.03.12 00:17:18.379,1.05474,1.05498
2013.03.12 00:17:28.079,1.05474,1.05498
2013.03.12 00:17:48.230,1.05474,1.05498
2013.03.12 00:17:48.935,1.05474,1.05498
2013.03.12 00:18:08.635,1.05474,1.05498
2013.03.12 00:18:12.920,1.05477,1.05498
2013.03.12 00:18:13.159,1.05475,1.055
2013.03.12 00:18:13.340,1.05475,1.05497
2013.03.12 00:18:13.701,1.05475,1.05497
2013.03.12 00:18:14.240,1.05474,1.05497
2013.03.12 00:18:14.489,1.05476,1.05497
2013.03.12 00:18:15.045,1.05477,1.05497
2013.03.12 00:18:23.470,1.05477,1.05503
2013.03.12 00:18:23.530,1.05477,1.05503
2013.03.12 00:18:24.499,1.05477,1.05503
2013.03.12 00:18:25.479,1.05477,1.05503
2013.03.12 00:18:26.205,1.05477,1.05503
2013.03.12 00:18:26.909,1.05477,1.05503
2013.03.12 00:18:31.779,1.05477,1.05503
2013.03.12 00:18:33.680,1.05477,1.05495
2013.03.12 00:18:33.741,1.05476,1.05495
2013.03.12 00:18:33.920,1.05476,1.05499
2013.03.12 00:18:34.546,1.05473,1.05496
2013.03.12 00:18:35.116,1.05474,1.05496
2013.03.12 00:18:41.500,1.05475,1.05501
2013.03.12 00:18:41.619,1.05475,1.05501
2013.03.12 00:18:41.904,1.05477,1.05501
2013.03.12 00:18:42.465,1.05477,1.05501
2013.03.12 00:18:50.211,1.05476,1.05501
2013.03.12 00:18:53.369,1.05477,1.05501
2013.03.12 00:18:56.010,1.05475,1.05501
2013.03.12 00:18:56.788,1.05476,1.05499
2013.03.12 00:19:03.213,1.05476,1.05499
2013.03.12 00:19:10.080,1.05475,1.05499
2013.03.12 00:19:10.381,1.05477,1.05501
2013.03.12 00:19:10.560,1.05477,1.055
2013.03.12 00:19:11.570,1.05475,1.055
2013.03.12 00:19:11.880,1.05476,1.05501
2013.03.12 00:19:12.201,1.05476,1.05501
2013.03.12 00:19:12.560,1.05479,1.05504
2013.03.12 00:19:13.251,1.0548,1.05504
2013.03.12 00:19:14.975,1.05482,1.05506
2013.03.12 00:19:16.100,1.05481,1.05504
2013.03.12 00:19:19.640,1.05484,1.05509
2013.03.12 00:19:22.100,1.05484,1.05509
2013.03.12 00:19:25.290,1.05484,1.05509
2013.03.12 00:19:31.350,1.05485,1.05512
2013.03.12 00:19:31.710,1.05489,1.05512
2013.03.12 00:19:32.280,1.05488,1.05512
2013.03.12 00:19:33.687,1.05487,1.05512
2013.03.12 00:19:34.220,1.05486,1.0551
2013.03.12 00:19:37.149,1.05486,1.05509
2013.03.12 00:19:37.551,1.05485,1.05509
2013.03.12 00:19:38.062,1.05485,1.05509
2013.03.12 00:19:41.251,1.05484,1.05509
2013.03.12 00:19:42.210,1.05484,1.05509
2013.03.12 00:19:42.452,1.05484,1.05508
2013.03.12 00:19:43.792,1.05484,1.05508
2013.03.12 00:19:47.750,1.05484,1.05508
2013.03.12 00:19:50.000,1.05485,1.05508
2013.03.12 00:19:57.293,1.05485,1.05508
2013.03.12 00:19:57.717,1.05485,1.05506
2013.03.12 00:20:01.451,1.05483,1.05504
2013.03.12 00:20:01.670,1.05485,1.05506
2013.03.12 00:20:02.960,1.05484,1.05506
2013.03.12 00:20:06.308,1.05483,1.05506
2013.03.12 00:20:07.132,1.05484,1.05506
2013.03.12 00:20:09.440,1.05484,1.05504
2013.03.12 00:20:09.780,1.05484,1.05505
2013.03.12 00:20:10.020,1.05481,1.05502
2013.03.12 00:20:10.141,1.05479,1.05502
2013.03.12 00:20:10.442,1.05477,1.055
2013.03.12 00:20:10.501,1.05476,1.055
2013.03.12 00:20:11.450,1.05477,1.055
2013.03.12 00:20:15.936,1.05477,1.055
2013.03.12 00:20:18.686,1.05477,1.055
2013.03.12 00:20:19.294,1.05478,1.05501
2013.03.12 00:20:19.720,1.05481,1.05501
2013.03.12 00:20:23.451,1.05482,1.05502
2013.03.12 00:20:23.781,1.05482,1.05502
2013.03.12 00:20:24.851,1.05483,1.05502
2013.03.12 00:20:25.341,1.0548,1.05502
2013.03.12 00:20:26.001,1.05481,1.05502
2013.03.12 00:20:30.170,1.05481,1.05502
2013.03.12 00:20:30.675,1.05483,1.05502
2013.03.12 00:20:52.940,1.05485,1.05503
2013.03.12 00:20:55.580,1.05484,1.05503
2013.03.12 00:21:04.182,1.05485,1.05503
2013.03.12 00:21:06.770,1.05483,1.05503
2013.03.12 00:21:09.273,1.05483,1.05507
2013.03.12 00:21:10.772,1.05483,1.05507
2013.03.12 00:21:11.819,1.05483,1.05504
2013.03.12 00:21:14.405,1.05483,1.05506
2013.03.12 00:21:14.478,1.05483,1.05508
2013.03.12 00:21:24.412,1.05482,1.05506
2013.03.12 00:21:56.313,1.05483,1.05504
2013.03.12 00:21:56.615,1.05485,1.05504
2013.03.12 00:21:56.740,1.05485,1.05506
2013.03.12 00:22:01.081,1.05483,1.05506
2013.03.12 00:22:01.630,1.05484,1.05506
2013.03.12 00:22:13.680,1.05484,1.05504
2013.03.12 00:22:14.248,1.05484,1.05502
2013.03.12 00:22:16.451,1.05484,1.05505
2013.03.12 00:22:17.078,1.05484,1.05505
2013.03.12 00:22:17.921,1.05485,1.05505
2013.03.12 00:22:29.954,1.05486,1.05505
2013.03.12 00:22:30.518,1.05485,1.05505
2013.03.12 00:22:31.390,1.05485,1.05505
2013.03.12 00:22:52.210,1.05486,1.05506
2013.03.12 00:22:52.661,1.05486,1.05506
2013.03.12 00:22:58.134,1.05486,1.05508
2013.03.12 00:23:05.690,1.05485,1.05508
2013.03.12 00:23:06.231,1.05485,1.05508
2013.03.12 00:23:06.662,1.05485,1.05509
2013.03.12 00:23:10.960,1.05485,1.05508
2013.03.12 00:23:11.790,1.05486,1.05508
2013.03.12 00:23:12.333,1.05486,1.05508
2013.03.12 00:23:23.952,1.05486,1.05508
2013.03.12 00:23:24.490,1.05485,1.05508
2013.03.12 00:23:24.551,1.05485,1.05509
2013.03.12 00:23:24.910,1.05479,1.05503
2013.03.12 00:23:26.142,1.05477,1.05499
2013.03.12 00:23:27.451,1.05477,1.05499
2013.03.12 00:23:27.852,1.05477,1.05499
2013.03.12 00:23:29.963,1.05477,1.05499
2013.03.12 00:23:33.742,1.05479,1.05503
2013.03.12 00:23:34.331,1.05479,1.05503
2013.03.12 00:23:34.701,1.05481,1.05503
2013.03.12 00:23:34.881,1.05481,1.05503
2013.03.12 00:23:35.421,1.05483,1.05509
2013.03.12 00:23:35.987,1.05483,1.05509
2013.03.12 00:23:36.658,1.05483,1.05509
2013.03.12 00:23:36.892,1.05483,1.05509
2013.03.12 00:23:37.131,1.05483,1.05509
2013.03.12 00:23:37.421,1.05483,1.05509
2013.03.12 00:23:38.680,1.05482,1.05507
2013.03.12 00:23:39.423,1.05482,1.05507
2013.03.12 00:23:42.253,1.05482,1.05506
2013.03.12 00:23:45.270,1.05482,1.05508
2013.03.12 00:23:45.390,1.05483,1.05508
2013.03.12 00:23:45.967,1.05483,1.05508
2013.03.12 00:23:48.220,1.05483,1.05508
2013.03.12 00:24:02.110,1.05482,1.05508
2013.03.12 00:24:03.261,1.05482,1.05508
2013.03.12 00:24:05.201,1.05481,1.05505
2013.03.12 00:24:05.651,1.05481,1.05504
2013.03.12 00:24:06.397,1.05481,1.05504
2013.03.12 00:24:07.100,1.05481,1.05504
2013.03.12 00:24:07.280,1.05481,1.05504
2013.03.12 00:24:10.631,1.0548,1.05504
2013.03.12 00:24:10.811,1.05477,1.05503
2013.03.12 00:24:11.352,1.05476,1.05503
2013.03.12 00:24:11.471,1.05476,1.05503
2013.03.12 00:24:16.790,1.05477,1.05503
2013.03.12 00:24:17.101,1.05477,1.05503
2013.03.12 00:24:17.610,1.05477,1.05503
2013.03.12 00:24:18.228,1.05477,1.05503
2013.03.12 00:24:20.023,1.05477,1.05503
2013.03.12 00:24:20.672,1.05477,1.05503
2013.03.12 00:24:21.368,1.05477,1.05503
2013.03.12 00:24:22.032,1.05477,1.05503
2013.03.12 00:24:22.391,1.05482,1.05508
2013.03.12 00:24:22.927,1.05482,1.05508
2013.03.12 00:24:24.665,1.05482,1.05508
2013.03.12 00:24:25.030,1.05482,1.05508
2013.03.12 00:24:25.830,1.05482,1.05508
2013.03.12 00:24:28.383,1.05482,1.05508
2013.03.12 00:24:28.913,1.05482,1.05507
2013.03.12 00:24:29.459,1.05482,1.05507
2013.03.12 00:24:30.550,1.05482,1.05504
2013.03.12 00:24:31.841,1.05482,1.05504
2013.03.12 00:24:32.449,1.05482,1.05504
2013.03.12 00:24:33.640,1.05482,1.05507
2013.03.12 00:24:38.245,1.05482,1.05504
2013.03.12 00:24:40.201,1.05482,1.05503
2013.03.12 00:24:42.293,1.05482,1.05503
2013.03.12 00:24:44.590,1.05481,1.05503
2013.03.12 00:24:45.794,1.0548,1.05501
2013.03.12 00:24:45.981,1.0548,1.05501
2013.03.12 00:24:46.511,1.05476,1.05499
2013.03.12 00:24:46.752,1.05476,1.05499
2013.03.12 00:24:49.992,1.05476,1.05499
2013.03.12 00:24:50.413,1.05478,1.05502
2013.03.12 00:24:50.532,1.05479,1.05502
2013.03.12 00:24:50.711,1.05484,1.05508
2013.03.12 00:24:51.444,1.05484,1.05508
2013.03.12 00:24:51.961,1.05484,1.05508
2013.03.12 00:24:52.501,1.05484,1.05508
2013.03.12 00:24:52.621,1.05484,1.05508
2013.03.12 00:24:53.511,1.05484,1.05508
2013.03.12 00:24:57.340,1.05484,1.05508
2013.03.12 00:24:57.912,1.05484,1.05508
2013.03.12 00:24:58.415,1.05484,1.05508
2013.03.12 00:25:00.471,1.05484,1.05508
2013.03.12 00:25:12.612,1.0548,1.05505
2013.03.12 00:25:17.070,1.05481,1.05505
2013.03.12 00:25:21.902,1.05481,1.05505
2013.03.12 00:25:22.699,1.05479,1.05505
2013.03.12 00:25:29.010,1.05483,1.05505
2013.03.12 00:25:29.640,1.05483,1.05505
2013.03.12 00:25:32.099,1.05483,1.05506
2013.03.12 00:25:40.886,1.05483,1.05506
2013.03.12 00:25:42.951,1.05483,1.05506
2013.03.12 00:25:47.783,1.05483,1.05506
2013.03.12 00:25:50.761,1.05485,1.05506
2013.03.12 00:25:59.820,1.05487,1.05512
2013.03.12 00:26:07.441,1.05487,1.05509
2013.03.12 00:26:10.872,1.05487,1.05509
2013.03.12 00:26:10.991,1.05487,1.05511
2013.03.12 00:26:11.221,1.05488,1.05511
2013.03.12 00:26:21.061,1.05488,1.05511
2013.03.12 00:26:21.311,1.05487,1.05511
2013.03.12 00:26:21.642,1.05491,1.05514
2013.03.12 00:26:27.062,1.05491,1.05514
2013.03.12 00:26:27.782,1.05491,1.05515
2013.03.12 00:26:32.422,1.05496,1.05519
2013.03.12 00:26:36.465,1.05496,1.05519
2013.03.12 00:26:38.648,1.05496,1.0552
2013.03.12 00:26:41.571,1.05496,1.0552
2013.03.12 00:26:42.061,1.05501,1.05524
2013.03.12 00:26:42.541,1.05501,1.05524
2013.03.12 00:26:45.093,1.05501,1.05524
2013.03.12 00:26:48.678,1.05501,1.05524
2013.03.12 00:26:49.661,1.05501,1.05524
2013.03.12 00:26:50.168,1.05501,1.05524
2013.03.12 00:26:50.232,1.05501,1.05524
2013.03.12 00:26:51.922,1.05501,1.05524
2013.03.12 00:26:51.984,1.05506,1.05527
2013.03.12 00:26:53.922,1.05501,1.05525
2013.03.12 00:26:54.231,1.05501,1.05525
2013.03.12 00:26:54.671,1.05502,1.05525
2013.03.12 00:26:56.047,1.05502,1.05525
2013.03.12 00:26:57.203,1.05502,1.05525
2013.03.12 00:26:57.807,1.05502,1.05525
2013.03.12 00:27:03.431,1.05501,1.05526
2013.03.12 00:27:09.903,1.05504,1.05527
2013.03.12 00:27:12.976,1.05504,1.05528
2013.03.12 00:27:15.732,1.05503,1.05528
2013.03.12 00:27:16.511,1.05503,1.05528
2013.03.12 00:27:34.701,1.05504,1.0553
2013.03.12 00:27:35.203,1.05505,1.0553
2013.03.12 00:27:41.062,1.0551,1.05533
2013.03.12 00:27:45.916,1.0551,1.05533
2013.03.12 00:27:47.471,1.0551,1.05533
2013.03.12 00:27:50.089,1.0551,1.05533
2013.03.12 00:27:50.772,1.0551,1.05533
2013.03.12 00:27:52.722,1.0551,1.05533
2013.03.12 00:27:57.337,1.05507,1.05533
2013.03.12 00:27:57.761,1.05507,1.05533
2013.03.12 00:28:00.417,1.0551,1.05534
2013.03.12 00:28:01.644,1.05507,1.05533
2013.03.12 00:28:08.483,1.0551,1.05534
2013.03.12 00:28:09.031,1.0551,1.05534
2013.03.12 00:28:09.211,1.0551,1.05534
2013.03.12 00:28:10.478,1.0551,1.05534
2013.03.12 00:28:10.809,1.0551,1.05534
2013.03.12 00:28:11.241,1.0551,1.05535
2013.03.12 00:28:11.761,1.0551,1.05534
2013.03.12 00:28:13.051,1.0551,1.05534
2013.03.12 00:28:17.370,1.0551,1.05535
2013.03.12 00:28:17.791,1.0551,1.05537
2013.03.12 00:28:22.251,1.05512,1.05538
2013.03.12 00:28:22.811,1.05512,1.05538
2013.03.12 00:28:33.142,1.05512,1.05538
2013.03.12 00:28:35.121,1.05512,1.05539
2013.03.12 00:28:39.432,1.05513,1.05539
2013.03.12 00:28:39.772,1.05513,1.0554
2013.03.12 00:28:40.071,1.05517,1.05543
2013.03.12 00:28:40.322,1.05517,1.05543
2013.03.12 00:28:40.953,1.05519,1.05543
2013.03.12 00:28:41.422,1.05519,1.05543
2013.03.12 00:28:41.541,1.05516,1.05542
2013.03.12 00:28:41.841,1.05513,1.05539
2013.03.12 00:28:42.262,1.0551,1.05534
2013.03.12 00:28:42.742,1.05516,1.05539
2013.03.12 00:28:42.802,1.05516,1.05539
2013.03.12 00:28:58.301,1.05521,1.05539
2013.03.12 00:28:58.361,1.05521,1.05542
2013.03.12 00:28:58.421,1.05523,1.05543
2013.03.12 00:28:58.721,1.05526,1.05547
2013.03.12 00:28:58.783,1.05526,1.05549
2013.03.12 00:28:58.902,1.05522,1.05547
2013.03.12 00:28:59.202,1.05518,1.05543
2013.03.12 00:28:59.321,1.05517,1.05543
2013.03.12 00:28:59.442,1.05516,1.05542
2013.03.12 00:29:00.142,1.05511,1.05539
2013.03.12 00:29:05.922,1.05515,1.05542
2013.03.12 00:29:05.981,1.05516,1.05544
2013.03.12 00:29:06.222,1.05517,1.05544
2013.03.12 00:29:06.342,1.05522,1.05547
2013.03.12 00:29:06.521,1.05522,1.05547
2013.03.12 00:29:07.062,1.05522,1.05545
2013.03.12 00:29:12.588,1.05522,1.05545
2013.03.12 00:29:15.204,1.05522,1.05547
2013.03.12 00:29:15.262,1.05522,1.05547
2013.03.12 00:29:15.743,1.05521,1.05547
2013.03.12 00:29:16.153,1.05523,1.05543
2013.03.12 00:29:16.331,1.05526,1.05547
2013.03.12 00:29:17.162,1.05522,1.05547
2013.03.12 00:29:17.282,1.05522,1.05546
2013.03.12 00:29:17.611,1.05525,1.05544
2013.03.12 00:29:18.903,1.05522,1.05544
2013.03.12 00:29:19.322,1.05518,1.05544
2013.03.12 00:29:19.502,1.05518,1.05547
2013.03.12 00:29:19.563,1.0552,1.05548
2013.03.12 00:29:19.682,1.05526,1.05548
2013.03.12 00:29:20.682,1.05522,1.05548
2013.03.12 00:29:21.373,1.05521,1.05548
2013.03.12 00:29:22.021,1.05522,1.05548
2013.03.12 00:29:23.021,1.05521,1.05548
2013.03.12 00:29:24.242,1.05521,1.05547
2013.03.12 00:29:24.302,1.0552,1.05544
2013.03.12 00:29:24.422,1.05519,1.05544
2013.03.12 00:29:24.543,1.05516,1.05544
2013.03.12 00:29:24.841,1.05515,1.05542
2013.03.12 00:29:25.142,1.05514,1.05539
2013.03.12 00:29:25.761,1.05511,1.05539
2013.03.12 00:29:25.821,1.05511,1.05539
2013.03.12 00:29:33.822,1.05511,1.05539
2013.03.12 00:29:34.342,1.05511,1.05538
2013.03.12 00:29:37.144,1.05511,1.05539
2013.03.12 00:29:40.551,1.05511,1.05538
2013.03.12 00:29:45.191,1.05512,1.05538
2013.03.12 00:29:51.551,1.0551,1.05538
2013.03.12 00:29:51.611,1.05509,1.05537
2013.03.12 00:29:51.732,1.05507,1.05534
2013.03.12 00:29:51.912,1.05506,1.05533
2013.03.12 00:29:52.031,1.05501,1.0553
2013.03.12 00:29:55.272,1.05499,1.05531
2013.03.12 00:29:57.371,1.05499,1.05531
2013.03.12 00:29:57.672,1.05503,1.05535
2013.03.12 00:29:58.151,1.05503,1.05534
2013.03.12 00:29:58.391,1.05503,1.05533
2013.03.12 00:30:01.995,1.055,1.05532
2013.03.12 00:30:02.712,1.05498,1.05532
2013.03.12 00:30:03.527,1.05498,1.05529
2013.03.12 00:30:03.652,1.05492,1.05528
2013.03.12 00:30:03.712,1.05492,1.05528
2013.03.12 00:30:03.832,1.05492,1.05526
2013.03.12 00:30:03.898,1.05489,1.05526
2013.03.12 00:30:04.031,1.05487,1.05524
2013.03.12 00:30:04.091,1.05489,1.05524
2013.03.12 00:30:04.673,1.05493,1.05526
2013.03.12 00:30:04.848,1.05492,1.05526
2013.03.12 00:30:04.919,1.05489,1.05524
2013.03.12 00:30:05.103,1.05486,1.05522
2013.03.12 00:30:05.402,1.05486,1.05522
2013.03.12 00:30:05.952,1.05486,1.0552
2013.03.12 00:30:06.256,1.05486,1.0552
2013.03.12 00:30:06.563,1.05477,1.05509
2013.03.12 00:30:07.144,1.05478,1.05509
2013.03.12 00:30:07.333,1.05476,1.0551
2013.03.12 00:30:07.394,1.05476,1.0551
2013.03.12 00:30:07.573,1.05474,1.05509
2013.03.12 00:30:07.992,1.05476,1.05504
2013.03.12 00:30:08.352,1.05474,1.05502
2013.03.12 00:30:08.595,1.05472,1.055
2013.03.12 00:30:09.370,1.05471,1.05501
2013.03.12 00:30:09.873,1.05472,1.05503
2013.03.12 00:30:10.352,1.05473,1.05501
2013.03.12 00:30:10.713,1.05476,1.055
2013.03.12 00:30:11.072,1.05472,1.05494
2013.03.12 00:30:11.132,1.05469,1.05496
2013.03.12 00:30:11.443,1.05469,1.05496
2013.03.12 00:30:11.752,1.05472,1.05497
2013.03.12 00:30:11.933,1.05476,1.05497
2013.03.12 00:30:12.502,1.05476,1.055
2013.03.12 00:30:13.102,1.05472,1.05498
2013.03.12 00:30:13.162,1.05472,1.05498
2013.03.12 00:30:13.297,1.05472,1.05498
2013.03.12 00:30:13.602,1.05467,1.05492
2013.03.12 00:30:14.143,1.05466,1.05492
2013.03.12 00:30:15.643,1.05466,1.05491
2013.03.12 00:30:16.723,1.05462,1.05486
2013.03.12 00:30:16.782,1.05462,1.05485
2013.03.12 00:30:17.389,1.05459,1.05484
2013.03.12 00:30:18.431,1.05456,1.05482
2013.03.12 00:30:18.792,1.05452,1.0548
2013.03.12 00:30:18.851,1.05451,1.05482
2013.03.12 00:30:18.972,1.0545,1.05477
2013.03.12 00:30:19.035,1.05449,1.05474
2013.03.12 00:30:19.162,1.0545,1.05477
2013.03.12 00:30:19.822,1.05447,1.05474
2013.03.12 00:30:19.943,1.05448,1.05474
2013.03.12 00:30:20.181,1.05446,1.05474
2013.03.12 00:30:20.241,1.05446,1.05474
2013.03.12 00:30:22.211,1.05446,1.05474
2013.03.12 00:30:22.582,1.05449,1.05474
2013.03.12 00:30:22.933,1.05451,1.05477
2013.03.12 00:30:23.111,1.05453,1.05478
2013.03.12 00:30:23.292,1.05453,1.05478
2013.03.12 00:30:23.888,1.05454,1.0548
2013.03.12 00:30:23.958,1.05458,1.05484
2013.03.12 00:30:24.552,1.05458,1.05483
2013.03.12 00:30:24.733,1.05452,1.05475
2013.03.12 00:30:24.972,1.05448,1.05474
2013.03.12 00:30:25.092,1.05448,1.05476
2013.03.12 00:30:25.273,1.05452,1.05479
2013.03.12 00:30:25.336,1.05453,1.05479
2013.03.12 00:30:25.522,1.05453,1.05479
2013.03.12 00:30:25.901,1.05457,1.05483
2013.03.12 00:30:25.962,1.05458,1.05484
2013.03.12 00:30:26.462,1.0546,1.05487
2013.03.12 00:30:26.701,1.05462,1.0549
2013.03.12 00:30:26.762,1.05462,1.05491
2013.03.12 00:30:27.104,1.05462,1.05487
2013.03.12 00:30:27.463,1.05462,1.05487
2013.03.12 00:30:27.522,1.05462,1.05487
2013.03.12 00:30:28.122,1.05462,1.05487
2013.03.12 00:30:28.482,1.05462,1.05486
2013.03.12 00:30:28.662,1.05458,1.05486
2013.03.12 00:30:28.723,1.05458,1.05486
2013.03.12 00:30:28.902,1.0546,1.05486
2013.03.12 00:30:29.141,1.05456,1.05482
2013.03.12 00:30:29.201,1.05456,1.05482
2013.03.12 00:30:29.322,1.05456,1.05482
2013.03.12 00:30:29.443,1.05457,1.05482
2013.03.12 00:30:29.981,1.05461,1.05485
2013.03.12 00:30:30.042,1.05461,1.05485
2013.03.12 00:30:30.162,1.05461,1.05485
2013.03.12 00:30:30.591,1.05461,1.05487
2013.03.12 00:30:32.212,1.05462,1.05488
2013.03.12 00:30:32.633,1.05464,1.05488
2013.03.12 00:30:33.282,1.05467,1.05488
2013.03.12 00:30:33.871,1.05466,1.0549
2013.03.12 00:30:35.597,1.05467,1.0549
2013.03.12 00:30:36.082,1.0547,1.05492
2013.03.12 00:30:36.202,1.05472,1.05495
2013.03.12 00:30:36.262,1.05472,1.05495
2013.03.12 00:30:36.570,1.05472,1.05492
2013.03.12 00:30:36.931,1.05467,1.05492
2013.03.12 00:30:36.992,1.05467,1.05492
2013.03.12 00:30:37.233,1.05467,1.05491
2013.03.12 00:30:37.632,1.05467,1.05491
2013.03.12 00:30:37.692,1.05467,1.05491
2013.03.12 00:30:37.872,1.05468,1.05491
2013.03.12 00:30:37.992,1.05468,1.05492
2013.03.12 00:30:39.872,1.05469,1.05495
2013.03.12 00:30:40.902,1.05472,1.05495
2013.03.12 00:30:41.871,1.05472,1.05495
2013.03.12 00:30:41.932,1.05475,1.05499
2013.03.12 00:30:42.122,1.05475,1.05499
2013.03.12 00:30:42.443,1.05472,1.05493
2013.03.12 00:30:42.574,1.0547,1.05493
2013.03.12 00:30:42.883,1.05467,1.05492
2013.03.12 00:30:43.064,1.05466,1.05492
2013.03.12 00:30:43.617,1.05473,1.05498
2013.03.12 00:30:43.924,1.05478,1.05502
2013.03.12 00:30:44.283,1.05471,1.05499
2013.03.12 00:30:44.822,1.05471,1.05498
2013.03.12 00:30:45.164,1.0547,1.05495
2013.03.12 00:30:45.562,1.05467,1.0549
2013.03.12 00:30:46.041,1.05467,1.0549
2013.03.12 00:30:46.542,1.05462,1.0549
2013.03.12 00:30:47.843,1.0546,1.05488
2013.03.12 00:30:48.023,1.0546,1.05488
2013.03.12 00:30:48.223,1.05457,1.05484
2013.03.12 00:30:48.701,1.05457,1.05485
2013.03.12 00:30:48.762,1.05459,1.05487
2013.03.12 00:30:49.674,1.05459,1.05485
2013.03.12 00:30:49.736,1.05456,1.05483
2013.03.12 00:30:49.863,1.05455,1.05483
2013.03.12 00:30:49.983,1.05459,1.05485
2013.03.12 00:30:50.042,1.05459,1.05487
2013.03.12 00:30:50.223,1.05464,1.05487
2013.03.12 00:30:50.463,1.05465,1.05492
2013.03.12 00:30:50.584,1.05466,1.05492
2013.03.12 00:30:50.942,1.05473,1.05497
2013.03.12 00:30:51.463,1.05473,1.055
2013.03.12 00:30:58.653,1.05474,1.05503
2013.03.12 00:30:58.714,1.05476,1.05503
2013.03.12 00:31:00.102,1.05476,1.05504
2013.03.12 00:31:01.706,1.05475,1.05503
2013.03.12 00:31:02.096,1.05473,1.05499
2013.03.12 00:31:02.653,1.05468,1.05496
2013.03.12 00:31:03.213,1.05468,1.05495
2013.03.12 00:31:03.846,1.05469,1.05495
2013.03.12 00:31:04.234,1.05472,1.05499
2013.03.12 00:31:04.421,1.05472,1.05499
2013.03.12 00:31:04.743,1.05472,1.055
2013.03.12 00:31:04.802,1.05472,1.05499
2013.03.12 00:31:05.102,1.05475,1.05501
2013.03.12 00:31:05.223,1.05473,1.05501
2013.03.12 00:31:05.413,1.05473,1.05501
2013.03.12 00:31:05.593,1.05473,1.055
2013.03.12 00:31:05.952,1.05467,1.05494
2013.03.12 00:31:06.314,1.05462,1.0549
2013.03.12 00:31:06.702,1.05462,1.05489
2013.03.12 00:31:07.012,1.05458,1.05485
2013.03.12 00:31:07.192,1.05459,1.05484
2013.03.12 00:31:07.252,1.05459,1.05483
2013.03.12 00:31:07.493,1.05457,1.05484
2013.03.12 00:31:08.172,1.05457,1.05484
2013.03.12 00:31:08.293,1.05453,1.05481
2013.03.12 00:31:08.494,1.05452,1.05481
2013.03.12 00:31:08.984,1.05456,1.05483
2013.03.12 00:31:09.712,1.05456,1.05483
2013.03.12 00:31:10.552,1.05457,1.05483
2013.03.12 00:31:10.733,1.05459,1.05483
2013.03.12 00:31:11.092,1.05463,1.0549
2013.03.12 00:31:11.213,1.05463,1.05489
2013.03.12 00:31:11.272,1.05459,1.05486
2013.03.12 00:31:11.716,1.05459,1.05486
2013.03.12 00:31:11.783,1.05458,1.05486
2013.03.12 00:31:11.974,1.05458,1.05485
2013.03.12 00:31:12.333,1.05461,1.05486
2013.03.12 00:31:12.392,1.05463,1.05488
2013.03.12 00:31:12.453,1.05461,1.05488
2013.03.12 00:31:13.232,1.05458,1.05486
2013.03.12 00:31:13.592,1.05464,1.0549
2013.03.12 00:31:13.952,1.05467,1.05492
2013.03.12 00:31:14.132,1.05467,1.05494
2013.03.12 00:31:14.732,1.05466,1.05492
2013.03.12 00:31:14.912,1.05465,1.05492
2013.03.12 00:31:15.154,1.0547,1.05498
2013.03.12 00:31:15.213,1.0547,1.05498
2013.03.12 00:31:15.694,1.0547,1.05498
2013.03.12 00:31:16.223,1.05475,1.05501
2013.03.12 00:31:16.582,1.05475,1.05501
2013.03.12 00:31:16.654,1.05475,1.05501
2013.03.12 00:31:16.842,1.05475,1.05502
2013.03.12 00:31:17.110,1.05475,1.05502
2013.03.12 00:31:19.994,1.05475,1.05502
2013.03.12 00:31:20.272,1.05473,1.055
2013.03.12 00:31:20.810,1.05473,1.055
2013.03.12 00:31:21.042,1.05476,1.05502
2013.03.12 00:31:21.343,1.05476,1.055
2013.03.12 00:31:21.649,1.05476,1.055
2013.03.12 00:31:21.892,1.05477,1.05503
2013.03.12 00:31:22.343,1.05477,1.05504
2013.03.12 00:31:22.598,1.05476,1.05503
2013.03.12 00:31:22.783,1.05476,1.05497
2013.03.12 00:31:22.963,1.05471,1.05498
2013.03.12 00:31:23.512,1.05472,1.05499
2013.03.12 00:31:24.192,1.05472,1.05499
2013.03.12 00:31:25.034,1.05472,1.05499
2013.03.12 00:31:25.952,1.05475,1.05502
2013.03.12 00:31:26.555,1.05476,1.055
2013.03.12 00:31:26.632,1.05472,1.055
2013.03.12 00:31:26.932,1.05472,1.05498
2013.03.12 00:31:26.992,1.05472,1.05498
2013.03.12 00:31:27.173,1.05464,1.05492
2013.03.12 00:31:27.712,1.05463,1.05493
2013.03.12 00:31:29.979,1.05463,1.05493
2013.03.12 00:31:30.540,1.05463,1.05493
2013.03.12 00:31:34.381,1.05462,1.05489
2013.03.12 00:31:34.743,1.05458,1.05484
2013.03.12 00:31:34.864,1.05458,1.05484
2013.03.12 00:31:35.453,1.05457,1.05484
2013.03.12 00:31:37.332,1.05457,1.05484
2013.03.12 00:31:38.311,1.05457,1.05484
2013.03.12 00:31:38.752,1.05458,1.05485
2013.03.12 00:31:39.299,1.05462,1.05485
2013.03.12 00:31:41.203,1.05458,1.05484
2013.03.12 00:31:41.563,1.05448,1.05469
2013.03.12 00:31:41.626,1.05443,1.05469
2013.03.12 00:31:41.944,1.05443,1.05469
2013.03.12 00:31:42.252,1.05443,1.0547
2013.03.12 00:31:42.629,1.05448,1.05474
2013.03.12 00:31:43.202,1.05448,1.05474
2013.03.12 00:31:43.744,1.05449,1.05474
2013.03.12 00:31:44.046,1.05454,1.0548
2013.03.12 00:31:44.256,1.05452,1.05476
2013.03.12 00:31:44.563,1.05452,1.05476
2013.03.12 00:31:44.862,1.05455,1.05479
2013.03.12 00:31:45.508,1.05455,1.05481
2013.03.12 00:31:46.341,1.05454,1.05481
2013.03.12 00:31:46.708,1.05453,1.05481
2013.03.12 00:31:46.834,1.05451,1.05478
2013.03.12 00:31:47.143,1.05453,1.05477
2013.03.12 00:31:47.444,1.05453,1.05478
2013.03.12 00:31:47.562,1.05461,1.05482
2013.03.12 00:31:48.912,1.05461,1.05479
2013.03.12 00:31:49.452,1.05461,1.05485
2013.03.12 00:31:49.713,1.05461,1.05485
2013.03.12 00:31:50.100,1.0546,1.05485
2013.03.12 00:31:50.612,1.05466,1.05485
2013.03.12 00:31:50.911,1.05466,1.05485
2013.03.12 00:31:51.687,1.05461,1.05485
2013.03.12 00:31:51.991,1.05454,1.0548
2013.03.12 00:31:54.722,1.0546,1.0548
2013.03.12 00:31:55.299,1.0546,1.05481
2013.03.12 00:31:58.592,1.0546,1.05482
2013.03.12 00:31:59.032,1.05454,1.0548
2013.03.12 00:31:59.097,1.05454,1.0548
2013.03.12 00:31:59.608,1.05454,1.0548
2013.03.12 00:32:00.151,1.05453,1.05478
2013.03.12 00:32:00.272,1.05453,1.05478
2013.03.12 00:32:00.968,1.05452,1.05476
2013.03.12 00:32:01.472,1.05452,1.05476
2013.03.12 00:32:02.011,1.05451,1.05476
2013.03.12 00:32:02.351,1.05449,1.05475
2013.03.12 00:32:02.411,1.05448,1.05474
2013.03.12 00:32:02.832,1.05444,1.0547
2013.03.12 00:32:03.148,1.05444,1.0547
2013.03.12 00:32:03.224,1.05444,1.0547
2013.03.12 00:32:03.797,1.05446,1.05471
2013.03.12 00:32:04.342,1.05444,1.0547
2013.03.12 00:32:04.892,1.05444,1.0547
2013.03.12 00:32:04.952,1.05444,1.0547
2013.03.12 00:32:05.472,1.05443,1.05469
2013.03.12 00:32:06.131,1.05443,1.05469
2013.03.12 00:32:06.385,1.05443,1.05469
2013.03.12 00:32:06.942,1.0545,1.05473
2013.03.12 00:32:07.126,1.05451,1.05477
2013.03.12 00:32:07.192,1.05451,1.05477
2013.03.12 00:32:07.432,1.05451,1.05477
2013.03.12 00:32:07.552,1.05451,1.05477
2013.03.12 00:32:07.732,1.05451,1.05477
2013.03.12 00:32:08.118,1.0545,1.05474
2013.03.12 00:32:09.007,1.05451,1.05477
2013.03.12 00:32:09.225,1.05451,1.05475
2013.03.12 00:32:09.535,1.05441,1.05462
2013.03.12 00:32:09.605,1.0544,1.05462
2013.03.12 00:32:09.852,1.0544,1.05462
2013.03.12 00:32:10.153,1.05441,1.05466
2013.03.12 00:32:10.212,1.05441,1.05466
2013.03.12 00:32:10.453,1.05441,1.05466
2013.03.12 00:32:11.695,1.05441,1.05466
2013.03.12 00:32:11.918,1.05441,1.05466
2013.03.12 00:32:12.463,1.0544,1.05466
2013.03.12 00:32:12.582,1.05439,1.05464
2013.03.12 00:32:13.135,1.0544,1.05464
2013.03.12 00:32:13.374,1.0544,1.05467
2013.03.12 00:32:13.793,1.0544,1.05467
2013.03.12 00:32:14.364,1.0544,1.05467
2013.03.12 00:32:14.742,1.05445,1.05471
2013.03.12 00:32:14.931,1.05445,1.05471
2013.03.12 00:32:15.434,1.0545,1.05472
2013.03.12 00:32:15.792,1.05445,1.05471
2013.03.12 00:32:16.152,1.05443,1.05468
2013.03.12 00:32:16.331,1.05442,1.05468
2013.03.12 00:32:16.912,1.05441,1.05468
2013.03.12 00:32:17.642,1.05441,1.05467
2013.03.12 00:32:22.422,1.05442,1.05467
2013.03.12 00:32:24.343,1.05441,1.05468
2013.03.12 00:32:28.102,1.05448,1.05468
2013.03.12 00:32:28.162,1.05456,1.0547
2013.03.12 00:32:28.223,1.05456,1.05473
2013.03.12 00:32:28.287,1.05456,1.05475
2013.03.12 00:32:28.416,1.05454,1.05478
2013.03.12 00:32:28.556,1.05451,1.05478
2013.03.12 00:32:28.688,1.05452,1.05479
2013.03.12 00:32:29.151,1.05454,1.05478
2013.03.12 00:32:30.153,1.05454,1.05481
2013.03.12 00:32:30.404,1.05454,1.05479
2013.03.12 00:32:30.582,1.05453,1.05479
2013.03.12 00:32:30.703,1.05452,1.05476
2013.03.12 00:32:31.243,1.05449,1.05474
2013.03.12 00:32:31.949,1.05449,1.05473
2013.03.12 00:32:32.903,1.05449,1.05473
2013.03.12 00:32:33.322,1.05449,1.05473
2013.03.12 00:32:33.625,1.05454,1.05476
2013.03.12 00:32:33.753,1.05454,1.05481
2013.03.12 00:32:33.813,1.0546,1.05481
2013.03.12 00:32:33.872,1.0546,1.05481
2013.03.12 00:32:34.252,1.05456,1.05481
2013.03.12 00:32:35.242,1.05455,1.05481
2013.03.12 00:32:35.782,1.05454,1.05481
2013.03.12 00:32:37.400,1.05454,1.05481
2013.03.12 00:32:37.952,1.0546,1.05481
2013.03.12 00:32:38.373,1.0546,1.05481
2013.03.12 00:32:40.574,1.0546,1.05481
2013.03.12 00:32:41.701,1.05459,1.05481
2013.03.12 00:32:42.062,1.05466,1.05481
2013.03.12 00:32:42.122,1.05466,1.05488
2013.03.12 00:32:42.183,1.05472,1.05489
2013.03.12 00:32:42.309,1.05469,1.05489
2013.03.12 00:32:42.378,1.05469,1.05493
2013.03.12 00:32:42.443,1.05469,1.05494
2013.03.12 00:32:42.563,1.05471,1.05494
2013.03.12 00:32:43.142,1.05474,1.05503
2013.03.12 00:32:43.214,1.05483,1.05509
2013.03.12 00:32:43.284,1.05483,1.05509
2013.03.12 00:32:43.592,1.0548,1.05509
2013.03.12 00:32:43.725,1.05479,1.05506
2013.03.12 00:32:43.972,1.05474,1.05504
2013.03.12 00:32:44.152,1.05474,1.05501
2013.03.12 00:32:44.219,1.05472,1.05497
2013.03.12 00:32:44.402,1.05472,1.05495
2013.03.12 00:32:44.582,1.05466,1.05495
2013.03.12 00:32:44.763,1.05466,1.0549
2013.03.12 00:32:44.823,1.05464,1.05489
2013.03.12 00:32:45.002,1.05464,1.05489
2013.03.12 00:32:45.182,1.05464,1.05489
2013.03.12 00:32:46.212,1.05463,1.05489
2013.03.12 00:32:48.982,1.05466,1.05491
2013.03.12 00:32:49.295,1.05467,1.05491
2013.03.12 00:32:49.708,1.0547,1.05491
2013.03.12 00:32:50.084,1.0547,1.05491
2013.03.12 00:32:50.733,1.0547,1.05491
2013.03.12 00:32:51.137,1.05467,1.05491
2013.03.12 00:32:51.323,1.05462,1.05485
2013.03.12 00:32:51.871,1.05462,1.05485
2013.03.12 00:32:52.437,1.05461,1.05485
2013.03.12 00:32:55.352,1.05462,1.05485
2013.03.12 00:32:55.802,1.05461,1.05485
2013.03.12 00:32:56.332,1.05461,1.05485
2013.03.12 00:32:56.452,1.0546,1.05485
2013.03.12 00:32:56.651,1.05459,1.05481
2013.03.12 00:32:57.266,1.05456,1.05481
2013.03.12 00:32:58.246,1.05456,1.05481
2013.03.12 00:32:58.316,1.05455,1.05481
2013.03.12 00:32:58.443,1.05453,1.05481
2013.03.12 00:32:58.622,1.05455,1.05481
2013.03.12 00:32:58.741,1.05461,1.05484
2013.03.12 00:32:58.863,1.05461,1.05485
2013.03.12 00:32:59.222,1.05461,1.05487
2013.03.12 00:32:59.862,1.05462,1.05487
2013.03.12 00:33:00.731,1.05466,1.05493
2013.03.12 00:33:01.803,1.05466,1.05493
2013.03.12 00:33:02.403,1.05471,1.05495
2013.03.12 00:33:02.463,1.05472,1.05499
2013.03.12 00:33:02.882,1.05472,1.05499
2013.03.12 00:33:04.232,1.05474,1.05498
2013.03.12 00:33:04.771,1.05474,1.05497
2013.03.12 00:33:05.242,1.05472,1.05494
2013.03.12 00:33:05.981,1.0547,1.05494
2013.03.12 00:33:06.856,1.0547,1.05495
2013.03.12 00:33:09.292,1.0547,1.05494
2013.03.12 00:33:10.506,1.05468,1.05492
2013.03.12 00:33:15.201,1.05468,1.05492
2013.03.12 00:33:15.743,1.05468,1.05492
2013.03.12 00:33:17.070,1.05471,1.05497
2013.03.12 00:33:17.372,1.05471,1.05494
2013.03.12 00:33:17.432,1.0547,1.05494
2013.03.12 00:33:18.092,1.05466,1.05492
2013.03.12 00:33:18.542,1.05466,1.05492
2013.03.12 00:33:18.732,1.05466,1.05492
2013.03.12 00:33:19.362,1.05466,1.05492
2013.03.12 00:33:20.874,1.05466,1.05492
2013.03.12 00:33:21.432,1.05466,1.05492
2013.03.12 00:33:21.672,1.05463,1.05486
2013.03.12 00:33:21.854,1.05466,1.05488
2013.03.12 00:33:22.092,1.05462,1.05488
2013.03.12 00:33:22.212,1.05462,1.05488
2013.03.12 00:33:22.712,1.0546,1.05486
2013.03.12 00:33:22.832,1.05457,1.05483
2013.03.12 00:33:23.373,1.05456,1.05481
2013.03.12 00:33:23.433,1.05456,1.05481
2013.03.12 00:33:23.613,1.05457,1.05483
2013.03.12 00:33:23.973,1.05457,1.05483
2013.03.12 00:33:24.666,1.05457,1.05483
2013.03.12 00:33:24.739,1.05465,1.05491
2013.03.12 00:33:25.182,1.05465,1.0549
2013.03.12 00:33:25.722,1.05463,1.05489
2013.03.12 00:33:27.335,1.05461,1.05485
2013.03.12 00:33:27.702,1.05461,1.05485
2013.03.12 00:33:28.654,1.05456,1.05482
2013.03.12 00:33:29.132,1.05456,1.0548
2013.03.12 00:33:29.315,1.05456,1.0548
2013.03.12 00:33:31.062,1.05454,1.0548
2013.03.12 00:33:32.292,1.05451,1.05476
2013.03.12 00:33:35.471,1.0545,1.05476
2013.03.12 00:33:35.852,1.0545,1.05476
2013.03.12 00:33:36.213,1.05453,1.05481
2013.03.12 00:33:36.392,1.05455,1.05481
2013.03.12 00:33:36.572,1.05456,1.05481
2013.03.12 00:33:36.753,1.05459,1.05485
2013.03.12 00:33:36.933,1.05461,1.05487
2013.03.12 00:33:37.653,1.05461,1.05487
2013.03.12 00:33:38.834,1.05467,1.05492
2013.03.12 00:33:39.389,1.05467,1.05493
2013.03.12 00:33:40.061,1.05467,1.05493
2013.03.12 00:33:48.623,1.05467,1.05494
2013.03.12 00:33:49.172,1.05471,1.05494
2013.03.12 00:33:49.832,1.05471,1.05494
2013.03.12 00:33:50.012,1.05471,1.05498
2013.03.12 00:33:50.391,1.05471,1.05498
2013.03.12 00:33:50.882,1.05481,1.05498
2013.03.12 00:33:54.292,1.05481,1.05498
2013.03.12 00:33:54.802,1.05481,1.05502
2013.03.12 00:33:55.342,1.05481,1.05502
2013.03.12 00:33:57.423,1.05481,1.05502
2013.03.12 00:34:07.331,1.05478,1.05503
2013.03.12 00:34:07.392,1.05478,1.05503
2013.03.12 00:34:15.202,1.05478,1.05503
2013.03.12 00:34:18.901,1.05474,1.055
2013.03.12 00:34:18.961,1.0547,1.05497
2013.03.12 00:34:19.953,1.0547,1.05494
2013.03.12 00:34:20.014,1.0547,1.05494
2013.03.12 00:34:20.132,1.0547,1.05497
2013.03.12 00:34:21.401,1.0547,1.05494
2013.03.12 00:34:21.463,1.0547,1.05494
2013.03.12 00:34:22.017,1.0547,1.05491
2013.03.12 00:34:22.404,1.05466,1.05489
2013.03.12 00:34:22.796,1.05465,1.05489
2013.03.12 00:34:22.872,1.05463,1.05489
2013.03.12 00:34:25.413,1.05461,1.05484
2013.03.12 00:34:27.322,1.05461,1.05487
2013.03.12 00:35:05.759,1.05463,1.05487
2013.03.12 00:35:25.844,1.05464,1.05487
2013.03.12 00:35:27.341,1.05461,1.05489
2013.03.12 00:35:41.352,1.05462,1.05489
2013.03.12 00:35:41.772,1.05466,1.05493
2013.03.12 00:35:50.591,1.05467,1.05493
2013.03.12 00:35:50.962,1.05471,1.05497
2013.03.12 00:35:58.071,1.05474,1.05498
2013.03.12 00:35:58.953,1.05472,1.05498
2013.03.12 00:36:06.732,1.05476,1.05501
2013.03.12 00:36:13.213,1.05475,1.05498
2013.03.12 00:36:13.633,1.05471,1.05496
2013.03.12 00:36:14.434,1.0547,1.05492
2013.03.12 00:36:14.508,1.05465,1.05491
2013.03.12 00:36:17.272,1.05465,1.05491
2013.03.12 00:36:17.665,1.05467,1.05492
2013.03.12 00:36:18.092,1.05472,1.05496
2013.03.12 00:36:18.812,1.05472,1.05496
2013.03.12 00:36:21.563,1.05472,1.05496
2013.03.12 00:36:43.283,1.05471,1.05494
2013.03.12 00:36:43.694,1.0547,1.05494
2013.03.12 00:36:44.449,1.0547,1.05494
2013.03.12 00:36:47.792,1.05472,1.05499
2013.03.12 00:36:48.313,1.05472,1.05499
2013.03.12 00:36:48.842,1.05472,1.05499
2013.03.12 00:36:50.624,1.05474,1.05499
2013.03.12 00:36:58.213,1.05475,1.05499
2013.03.12 00:37:10.553,1.05476,1.05499
2013.03.12 00:37:24.834,1.05474,1.05499
2013.03.12 00:37:30.228,1.05475,1.055
2013.03.12 00:37:31.313,1.05474,1.055
2013.03.12 00:37:47.284,1.05476,1.055
2013.03.12 00:37:47.832,1.05474,1.05501
2013.03.12 00:37:48.402,1.05475,1.05503
2013.03.12 00:37:54.232,1.05475,1.05503
2013.03.12 00:38:09.682,1.05479,1.05503
2013.03.12 00:38:09.742,1.0548,1.05506
2013.03.12 00:38:09.992,1.05482,1.05506
2013.03.12 00:38:10.111,1.05482,1.05507
2013.03.12 00:38:10.868,1.05483,1.05507
2013.03.12 00:38:15.852,1.05484,1.05507
2013.03.12 00:38:16.092,1.05486,1.0551
2013.03.12 00:38:16.395,1.0549,1.05516
2013.03.12 00:38:16.524,1.05492,1.05516
2013.03.12 00:38:16.586,1.05492,1.05516
2013.03.12 00:38:16.713,1.05494,1.05516
2013.03.12 00:38:17.103,1.05496,1.05518
2013.03.12 00:38:17.655,1.05495,1.05518
2013.03.12 00:38:18.872,1.05497,1.05522
2013.03.12 00:38:18.932,1.05498,1.05524
2013.03.12 00:38:18.992,1.05501,1.05522
2013.03.12 00:38:19.294,1.05501,1.05524
2013.03.12 00:38:22.892,1.05501,1.05524
2013.03.12 00:38:24.434,1.05501,1.05524
2013.03.12 00:38:26.853,1.05504,1.05527
2013.03.12 00:38:26.914,1.05504,1.05529
2013.03.12 00:38:27.214,1.05502,1.05527
2013.03.12 00:38:31.213,1.05502,1.05527
2013.03.12 00:38:31.603,1.05502,1.05527
2013.03.12 00:38:37.653,1.05502,1.05527
2013.03.12 00:38:37.772,1.05501,1.05526
2013.03.12 00:38:37.941,1.05501,1.05526
2013.03.12 00:38:38.313,1.05498,1.05523
2013.03.12 00:38:38.676,1.05495,1.05521
2013.03.12 00:38:38.743,1.05493,1.05518
2013.03.12 00:38:39.103,1.05491,1.05515
2013.03.12 00:38:45.432,1.05491,1.05517
2013.03.12 00:38:49.372,1.05491,1.05515
2013.03.12 00:38:52.252,1.05486,1.05513
2013.03.12 00:38:53.332,1.05486,1.05513
2013.03.12 00:38:54.133,1.05491,1.05515
2013.03.12 00:38:54.192,1.05491,1.05518
2013.03.12 00:39:13.102,1.05491,1.05515
2013.03.12 00:39:13.163,1.05488,1.05512
2013.03.12 00:39:13.343,1.05486,1.05511
2013.03.12 00:39:13.523,1.05484,1.05507
2013.03.12 00:39:13.882,1.05478,1.05502
2013.03.12 00:39:14.362,1.05476,1.055
2013.03.12 00:39:14.492,1.05476,1.055
2013.03.12 00:39:21.772,1.05471,1.05498
2013.03.12 00:39:22.853,1.05471,1.05495
2013.03.12 00:39:23.213,1.05467,1.05492
2013.03.12 00:39:23.992,1.05471,1.05497
2013.03.12 00:39:27.761,1.05468,1.05494
2013.03.12 00:39:30.096,1.05466,1.05489
2013.03.12 00:39:30.283,1.05467,1.05487
2013.03.12 00:39:31.022,1.05463,1.05489
2013.03.12 00:39:31.575,1.05466,1.05489
2013.03.12 00:39:33.389,1.05467,1.05493
2013.03.12 00:39:33.933,1.05467,1.05494
2013.03.12 00:39:35.326,1.05467,1.05495
2013.03.12 00:39:45.246,1.05464,1.0549
2013.03.12 00:39:45.373,1.05463,1.0549
2013.03.12 00:39:45.923,1.05462,1.05489
2013.03.12 00:39:46.223,1.05461,1.05487
2013.03.12 00:39:49.265,1.05462,1.05488
2013.03.12 00:39:49.335,1.05462,1.05489
2013.03.12 00:39:57.162,1.05462,1.0549
2013.03.12 00:40:18.583,1.05468,1.05493
2013.03.12 00:40:19.572,1.05468,1.05494
2013.03.12 00:40:19.692,1.05474,1.05499
2013.03.12 00:40:19.752,1.05474,1.05499
2013.03.12 00:40:19.933,1.05474,1.05499
2013.03.12 00:40:20.293,1.0547,1.05495
2013.03.12 00:40:20.692,1.0547,1.05495
2013.03.12 00:40:21.694,1.0547,1.05495
2013.03.12 00:40:22.113,1.05472,1.05495
2013.03.12 00:40:22.173,1.05473,1.05499
2013.03.12 00:40:22.233,1.05473,1.05501
2013.03.12 00:40:29.473,1.05475,1.05501
2013.03.12 00:40:29.621,1.05479,1.05503
2013.03.12 00:40:29.742,1.05479,1.05503
2013.03.12 00:40:30.453,1.05482,1.05505
2013.03.12 00:40:30.632,1.05486,1.05506
2013.03.12 00:40:30.752,1.05486,1.05509
2013.03.12 00:40:31.013,1.05486,1.05509
2013.03.12 00:40:31.493,1.05486,1.0551
2013.03.12 00:40:32.636,1.05485,1.0551
2013.03.12 00:40:33.340,1.05485,1.0551
2013.03.12 00:40:33.464,1.05493,1.05514
2013.03.12 00:40:33.643,1.05494,1.05517
2013.03.12 00:40:34.003,1.05496,1.0552
2013.03.12 00:40:34.063,1.05496,1.0552
2013.03.12 00:40:34.708,1.05496,1.0552
2013.03.12 00:40:37.412,1.05496,1.05521
2013.03.12 00:40:37.944,1.05496,1.05522
2013.03.12 00:40:38.796,1.05496,1.0552
2013.03.12 00:40:39.033,1.05493,1.05518
2013.03.12 00:40:39.253,1.05493,1.05518
2013.03.12 00:40:39.373,1.05491,1.05517
2013.03.12 00:40:39.434,1.0549,1.05517
2013.03.12 00:40:39.793,1.05486,1.05512
2013.03.12 00:40:40.034,1.05484,1.05508
2013.03.12 00:41:00.275,1.05479,1.05508
2013.03.12 00:41:19.809,1.05479,1.05505
2013.03.12 00:41:20.475,1.05482,1.05508
2013.03.12 00:41:31.713,1.05488,1.05512
2013.03.12 00:41:31.833,1.05488,1.05514
2013.03.12 00:41:32.104,1.05488,1.05515
2013.03.12 00:41:50.076,1.05488,1.05514
2013.03.12 00:42:03.263,1.05492,1.05516
2013.03.12 00:42:03.385,1.05492,1.05517
2013.03.12 00:42:03.814,1.05492,1.05518
2013.03.12 00:42:09.953,1.05492,1.05518
2013.03.12 00:42:10.120,1.05492,1.05518
2013.03.12 00:42:10.984,1.05492,1.05518
2013.03.12 00:42:15.288,1.05492,1.05518
2013.03.12 00:42:15.785,1.05492,1.05518
2013.03.12 00:42:17.833,1.05492,1.05519
2013.03.12 00:42:18.193,1.05492,1.05519
2013.03.12 00:42:18.700,1.05492,1.0552
2013.03.12 00:42:19.656,1.05492,1.05519
2013.03.12 00:42:20.153,1.05492,1.05519
2013.03.12 00:42:23.503,1.05492,1.0552
2013.03.12 00:42:24.720,1.05492,1.0552
2013.03.12 00:42:31.483,1.05494,1.0552
2013.03.12 00:42:41.484,1.05497,1.05522
2013.03.12 00:42:44.215,1.05498,1.05524
2013.03.12 00:42:44.403,1.05501,1.05524
2013.03.12 00:42:44.987,1.05502,1.05524
2013.03.12 00:42:50.283,1.05502,1.05528
2013.03.12 00:42:50.584,1.05506,1.05529
2013.03.12 00:42:50.893,1.05507,1.05529
2013.03.12 00:42:51.304,1.0551,1.05534
2013.03.12 00:42:53.303,1.05511,1.05534
2013.03.12 00:42:55.614,1.05511,1.05533
2013.03.12 00:42:57.923,1.0551,1.05533
2013.03.12 00:42:58.123,1.05509,1.05533
2013.03.12 00:42:58.813,1.05508,1.0553
2013.03.12 00:42:59.431,1.05507,1.0553
2013.03.12 00:43:00.395,1.05509,1.05533
2013.03.12 00:43:05.709,1.05509,1.05533
2013.03.12 00:43:05.903,1.05509,1.05533
2013.03.12 00:43:05.963,1.05512,1.05533
2013.03.12 00:43:06.504,1.05513,1.0554
2013.03.12 00:43:06.623,1.05514,1.0554
2013.03.12 00:43:06.953,1.05514,1.0554
2013.03.12 00:43:07.472,1.05514,1.0554
2013.03.12 00:43:07.584,1.05513,1.0554
2013.03.12 00:43:08.182,1.05513,1.05537
2013.03.12 00:43:08.603,1.05514,1.05538
2013.03.12 00:43:10.883,1.05514,1.05538
2013.03.12 00:43:14.091,1.05513,1.05538
2013.03.12 00:43:16.397,1.0551,1.05534
2013.03.12 00:43:16.955,1.0551,1.05537
2013.03.12 00:43:17.273,1.05505,1.05532
2013.03.12 00:43:17.394,1.05505,1.05529
2013.03.12 00:43:17.455,1.05505,1.05529
2013.03.12 00:43:17.644,1.05507,1.05532
2013.03.12 00:43:17.953,1.05507,1.05532
2013.03.12 00:43:18.013,1.05507,1.05532
2013.03.12 00:43:18.073,1.05509,1.05533
2013.03.12 00:43:18.678,1.05509,1.05534
2013.03.12 00:43:20.563,1.05507,1.05534
2013.03.12 00:43:21.224,1.05507,1.05531
2013.03.12 00:43:21.553,1.05507,1.05531
2013.03.12 00:43:21.734,1.05502,1.05527
2013.03.12 00:43:23.323,1.05502,1.05528
2013.03.12 00:43:23.593,1.05505,1.05531
2013.03.12 00:43:25.904,1.05505,1.05529
2013.03.12 00:43:26.083,1.055,1.05526
2013.03.12 00:43:28.103,1.055,1.05524
2013.03.12 00:43:28.163,1.05498,1.05523
2013.03.12 00:43:28.464,1.05492,1.05517
2013.03.12 00:43:28.644,1.05491,1.05517
2013.03.12 00:43:29.593,1.05491,1.05517
2013.03.12 00:43:30.725,1.05491,1.05517
2013.03.12 00:43:35.643,1.05491,1.05515
2013.03.12 00:43:36.086,1.05489,1.05515
2013.03.12 00:43:36.254,1.05485,1.05511
2013.03.12 00:43:36.909,1.05485,1.05511
2013.03.12 00:43:37.963,1.05482,1.05506
2013.03.12 00:43:38.143,1.0548,1.05506
2013.03.12 00:43:38.943,1.0548,1.05506
2013.03.12 00:43:39.314,1.05484,1.05509
2013.03.12 00:43:39.434,1.05487,1.0551
2013.03.12 00:43:39.613,1.05487,1.05511
2013.03.12 00:43:39.953,1.05489,1.05511
2013.03.12 00:43:40.433,1.05493,1.05511
2013.03.12 00:43:40.554,1.05493,1.05517
2013.03.12 00:43:41.063,1.05492,1.05517
2013.03.12 00:43:44.973,1.05492,1.05511
2013.03.12 00:43:52.474,1.05493,1.05511
2013.03.12 00:43:53.173,1.05491,1.05511
2013.03.12 00:43:55.273,1.0549,1.05511
2013.03.12 00:43:55.515,1.05486,1.05511
2013.03.12 00:43:55.574,1.05486,1.0551
2013.03.12 00:43:55.693,1.05484,1.0551
2013.03.12 00:43:55.812,1.05483,1.05508
2013.03.12 00:43:57.434,1.05481,1.05506
2013.03.12 00:43:58.551,1.05483,1.05506
2013.03.12 00:44:08.743,1.05481,1.05506
2013.03.12 00:44:12.033,1.05483,1.05506
2013.03.12 00:44:12.814,1.05485,1.05506
2013.03.12 00:44:12.934,1.05487,1.05511
2013.03.12 00:44:13.264,1.05487,1.05512
2013.03.12 00:44:13.598,1.05489,1.05512
2013.03.12 00:44:14.143,1.0549,1.05513
2013.03.12 00:44:25.023,1.05489,1.05513
2013.03.12 00:44:25.675,1.0549,1.05513
2013.03.12 00:44:26.209,1.05489,1.05513
2013.03.12 00:44:33.214,1.05489,1.05515
2013.03.12 00:44:33.294,1.05489,1.05516
2013.03.12 00:44:35.424,1.05489,1.05515
2013.03.12 00:44:49.308,1.0549,1.05515
2013.03.12 00:44:54.114,1.0549,1.05516
2013.03.12 00:44:54.733,1.05491,1.05516
2013.03.12 00:44:58.915,1.0549,1.05516
2013.03.12 00:44:59.844,1.0549,1.05515
2013.03.12 00:45:02.504,1.05489,1.05514
2013.03.12 00:45:02.993,1.05489,1.05514
2013.03.12 00:45:03.054,1.05488,1.05514
2013.03.12 00:45:03.173,1.05484,1.05509
2013.03.12 00:45:03.683,1.05483,1.05509
2013.03.12 00:45:03.924,1.05483,1.05509
2013.03.12 00:45:04.457,1.05483,1.05509
2013.03.12 00:45:07.662,1.05483,1.0551
2013.03.12 00:45:12.714,1.05483,1.0551
2013.03.12 00:45:13.263,1.05484,1.0551
2013.03.12 00:45:13.803,1.05489,1.05513
2013.03.12 00:45:14.043,1.05487,1.05508
2013.03.12 00:45:14.163,1.05486,1.05508
2013.03.12 00:45:14.224,1.05486,1.05508
2013.03.12 00:45:14.633,1.05484,1.05508
2013.03.12 00:45:14.693,1.05484,1.05508
2013.03.12 00:45:15.140,1.05484,1.05508
2013.03.12 00:45:15.532,1.05482,1.05505
2013.03.12 00:45:20.244,1.05485,1.05511
2013.03.12 00:45:20.423,1.05485,1.05511
2013.03.12 00:45:20.732,1.05489,1.05511
2013.03.12 00:45:21.256,1.0549,1.05511
2013.03.12 00:45:24.947,1.05489,1.05511
2013.03.12 00:45:30.475,1.05488,1.05508
2013.03.12 00:45:30.593,1.05488,1.05508
2013.03.12 00:45:30.654,1.05488,1.05511
2013.03.12 00:45:30.833,1.05484,1.05511
2013.03.12 00:45:30.893,1.05484,1.05511
2013.03.12 00:45:31.154,1.05481,1.05505
2013.03.12 00:45:32.205,1.05482,1.05505
2013.03.12 00:45:33.245,1.05484,1.05509
2013.03.12 00:45:33.795,1.05484,1.05509
2013.03.12 00:45:34.894,1.05484,1.05509
2013.03.12 00:45:40.503,1.05484,1.05509
2013.03.12 00:45:40.923,1.05486,1.0551
2013.03.12 00:45:41.225,1.05486,1.0551
2013.03.12 00:45:42.473,1.05486,1.0551
2013.03.12 00:45:42.774,1.05484,1.0551
2013.03.12 00:45:42.893,1.05482,1.05508
2013.03.12 00:45:43.133,1.05482,1.05508
2013.03.12 00:45:43.375,1.05484,1.05509
2013.03.12 00:45:49.203,1.05482,1.05508
2013.03.12 00:45:52.023,1.05483,1.05508
2013.03.12 00:45:52.084,1.05485,1.05509
2013.03.12 00:45:53.132,1.05486,1.05509
2013.03.12 00:45:56.743,1.05486,1.05509
2013.03.12 00:45:57.045,1.0549,1.05515
2013.03.12 00:45:57.583,1.0549,1.05514
2013.03.12 00:46:00.694,1.0549,1.05514
2013.03.12 00:46:01.203,1.05491,1.05515
2013.03.12 00:46:06.826,1.05494,1.05516
2013.03.12 00:46:07.384,1.05491,1.05516
2013.03.12 00:46:11.793,1.05494,1.05517
2013.03.12 00:46:14.593,1.05494,1.05518
2013.03.12 00:46:15.214,1.05495,1.05518
2013.03.12 00:46:22.085,1.05495,1.05519
2013.03.12 00:46:22.445,1.05499,1.05523
2013.03.12 00:46:22.563,1.055,1.05523
2013.03.12 00:46:22.684,1.05501,1.05526
2013.03.12 00:46:22.923,1.05503,1.05525
2013.03.12 00:46:23.538,1.05504,1.05526
2013.03.12 00:46:24.043,1.05503,1.05526
2013.03.12 00:46:28.624,1.05505,1.05529
2013.03.12 00:46:28.684,1.05505,1.05532
2013.03.12 00:46:31.273,1.05505,1.05532
2013.03.12 00:46:32.194,1.05505,1.05531
2013.03.12 00:46:32.615,1.05509,1.05529
2013.03.12 00:46:33.772,1.05509,1.05532
2013.03.12 00:46:34.893,1.05509,1.05534
2013.03.12 00:46:35.073,1.05509,1.05534
2013.03.12 00:46:36.820,1.05509,1.05534
2013.03.12 00:46:37.324,1.05508,1.05534
2013.03.12 00:46:38.985,1.05509,1.05535
2013.03.12 00:46:39.055,1.0551,1.05535
2013.03.12 00:46:39.435,1.05513,1.05535
2013.03.12 00:46:41.854,1.05511,1.05535
2013.03.12 00:46:42.678,1.0551,1.05535
2013.03.12 00:46:44.619,1.05509,1.05536
2013.03.12 00:46:44.945,1.05511,1.05536
2013.03.12 00:46:45.421,1.05509,1.05536
2013.03.12 00:46:45.487,1.05511,1.05536
2013.03.12 00:46:51.122,1.05513,1.05536
2013.03.12 00:46:54.164,1.05513,1.05535
2013.03.12 00:46:54.895,1.05512,1.05535
2013.03.12 00:46:56.224,1.05513,1.05536
2013.03.12 00:47:03.983,1.05514,1.05538
2013.03.12 00:47:04.226,1.05517,1.05538
2013.03.12 00:47:04.534,1.0552,1.0554
2013.03.12 00:47:04.654,1.05523,1.05544
2013.03.12 00:47:04.775,1.05521,1.05544
2013.03.12 00:47:04.834,1.05521,1.05546
2013.03.12 00:47:14.204,1.05521,1.05543
2013.03.12 00:47:14.264,1.05519,1.0554
2013.03.12 00:47:19.535,1.05515,1.0554
2013.03.12 00:47:20.075,1.05514,1.0554
2013.03.12 00:47:20.775,1.05515,1.0554
2013.03.12 00:47:21.412,1.05514,1.05538
2013.03.12 00:47:22.064,1.05517,1.0554
2013.03.12 00:47:22.394,1.05519,1.0554
2013.03.12 00:47:25.154,1.05518,1.05543
2013.03.12 00:47:26.707,1.05518,1.05543
2013.03.12 00:47:27.183,1.05518,1.05542
2013.03.12 00:47:27.356,1.05518,1.05543
2013.03.12 00:47:27.664,1.05521,1.05545
2013.03.12 00:47:30.984,1.05521,1.05542
2013.03.12 00:47:31.575,1.05521,1.05545
2013.03.12 00:47:32.093,1.05518,1.05542
2013.03.12 00:47:32.213,1.05518,1.05542
2013.03.12 00:47:32.565,1.05518,1.05542
2013.03.12 00:47:38.253,1.05518,1.05543
2013.03.12 00:47:38.340,1.05518,1.05542
2013.03.12 00:47:40.460,1.05518,1.05542
2013.03.12 00:47:43.914,1.05517,1.05542
2013.03.12 00:47:46.993,1.05516,1.0554
2013.03.12 00:47:47.174,1.05511,1.05535
2013.03.12 00:47:47.383,1.05511,1.05535
2013.03.12 00:47:47.624,1.05509,1.05535
2013.03.12 00:47:47.984,1.05506,1.05532
2013.03.12 00:47:48.176,1.05506,1.05531
2013.03.12 00:47:48.354,1.05506,1.05532
2013.03.12 00:47:48.475,1.05505,1.05532
2013.03.12 00:47:48.774,1.05505,1.05529
2013.03.12 00:47:49.013,1.05505,1.05529
2013.03.12 00:47:51.674,1.05504,1.05531
2013.03.12 00:47:54.622,1.05505,1.05531
2013.03.12 00:47:54.864,1.05505,1.05528
2013.03.12 00:47:55.183,1.05507,1.05528
2013.03.12 00:47:55.973,1.05506,1.05532
2013.03.12 00:47:56.093,1.05506,1.05532
2013.03.12 00:47:56.515,1.0551,1.05533
2013.03.12 00:47:56.934,1.0551,1.05536
2013.03.12 00:47:57.054,1.0551,1.05537
2013.03.12 00:47:57.264,1.05515,1.05538
2013.03.12 00:47:57.338,1.05515,1.05539
2013.03.12 00:47:57.644,1.05517,1.05541
2013.03.12 00:47:58.196,1.05518,1.05543
2013.03.12 00:47:59.594,1.05517,1.05541
2013.03.12 00:47:59.714,1.05515,1.05541
2013.03.12 00:48:00.074,1.05515,1.05541
2013.03.12 00:48:00.363,1.05513,1.05541
2013.03.12 00:48:02.538,1.05515,1.05541
2013.03.12 00:48:06.094,1.05513,1.05541
2013.03.12 00:48:08.645,1.05515,1.05541
2013.03.12 00:48:11.213,1.05513,1.05541
2013.03.12 00:48:14.133,1.05513,1.05541
2013.03.12 00:48:14.820,1.05513,1.0554
2013.03.12 00:48:24.143,1.05512,1.0554
2013.03.12 00:48:24.324,1.05513,1.0554
2013.03.12 00:48:24.953,1.05514,1.0554
2013.03.12 00:48:35.754,1.05514,1.0554
2013.03.12 00:48:35.814,1.05516,1.0554
2013.03.12 00:48:36.463,1.05515,1.0554
2013.03.12 00:48:39.395,1.05516,1.05541
2013.03.12 00:48:40.028,1.05516,1.05541
2013.03.12 00:48:45.307,1.05513,1.05541
2013.03.12 00:48:45.744,1.05511,1.05536
2013.03.12 00:48:45.864,1.05511,1.05532
2013.03.12 00:48:46.044,1.05507,1.05531
2013.03.12 00:48:46.164,1.05507,1.05531
2013.03.12 00:48:46.343,1.05504,1.05528
2013.03.12 00:48:46.713,1.05503,1.05528
2013.03.12 00:48:47.320,1.05503,1.05527
2013.03.12 00:48:49.944,1.05503,1.05523
2013.03.12 00:48:50.434,1.055,1.05523
2013.03.12 00:48:50.743,1.055,1.05523
2013.03.12 00:48:51.074,1.055,1.05523
2013.03.12 00:48:51.579,1.055,1.05523
2013.03.12 00:48:52.114,1.055,1.05523
2013.03.12 00:48:52.457,1.05494,1.05518
2013.03.12 00:48:58.123,1.05495,1.05518
2013.03.12 00:49:03.963,1.05501,1.05524
2013.03.12 00:49:04.335,1.05501,1.05524
2013.03.12 00:49:04.653,1.05501,1.05524
2013.03.12 00:49:05.214,1.05501,1.05525
2013.03.12 00:49:05.763,1.055,1.05525
2013.03.12 00:49:06.375,1.05501,1.05525
2013.03.12 00:49:07.234,1.055,1.05525
2013.03.12 00:49:07.666,1.05499,1.05524
2013.03.12 00:49:10.314,1.05499,1.05524
2013.03.12 00:49:10.626,1.05495,1.0552
2013.03.12 00:49:10.806,1.05494,1.0552
2013.03.12 00:49:10.864,1.05493,1.0552
2013.03.12 00:49:10.924,1.05493,1.0552
2013.03.12 00:49:11.474,1.05493,1.0552
2013.03.12 00:49:12.041,1.05494,1.0552
2013.03.12 00:49:12.566,1.05494,1.0552
2013.03.12 00:49:12.934,1.05494,1.0552
2013.03.12 00:49:13.473,1.05494,1.0552
2013.03.12 00:49:13.715,1.05494,1.0552
2013.03.12 00:49:14.133,1.05494,1.05519
2013.03.12 00:49:15.883,1.05494,1.05519
2013.03.12 00:49:16.422,1.05494,1.05519
2013.03.12 00:49:17.538,1.05493,1.0552
2013.03.12 00:49:17.965,1.05492,1.05515
2013.03.12 00:49:18.234,1.05492,1.05513
2013.03.12 00:49:18.354,1.05493,1.05518
2013.03.12 00:49:18.684,1.05493,1.05518
2013.03.12 00:49:19.034,1.05498,1.05522
2013.03.12 00:49:19.094,1.05498,1.05523
2013.03.12 00:49:19.514,1.05498,1.05523
2013.03.12 00:49:20.025,1.05498,1.05523
2013.03.12 00:49:28.860,1.05499,1.05523
2013.03.12 00:49:29.893,1.05502,1.05528
2013.03.12 00:49:31.773,1.05502,1.05528
2013.03.12 00:49:32.094,1.05502,1.05528
2013.03.12 00:49:32.754,1.05502,1.05526
2013.03.12 00:49:33.113,1.05499,1.05526
2013.03.12 00:49:33.631,1.05499,1.05526
2013.03.12 00:49:34.368,1.05501,1.05526
2013.03.12 00:49:34.714,1.05501,1.05526
2013.03.12 00:49:34.834,1.05502,1.05529
2013.03.12 00:49:34.955,1.05504,1.05529
2013.03.12 00:49:35.608,1.05503,1.05529
2013.03.12 00:49:37.769,1.05502,1.05529
2013.03.12 00:49:38.927,1.05501,1.05526
2013.03.12 00:49:43.964,1.05501,1.05526
2013.03.12 00:49:46.444,1.05502,1.05528
2013.03.12 00:49:46.565,1.05507,1.05531
2013.03.12 00:49:47.172,1.05507,1.05531
2013.03.12 00:49:49.138,1.05505,1.05528
2013.03.12 00:49:50.373,1.055,1.05527
2013.03.12 00:49:50.496,1.055,1.05527
2013.03.12 00:49:50.674,1.05496,1.05522
2013.03.12 00:49:50.975,1.05494,1.0552
2013.03.12 00:49:54.874,1.05496,1.05522
2013.03.12 00:49:55.055,1.05494,1.05518
2013.03.12 00:49:55.414,1.05491,1.05515
2013.03.12 00:49:55.955,1.05491,1.05515
2013.03.12 00:49:56.454,1.05491,1.05518
2013.03.12 00:49:56.634,1.05491,1.05515
2013.03.12 00:49:56.807,1.05491,1.05518
2013.03.12 00:49:58.625,1.05491,1.05518
2013.03.12 00:50:04.618,1.05491,1.05518
2013.03.12 00:50:08.604,1.05491,1.05518
2013.03.12 00:50:09.245,1.05491,1.05518
2013.03.12 00:50:15.236,1.0549,1.05517
2013.03.12 00:50:26.353,1.05493,1.05517
2013.03.12 00:50:35.194,1.05493,1.05518
2013.03.12 00:50:45.544,1.05491,1.05517
2013.03.12 00:50:46.361,1.05491,1.05517
2013.03.12 00:50:48.314,1.05491,1.05518
2013.03.12 00:50:48.535,1.05492,1.05519
2013.03.12 00:50:48.914,1.05496,1.05522
2013.03.12 00:50:49.415,1.05496,1.05522
2013.03.12 00:50:50.244,1.05496,1.05522
2013.03.12 00:50:50.555,1.05497,1.05522
2013.03.12 00:50:50.615,1.05497,1.05523
2013.03.12 00:50:50.675,1.05497,1.05523
2013.03.12 00:50:50.860,1.05501,1.05525
2013.03.12 00:50:51.104,1.05502,1.05528
2013.03.12 00:50:51.594,1.05502,1.05528
2013.03.12 00:50:52.175,1.05501,1.05528
2013.03.12 00:51:07.794,1.05502,1.05528
2013.03.12 00:51:11.343,1.05502,1.05527
2013.03.12 00:51:38.834,1.05501,1.05525
2013.03.12 00:51:39.074,1.05499,1.05523
2013.03.12 00:51:39.764,1.05501,1.05524
2013.03.12 00:51:39.826,1.05501,1.05523
2013.03.12 00:51:40.397,1.055,1.05525
2013.03.12 00:51:44.527,1.05499,1.05525
2013.03.12 00:51:49.068,1.05501,1.05527
2013.03.12 00:51:49.315,1.05504,1.05529
2013.03.12 00:51:49.376,1.05506,1.0553
2013.03.12 00:51:49.435,1.05506,1.0553
2013.03.12 00:51:49.615,1.0551,1.05535
2013.03.12 00:51:49.737,1.0551,1.05533
2013.03.12 00:51:50.044,1.05512,1.05536
2013.03.12 00:51:50.226,1.05512,1.05536
2013.03.12 00:51:50.830,1.05512,1.05537
2013.03.12 00:51:51.293,1.05512,1.05536
2013.03.12 00:51:51.415,1.0551,1.05533
2013.03.12 00:51:52.142,1.05507,1.05533
2013.03.12 00:51:52.396,1.05508,1.05532
2013.03.12 00:51:52.914,1.0551,1.05533
2013.03.12 00:51:58.635,1.05511,1.05532
2013.03.12 00:52:02.754,1.05509,1.05532
2013.03.12 00:52:02.876,1.05506,1.05531
2013.03.12 00:52:02.943,1.05506,1.05531
2013.03.12 00:52:03.964,1.05506,1.05531
2013.03.12 00:52:04.057,1.05506,1.05533
2013.03.12 00:52:04.559,1.05506,1.05533
2013.03.12 00:52:04.787,1.05506,1.05531
2013.03.12 00:52:06.035,1.05506,1.05533
2013.03.12 00:52:06.128,1.05507,1.05533
2013.03.12 00:52:07.545,1.05511,1.05533
2013.03.12 00:52:08.104,1.0551,1.05533
2013.03.12 00:52:08.229,1.05511,1.05535
2013.03.12 00:52:11.604,1.05511,1.05535
2013.03.12 00:52:12.162,1.05511,1.05535
2013.03.12 00:52:12.225,1.05511,1.05535
2013.03.12 00:52:13.044,1.05511,1.05535
2013.03.12 00:52:15.904,1.05511,1.05535
2013.03.12 00:52:16.508,1.05511,1.05535
2013.03.12 00:52:16.824,1.05511,1.05533
2013.03.12 00:52:17.495,1.0551,1.05533
2013.03.12 00:52:18.205,1.05511,1.05535
2013.03.12 00:52:18.264,1.05513,1.05537
2013.03.12 00:52:18.684,1.05515,1.05537
2013.03.12 00:52:19.398,1.05514,1.05536
2013.03.12 00:52:19.487,1.05514,1.05536
2013.03.12 00:52:20.030,1.05513,1.05536
2013.03.12 00:52:20.494,1.05511,1.05536
2013.03.12 00:52:21.033,1.0551,1.05536
2013.03.12 00:52:22.095,1.0551,1.05535
2013.03.12 00:52:22.445,1.05506,1.05528
2013.03.12 00:52:22.767,1.05506,1.05532
2013.03.12 00:52:23.254,1.05511,1.05535
2013.03.12 00:52:23.800,1.05507,1.05532
2013.03.12 00:52:24.354,1.05507,1.05532
2013.03.12 00:52:25.199,1.05507,1.05532
2013.03.12 00:52:26.849,1.05507,1.05531
2013.03.12 00:52:27.181,1.05507,1.05531
2013.03.12 00:52:27.951,1.05507,1.05531
2013.03.12 00:52:28.084,1.05512,1.05533
2013.03.12 00:52:28.294,1.05513,1.05535
2013.03.12 00:52:29.194,1.05512,1.05533
2013.03.12 00:52:29.405,1.05511,1.05535
2013.03.12 00:52:30.125,1.05512,1.05535
2013.03.12 00:52:34.640,1.05511,1.05535
2013.03.12 00:52:37.935,1.05512,1.05535
2013.03.12 00:52:40.144,1.05511,1.05535
2013.03.12 00:52:40.624,1.05512,1.05535
2013.03.12 00:52:42.606,1.05513,1.05535
2013.03.12 00:52:44.745,1.05513,1.05536
2013.03.12 00:52:46.144,1.05517,1.05536
2013.03.12 00:52:46.738,1.05516,1.05536
2013.03.12 00:52:47.310,1.05516,1.05536
2013.03.12 00:52:48.055,1.05516,1.05538
2013.03.12 00:52:48.114,1.05516,1.05538
2013.03.12 00:52:48.234,1.05516,1.05538
2013.03.12 00:52:48.404,1.05516,1.05538
2013.03.12 00:52:48.955,1.05517,1.05538
2013.03.12 00:52:49.073,1.05517,1.05539
2013.03.12 00:52:49.435,1.05518,1.05539
2013.03.12 00:52:50.224,1.0552,1.05542
2013.03.12 00:52:50.284,1.0552,1.05543
2013.03.12 00:52:50.597,1.05523,1.05545
2013.03.12 00:52:51.145,1.05527,1.05545
2013.03.12 00:52:51.695,1.05527,1.05548
2013.03.12 00:52:51.755,1.05527,1.05548
2013.03.12 00:52:51.936,1.05527,1.05548
2013.03.12 00:52:52.533,1.05527,1.05549
2013.03.12 00:52:53.583,1.05523,1.05549
2013.03.12 00:52:53.824,1.05523,1.05549
2013.03.12 00:52:54.124,1.05522,1.05543
2013.03.12 00:52:54.594,1.05521,1.05543
2013.03.12 00:52:55.095,1.05521,1.05543
2013.03.12 00:52:56.033,1.05517,1.05541
2013.03.12 00:52:56.573,1.05518,1.05543
2013.03.12 00:52:56.874,1.05522,1.05543
2013.03.12 00:52:57.315,1.05522,1.05543
2013.03.12 00:52:58.894,1.05522,1.05548
2013.03.12 00:52:59.013,1.05524,1.05548
2013.03.12 00:52:59.314,1.05524,1.05548
2013.03.12 00:52:59.623,1.05522,1.05545
2013.03.12 00:53:00.157,1.05525,1.05548
2013.03.12 00:53:00.769,1.05524,1.05548
2013.03.12 00:53:01.154,1.05522,1.05548
2013.03.12 00:53:01.573,1.05522,1.05546
2013.03.12 00:53:01.756,1.05516,1.05539
2013.03.12 00:53:02.444,1.05516,1.05539
2013.03.12 00:53:02.714,1.05515,1.05539
2013.03.12 00:53:03.431,1.05516,1.05539
2013.03.12 00:53:04.874,1.05516,1.05538
2013.03.12 00:53:05.054,1.05514,1.05538
2013.03.12 00:53:05.751,1.05514,1.05538
2013.03.12 00:53:10.624,1.05512,1.05537
2013.03.12 00:53:11.045,1.05509,1.05535
2013.03.12 00:53:11.635,1.05509,1.05535
2013.03.12 00:53:12.974,1.05509,1.05535
2013.03.12 00:53:13.584,1.05509,1.05537
2013.03.12 00:53:13.651,1.05511,1.05537
2013.03.12 00:53:14.418,1.05512,1.05537
2013.03.12 00:53:15.014,1.05513,1.05537
2013.03.12 00:53:17.294,1.05514,1.05537
2013.03.12 00:53:17.854,1.05515,1.05537
2013.03.12 00:53:18.224,1.05517,1.05537
2013.03.12 00:53:18.993,1.05515,1.05537
2013.03.12 00:53:20.485,1.05515,1.0554
2013.03.12 00:53:20.544,1.05517,1.0554
2013.03.12 00:53:20.604,1.05517,1.0554
2013.03.12 00:53:21.109,1.05518,1.05541
2013.03.12 00:53:21.415,1.0552,1.05545
2013.03.12 00:53:21.736,1.0552,1.05545
2013.03.12 00:53:22.664,1.05521,1.05545
2013.03.12 00:53:25.018,1.05519,1.05545
2013.03.12 00:53:27.268,1.05519,1.05545
2013.03.12 00:53:27.514,1.05519,1.05545
2013.03.12 00:53:28.053,1.05519,1.05545
2013.03.12 00:53:28.174,1.05519,1.05545
2013.03.12 00:53:28.235,1.05524,1.05546
2013.03.12 00:53:28.535,1.05529,1.05553
2013.03.12 00:53:28.654,1.0553,1.05553
2013.03.12 00:53:29.213,1.05529,1.05553
2013.03.12 00:53:30.299,1.05529,1.05553
2013.03.12 00:53:31.365,1.05529,1.05553
2013.03.12 00:53:31.685,1.0553,1.05554
2013.03.12 00:53:32.045,1.05535,1.05559
2013.03.12 00:53:32.165,1.05532,1.05557
2013.03.12 00:53:32.224,1.05532,1.05557
2013.03.12 00:53:34.224,1.05532,1.05558
2013.03.12 00:53:34.696,1.05532,1.05558
2013.03.12 00:53:34.816,1.05538,1.0556
2013.03.12 00:53:34.876,1.05538,1.05564
2013.03.12 00:53:34.935,1.05538,1.05564
2013.03.12 00:53:35.294,1.05542,1.05564
2013.03.12 00:53:35.355,1.05542,1.05569
2013.03.12 00:53:35.688,1.05545,1.05569
2013.03.12 00:53:35.875,1.05545,1.05569
2013.03.12 00:53:36.115,1.05543,1.05569
2013.03.12 00:53:36.534,1.05539,1.05565
2013.03.12 00:53:36.654,1.05539,1.05565
2013.03.12 00:53:36.903,1.05535,1.05558
2013.03.12 00:53:36.965,1.05535,1.05558
2013.03.12 00:53:37.274,1.05535,1.0556
2013.03.12 00:53:37.635,1.05534,1.05562
2013.03.12 00:53:37.755,1.05538,1.05564
2013.03.12 00:53:37.874,1.05538,1.05565
2013.03.12 00:53:37.935,1.05535,1.05557
2013.03.12 00:53:38.056,1.05537,1.05562
2013.03.12 00:53:38.484,1.05537,1.05562
2013.03.12 00:53:38.544,1.05537,1.05563
2013.03.12 00:53:39.806,1.05535,1.05563
2013.03.12 00:53:40.404,1.05536,1.05564
2013.03.12 00:53:40.924,1.05536,1.05564
2013.03.12 00:53:40.985,1.05536,1.05564
2013.03.12 00:53:41.228,1.05537,1.05564
2013.03.12 00:53:41.914,1.05536,1.05564
2013.03.12 00:53:42.155,1.05536,1.05564
2013.03.12 00:53:42.274,1.05536,1.05563
2013.03.12 00:53:42.575,1.05535,1.05559
2013.03.12 00:53:42.877,1.05528,1.05552
2013.03.12 00:53:42.945,1.05528,1.05552
2013.03.12 00:53:43.137,1.05528,1.05553
2013.03.12 00:53:44.204,1.05527,1.05551
2013.03.12 00:53:45.004,1.05521,1.05548
2013.03.12 00:53:45.484,1.05521,1.05546
2013.03.12 00:53:45.854,1.05517,1.05543
2013.03.12 00:53:46.134,1.05517,1.05541
2013.03.12 00:53:46.254,1.05517,1.05541
2013.03.12 00:53:47.094,1.05515,1.05541
2013.03.12 00:53:47.154,1.05515,1.05541
2013.03.12 00:53:47.334,1.05516,1.05539
2013.03.12 00:53:47.876,1.05516,1.05541
2013.03.12 00:53:47.946,1.05516,1.05541
2013.03.12 00:53:48.254,1.0552,1.05545
2013.03.12 00:53:48.435,1.05522,1.05546
2013.03.12 00:53:49.078,1.05522,1.05546
2013.03.12 00:53:54.561,1.0552,1.05546
2013.03.12 00:54:08.285,1.05514,1.05538
2013.03.12 00:54:08.465,1.05512,1.05538
2013.03.12 00:54:08.644,1.05514,1.05538
2013.03.12 00:54:09.608,1.05514,1.05538
2013.03.12 00:54:11.044,1.05511,1.05537
2013.03.12 00:54:11.783,1.05511,1.05534
2013.03.12 00:54:11.968,1.05507,1.05532
2013.03.12 00:54:12.405,1.05506,1.05532
2013.03.12 00:54:13.364,1.05506,1.0553
2013.03.12 00:54:13.904,1.05506,1.05531
2013.03.12 00:54:14.165,1.05506,1.05531
2013.03.12 00:54:14.345,1.05506,1.05533
2013.03.12 00:54:14.970,1.05511,1.05535
2013.03.12 00:54:15.486,1.05511,1.05537
2013.03.12 00:54:15.785,1.05516,1.05541
2013.03.12 00:54:16.145,1.05517,1.0554
2013.03.12 00:54:16.265,1.05517,1.05538
2013.03.12 00:54:16.669,1.05517,1.05543
2013.03.12 00:54:17.664,1.05517,1.05543
2013.03.12 00:54:18.083,1.05521,1.05547
2013.03.12 00:54:18.203,1.05521,1.05547
2013.03.12 00:54:18.713,1.05521,1.05547
2013.03.12 00:54:19.044,1.05517,1.05541
2013.03.12 00:54:19.104,1.05517,1.05543
2013.03.12 00:54:19.284,1.05517,1.05543
2013.03.12 00:54:19.406,1.05517,1.05543
2013.03.12 00:54:19.736,1.05516,1.05541
2013.03.12 00:54:20.169,1.05516,1.05541
2013.03.12 00:54:20.712,1.05516,1.0554
2013.03.12 00:54:21.389,1.05516,1.0554
2013.03.12 00:54:22.239,1.05516,1.0554
2013.03.12 00:54:22.795,1.05516,1.0554
2013.03.12 00:54:26.144,1.05517,1.05544
2013.03.12 00:54:26.915,1.05517,1.05541
2013.03.12 00:54:28.235,1.05517,1.05544
2013.03.12 00:54:31.104,1.05516,1.05541
2013.03.12 00:54:31.660,1.05516,1.05539
2013.03.12 00:54:33.415,1.05516,1.05539
2013.03.12 00:54:34.005,1.05516,1.05541
2013.03.12 00:54:34.364,1.05514,1.05541
2013.03.12 00:54:34.425,1.05514,1.05541
2013.03.12 00:54:39.176,1.05513,1.05536
2013.03.12 00:54:40.589,1.05512,1.05536
2013.03.12 00:54:41.916,1.05512,1.05536
2013.03.12 00:54:42.613,1.05512,1.05536
2013.03.12 00:54:42.854,1.05512,1.05533
2013.03.12 00:54:46.614,1.05512,1.05536
2013.03.12 00:54:47.204,1.05512,1.05533
2013.03.12 00:54:48.174,1.05507,1.05533
2013.03.12 00:54:49.543,1.05507,1.05533
2013.03.12 00:54:50.025,1.05508,1.05533
2013.03.12 00:54:50.145,1.05509,1.05533
2013.03.12 00:54:50.506,1.05511,1.05533
2013.03.12 00:54:51.053,1.05512,1.05539
2013.03.12 00:54:51.234,1.05512,1.05539
2013.03.12 00:54:51.697,1.05511,1.05539
2013.03.12 00:54:54.548,1.05507,1.05533
2013.03.12 00:54:55.865,1.05509,1.05533
2013.03.12 00:54:57.133,1.05507,1.05533
2013.03.12 00:54:57.584,1.05511,1.05538
2013.03.12 00:54:58.245,1.05506,1.05532
2013.03.12 00:54:58.837,1.05506,1.05533
2013.03.12 00:54:59.194,1.05506,1.05533
2013.03.12 00:54:59.505,1.05506,1.05534
2013.03.12 00:55:00.014,1.05507,1.05534
2013.03.12 00:55:00.195,1.05517,1.05539
2013.03.12 00:55:00.314,1.05514,1.05537
2013.03.12 00:55:00.616,1.05507,1.05529
2013.03.12 00:55:01.226,1.05498,1.05521
2013.03.12 00:55:01.346,1.05498,1.05517
2013.03.12 00:55:01.885,1.05495,1.05517
2013.03.12 00:55:02.325,1.05495,1.05512
2013.03.12 00:55:02.504,1.05495,1.05519
2013.03.12 00:55:02.633,1.05495,1.05518
2013.03.12 00:55:03.135,1.05496,1.05518
2013.03.12 00:55:04.255,1.05496,1.05518
2013.03.12 00:55:08.245,1.0549,1.05516
2013.03.12 00:55:08.788,1.05488,1.05514
2013.03.12 00:55:09.244,1.05488,1.05514
2013.03.12 00:55:09.874,1.05488,1.05514
2013.03.12 00:55:12.915,1.05488,1.05514
2013.03.12 00:55:13.875,1.05488,1.05513
2013.03.12 00:55:14.435,1.05487,1.05513
2013.03.12 00:55:14.495,1.05484,1.05509
2013.03.12 00:55:16.784,1.05484,1.05509
2013.03.12 00:55:17.711,1.05485,1.05509
2013.03.12 00:55:18.944,1.05485,1.05513
2013.03.12 00:55:19.494,1.05485,1.05514
2013.03.12 00:55:22.343,1.05486,1.05514
2013.03.12 00:55:22.934,1.05485,1.05514
2013.03.12 00:55:30.320,1.05485,1.05514
2013.03.12 00:55:32.154,1.05485,1.05512
2013.03.12 00:55:32.357,1.05485,1.05512
2013.03.12 00:55:32.665,1.05482,1.05509
2013.03.12 00:55:33.145,1.05482,1.05509
2013.03.12 00:55:33.614,1.05482,1.05508
2013.03.12 00:55:36.094,1.05481,1.05506
2013.03.12 00:55:36.455,1.05482,1.05506
2013.03.12 00:55:36.634,1.05482,1.05506
2013.03.12 00:55:36.694,1.0548,1.05502
2013.03.12 00:55:36.998,1.05475,1.055
2013.03.12 00:55:37.550,1.05473,1.055
2013.03.12 00:55:37.674,1.0547,1.05497
2013.03.12 00:55:39.063,1.0547,1.05497
2013.03.12 00:55:41.334,1.05476,1.05503
2013.03.12 00:55:41.822,1.05476,1.05503
2013.03.12 00:55:55.954,1.05476,1.05503
2013.03.12 00:55:58.871,1.05476,1.05503
2013.03.12 00:56:01.284,1.05477,1.05503
2013.03.12 00:56:03.075,1.05477,1.05503
2013.03.12 00:56:03.256,1.05477,1.05503
2013.03.12 00:56:04.108,1.05477,1.05503
2013.03.12 00:56:06.356,1.05476,1.05503
2013.03.12 00:56:06.939,1.05476,1.05503
2013.03.12 00:56:07.144,1.05477,1.05503
2013.03.12 00:56:07.204,1.05477,1.05503
2013.03.12 00:56:08.974,1.05477,1.05503
2013.03.12 00:56:09.495,1.05477,1.05503
2013.03.12 00:56:10.019,1.05477,1.05504
2013.03.12 00:56:14.389,1.05483,1.05507
2013.03.12 00:56:14.454,1.05483,1.05508
2013.03.12 00:56:17.144,1.05481,1.05507
2013.03.12 00:56:18.562,1.05483,1.05509
2013.03.12 00:56:19.577,1.05486,1.05509
2013.03.12 00:56:19.945,1.05487,1.05512
2013.03.12 00:56:20.124,1.05492,1.05517
2013.03.12 00:56:20.305,1.05492,1.05517
2013.03.12 00:56:20.619,1.05492,1.05517
2013.03.12 00:56:21.170,1.05492,1.05517
2013.03.12 00:56:21.511,1.05492,1.05517
2013.03.12 00:56:24.105,1.05492,1.05517
2013.03.12 00:56:24.446,1.05497,1.05522
2013.03.12 00:56:33.885,1.05493,1.0552
2013.03.12 00:56:36.883,1.05499,1.05524
2013.03.12 00:56:37.746,1.05499,1.05523
2013.03.12 00:56:38.047,1.05494,1.05521
2013.03.12 00:56:38.405,1.05494,1.05519
2013.03.12 00:56:38.980,1.05495,1.05518
2013.03.12 00:56:40.746,1.05494,1.05518
2013.03.12 00:56:46.332,1.05494,1.05518
2013.03.12 00:56:46.410,1.05495,1.05521
2013.03.12 00:56:48.394,1.05496,1.05522
2013.03.12 00:56:52.115,1.05495,1.05522
2013.03.12 00:56:52.235,1.05496,1.05522
2013.03.12 00:56:52.794,1.05497,1.05522
2013.03.12 00:56:53.346,1.05496,1.05522
2013.03.12 00:56:54.264,1.05496,1.05519
2013.03.12 00:56:54.445,1.05495,1.05516
2013.03.12 00:56:54.974,1.05489,1.05516
2013.03.12 00:56:55.354,1.05497,1.05521
2013.03.12 00:56:55.416,1.05497,1.05523
2013.03.12 00:57:01.816,1.05498,1.05523
2013.03.12 00:57:16.254,1.05499,1.05526
2013.03.12 00:57:29.114,1.05499,1.05525
2013.03.12 00:57:29.175,1.05499,1.05524
2013.03.12 00:57:29.426,1.05499,1.05524
2013.03.12 00:57:33.923,1.05499,1.05524
2013.03.12 00:57:52.551,1.05498,1.05524
2013.03.12 00:57:53.074,1.05498,1.05524
2013.03.12 00:57:56.254,1.05498,1.05524
2013.03.12 00:58:00.594,1.05498,1.05524
2013.03.12 00:58:06.105,1.05498,1.0552
2013.03.12 00:58:06.344,1.05497,1.05522
2013.03.12 00:58:08.166,1.05497,1.05521
2013.03.12 00:58:09.136,1.05497,1.05521
2013.03.12 00:58:12.224,1.05497,1.05523
2013.03.12 00:58:12.284,1.05502,1.05523
2013.03.12 00:58:12.415,1.05503,1.05526
2013.03.12 00:58:12.595,1.05502,1.05528
2013.03.12 00:58:12.719,1.05502,1.05526
2013.03.12 00:58:13.244,1.05502,1.05526
2013.03.12 00:58:13.955,1.05501,1.05526
2013.03.12 00:58:14.742,1.05501,1.05526
2013.03.12 00:58:17.744,1.05501,1.05526
2013.03.12 00:58:17.805,1.05502,1.05526
2013.03.12 00:58:21.100,1.05501,1.05526
2013.03.12 00:58:21.405,1.05498,1.05523
2013.03.12 00:58:21.725,1.05499,1.05523
2013.03.12 00:58:56.446,1.05502,1.05523
2013.03.12 00:59:00.924,1.05502,1.05523
2013.03.12 00:59:01.755,1.05502,1.05523
2013.03.12 00:59:02.324,1.05502,1.05522
2013.03.12 00:59:03.205,1.05505,1.05522
2013.03.12 00:59:08.635,1.05505,1.05523
2013.03.12 00:59:08.695,1.05505,1.05525
2013.03.12 00:59:09.489,1.05505,1.05526
2013.03.12 00:59:17.338,1.05505,1.05526
2013.03.12 00:59:17.861,1.05505,1.05528
2013.03.12 00:59:28.616,1.05504,1.05528
2013.03.12 00:59:29.125,1.05506,1.05526
2013.03.12 00:59:29.496,1.05506,1.05526
2013.03.12 00:59:34.034,1.05506,1.05528
2013.03.12 00:59:34.536,1.05506,1.05528
2013.03.12 00:59:49.265,1.05501,1.05526
2013.03.12 00:59:49.325,1.05501,1.05525
2013.03.12 00:59:49.685,1.05502,1.05522
2013.03.12 00:59:49.926,1.05499,1.05522
2013.03.12 00:59:50.278,1.05499,1.05523
2013.03.12 00:59:50.578,1.05497,1.05522
2013.03.12 00:59:55.334,1.05499,1.05523
2013.03.12 01:00:00.070,1.05499,1.05521
2013.03.12 01:00:09.394,1.055,1.05519
2013.03.12 01:00:09.716,1.05499,1.0552
2013.03.12 01:00:09.956,1.05503,1.05524
2013.03.12 01:00:10.074,1.05503,1.05526
2013.03.12 01:00:10.435,1.05503,1.05526
2013.03.12 01:00:10.614,1.05503,1.05526
2013.03.12 01:00:10.854,1.05503,1.05526
2013.03.12 01:00:11.155,1.05502,1.05524
2013.03.12 01:00:11.216,1.05501,1.05524
2013.03.12 01:00:11.645,1.05502,1.05524
2013.03.12 01:00:12.005,1.05501,1.05523
2013.03.12 01:00:12.139,1.05498,1.05519
2013.03.12 01:00:12.325,1.05495,1.05519
2013.03.12 01:00:12.875,1.05496,1.05519
2013.03.12 01:00:12.935,1.05497,1.0552
2013.03.12 01:00:28.825,1.05494,1.05518
2013.03.12 01:00:28.885,1.05494,1.05515
2013.03.12 01:00:41.906,1.05488,1.05514
2013.03.12 01:00:42.105,1.05488,1.05514
2013.03.12 01:00:46.495,1.05491,1.05514
2013.03.12 01:00:46.797,1.05491,1.05514
2013.03.12 01:00:47.553,1.05491,1.05514
2013.03.12 01:00:49.200,1.05491,1.05514
2013.03.12 01:00:55.455,1.05491,1.05513
2013.03.12 01:01:06.505,1.05491,1.05513
2013.03.12 01:01:06.865,1.05488,1.05512
2013.03.12 01:01:09.538,1.05491,1.0551
2013.03.12 01:01:12.347,1.05486,1.0551
2013.03.12 01:01:12.916,1.05486,1.0551
2013.03.12 01:01:16.945,1.05491,1.0551
2013.03.12 01:01:17.126,1.05491,1.0551
2013.03.12 01:01:17.715,1.05491,1.05513
2013.03.12 01:01:17.780,1.05491,1.05513
2013.03.12 01:01:26.841,1.05491,1.05515
2013.03.12 01:01:31.705,1.05495,1.05515
2013.03.12 01:01:32.240,1.05495,1.05515
2013.03.12 01:01:33.734,1.05493,1.05513
2013.03.12 01:01:34.274,1.05487,1.05509
2013.03.12 01:01:47.879,1.05486,1.05509
2013.03.12 01:01:48.066,1.05486,1.05509
2013.03.12 01:01:48.598,1.05486,1.05509
2013.03.12 01:01:54.265,1.05486,1.05512
2013.03.12 01:01:56.525,1.05486,1.05512
2013.03.12 01:01:56.645,1.05486,1.05512
2013.03.12 01:02:14.425,1.05489,1.05514
2013.03.12 01:02:22.286,1.05491,1.05512
2013.03.12 01:02:22.865,1.05491,1.05512
2013.03.12 01:02:27.786,1.05492,1.05512
2013.03.12 01:02:28.895,1.05488,1.05513
2013.03.12 01:02:37.805,1.05486,1.05512
2013.03.12 01:02:37.926,1.05486,1.05512
2013.03.12 01:02:39.196,1.05487,1.05509
2013.03.12 01:02:39.496,1.05485,1.05508
2013.03.12 01:02:40.494,1.05481,1.05506
2013.03.12 01:02:40.565,1.0548,1.05506
2013.03.12 01:02:41.015,1.05482,1.05505
2013.03.12 01:02:43.307,1.05476,1.05502
2013.03.12 01:02:52.105,1.05476,1.05502
2013.03.12 01:02:52.525,1.05476,1.055
2013.03.12 01:02:52.895,1.05474,1.05496
2013.03.12 01:02:52.956,1.05473,1.05496
2013.03.12 01:02:53.135,1.05472,1.05496
2013.03.12 01:02:53.555,1.05472,1.05496
2013.03.12 01:02:54.097,1.05472,1.05498
2013.03.12 01:02:55.095,1.05473,1.05498
2013.03.12 01:02:55.644,1.05476,1.05502
2013.03.12 01:02:56.056,1.05476,1.05503
2013.03.12 01:02:56.865,1.05476,1.05503
2013.03.12 01:02:57.905,1.05478,1.05503
2013.03.12 01:02:58.085,1.05478,1.05503
2013.03.12 01:02:58.385,1.0548,1.05503
2013.03.12 01:03:03.376,1.05477,1.05502
2013.03.12 01:03:07.076,1.05481,1.05503
2013.03.12 01:03:07.666,1.0548,1.05503
2013.03.12 01:03:16.265,1.05481,1.05504
2013.03.12 01:03:20.815,1.05477,1.05503
2013.03.12 01:03:21.367,1.05477,1.05503
2013.03.12 01:03:24.575,1.05481,1.05503
2013.03.12 01:03:41.814,1.05481,1.05504
2013.03.12 01:03:41.935,1.05482,1.05508
2013.03.12 01:03:42.177,1.05482,1.05508
2013.03.12 01:03:42.716,1.05482,1.05508
2013.03.12 01:03:45.946,1.05483,1.05509
2013.03.12 01:03:46.997,1.05482,1.05508
2013.03.12 01:03:47.116,1.05487,1.05509
2013.03.12 01:03:47.237,1.05486,1.05512
2013.03.12 01:03:47.927,1.05493,1.05511
2013.03.12 01:03:48.286,1.05496,1.05514
2013.03.12 01:03:48.648,1.05496,1.05515
2013.03.12 01:03:49.127,1.05501,1.0552
2013.03.12 01:03:49.185,1.05501,1.0552
2013.03.12 01:03:50.023,1.05497,1.05521
2013.03.12 01:03:50.692,1.05496,1.0552
2013.03.12 01:03:51.660,1.05496,1.05522
2013.03.12 01:03:53.785,1.05498,1.05524
2013.03.12 01:03:54.246,1.05502,1.05524
2013.03.12 01:03:54.426,1.05504,1.05528
2013.03.12 01:03:55.646,1.05502,1.05524
2013.03.12 01:03:57.806,1.055,1.05525
2013.03.12 01:03:58.049,1.05499,1.05525
2013.03.12 01:03:58.116,1.05498,1.05525
2013.03.12 01:03:58.456,1.05498,1.05525
2013.03.12 01:03:58.635,1.05503,1.05528
2013.03.12 01:03:59.755,1.055,1.05524
2013.03.12 01:04:00.314,1.055,1.05524
2013.03.12 01:04:04.975,1.055,1.05524
2013.03.12 01:04:05.211,1.055,1.05524
2013.03.12 01:04:06.785,1.05497,1.05524
2013.03.12 01:04:09.625,1.055,1.05524
2013.03.12 01:04:10.045,1.05498,1.05522
2013.03.12 01:04:11.586,1.055,1.05524
2013.03.12 01:04:15.345,1.05497,1.05522
2013.03.12 01:04:15.927,1.05493,1.05518
2013.03.12 01:04:16.404,1.05492,1.05518
2013.03.12 01:04:16.585,1.05495,1.05519
2013.03.12 01:04:16.647,1.05498,1.0552
2013.03.12 01:04:16.954,1.05499,1.05524
2013.03.12 01:04:17.277,1.05499,1.05524
2013.03.12 01:04:17.336,1.055,1.05526
2013.03.12 01:04:19.626,1.05506,1.05528
2013.03.12 01:04:20.046,1.05506,1.05531
2013.03.12 01:04:20.116,1.05506,1.05532
2013.03.12 01:04:22.055,1.05506,1.05532
2013.03.12 01:04:30.064,1.05506,1.05532
2013.03.12 01:04:32.386,1.05506,1.05528
2013.03.12 01:04:32.944,1.05506,1.05531
2013.03.12 01:04:37.156,1.05506,1.05531
2013.03.12 01:04:42.507,1.05503,1.05529
2013.03.12 01:04:44.659,1.05503,1.05529
2013.03.12 01:04:55.135,1.05509,1.05532
2013.03.12 01:04:55.616,1.05506,1.05533
2013.03.12 01:04:56.436,1.05505,1.05531
2013.03.12 01:04:56.856,1.05504,1.05531
2013.03.12 01:04:57.217,1.05503,1.05527
