Time,Bid,Ask
2013.03.05 00:00:01.933,1.04739,1.04763
2013.03.05 00:00:09.103,1.04739,1.04763
2013.03.05 00:00:09.886,1.04742,1.04765
2013.03.05 00:00:10.424,1.0474,1.04763
2013.03.05 00:00:10.605,1.04741,1.04763
2013.03.05 00:00:10.854,1.04741,1.04763
2013.03.05 00:00:11.499,1.04741,1.04763
2013.03.05 00:00:12.535,1.0474,1.04763
2013.03.05 00:00:15.684,1.04741,1.04763
2013.03.05 00:00:21.032,1.04743,1.04763
2013.03.05 00:00:21.154,1.04744,1.04765
2013.03.05 00:00:21.515,1.04745,1.04763
2013.03.05 00:00:21.694,1.04745,1.04769
2013.03.05 00:00:21.934,1.04745,1.04762
2013.03.05 00:00:22.175,1.04745,1.04768
2013.03.05 00:00:22.474,1.04745,1.04763
2013.03.05 00:00:22.734,1.04745,1.04768
2013.03.05 00:00:22.915,1.04745,1.04763
2013.03.05 00:00:23.563,1.04744,1.04763
2013.03.05 00:00:29.984,1.04745,1.04769
2013.03.05 00:00:30.106,1.04748,1.04769
2013.03.05 00:00:30.464,1.04746,1.04769
2013.03.05 00:00:30.525,1.04751,1.04772
2013.03.05 00:00:30.589,1.04749,1.04772
2013.03.05 00:00:30.656,1.04751,1.04773
2013.03.05 00:00:30.715,1.04751,1.04775
2013.03.05 00:00:30.894,1.04749,1.04774
2013.03.05 00:00:31.434,1.04748,1.04772
2013.03.05 00:00:31.675,1.04751,1.04772
2013.03.05 00:00:32.334,1.04751,1.04772
2013.03.05 00:00:34.204,1.04751,1.04769
2013.03.05 00:00:34.325,1.04746,1.04769
2013.03.05 00:00:34.909,1.04745,1.04769
2013.03.05 00:00:37.394,1.04742,1.04766
2013.03.05 00:00:37.469,1.04739,1.04763
2013.03.05 00:00:42.124,1.0474,1.04763
2013.03.05 00:00:42.574,1.04741,1.04766
2013.03.05 00:01:05.454,1.04742,1.04767
2013.03.05 00:01:06.064,1.04742,1.04767
2013.03.05 00:01:07.747,1.04743,1.04767
2013.03.05 00:01:09.252,1.04742,1.04766
2013.03.05 00:01:12.187,1.0474,1.04766
2013.03.05 00:01:13.243,1.04742,1.04766
2013.03.05 00:01:13.304,1.04743,1.04768
2013.03.05 00:01:13.993,1.04743,1.04769
2013.03.05 00:01:19.714,1.04743,1.04767
2013.03.05 00:01:23.124,1.04743,1.04765
2013.03.05 00:01:28.949,1.04743,1.04767
2013.03.05 00:01:31.164,1.04743,1.04765
2013.03.05 00:01:32.603,1.04743,1.04767
2013.03.05 00:01:33.443,1.04742,1.04767
2013.03.05 00:01:35.613,1.04744,1.04768
2013.03.05 00:01:37.581,1.04742,1.04766
2013.03.05 00:01:42.927,1.04743,1.04766
2013.03.05 00:01:43.114,1.04744,1.04766
2013.03.05 00:01:43.294,1.04744,1.04766
2013.03.05 00:01:45.298,1.04744,1.04767
2013.03.05 00:01:45.675,1.04742,1.04765
2013.03.05 00:01:45.737,1.04739,1.04761
2013.03.05 00:01:45.807,1.04737,1.04759
2013.03.05 00:01:45.877,1.04737,1.04762
2013.03.05 00:01:46.065,1.0474,1.04763
2013.03.05 00:01:46.187,1.0474,1.04763
2013.03.05 00:01:46.255,1.04738,1.04763
2013.03.05 00:01:46.976,1.04737,1.04761
2013.03.05 00:01:47.505,1.04737,1.04762
2013.03.05 00:01:47.564,1.04738,1.04762
2013.03.05 00:01:47.865,1.04738,1.04759
2013.03.05 00:01:48.094,1.04738,1.04762
2013.03.05 00:01:48.154,1.04738,1.04762
2013.03.05 00:01:48.274,1.04738,1.04762
2013.03.05 00:01:48.860,1.04741,1.04762
2013.03.05 00:01:52.782,1.04741,1.04763
2013.03.05 00:01:53.694,1.04742,1.04765
2013.03.05 00:01:53.935,1.04743,1.04767
2013.03.05 00:01:54.236,1.04746,1.04769
2013.03.05 00:01:58.363,1.04746,1.04769
2013.03.05 00:02:00.981,1.04746,1.04771
2013.03.05 00:02:01.406,1.04746,1.0477
2013.03.05 00:02:03.500,1.04745,1.04768
2013.03.05 00:02:04.566,1.04744,1.04766
2013.03.05 00:02:06.016,1.04746,1.04769
2013.03.05 00:02:10.932,1.04746,1.0477
2013.03.05 00:02:16.115,1.04754,1.04771
2013.03.05 00:02:16.295,1.04756,1.04777
2013.03.05 00:02:16.415,1.04755,1.04776
2013.03.05 00:02:16.475,1.04751,1.04776
2013.03.05 00:02:18.671,1.04749,1.0477
2013.03.05 00:02:19.076,1.04747,1.0477
2013.03.05 00:02:22.915,1.04742,1.04765
2013.03.05 00:02:22.975,1.04741,1.04765
2013.03.05 00:02:43.084,1.04737,1.04758
2013.03.05 00:03:08.125,1.04739,1.04762
2013.03.05 00:03:08.508,1.04742,1.04767
2013.03.05 00:03:08.945,1.04739,1.04765
2013.03.05 00:03:09.504,1.04739,1.04761
2013.03.05 00:03:09.685,1.04739,1.04765
2013.03.05 00:03:09.746,1.04741,1.04765
2013.03.05 00:03:17.145,1.04742,1.04767
2013.03.05 00:03:17.264,1.04743,1.04768
2013.03.05 00:03:20.855,1.04743,1.04767
2013.03.05 00:03:21.442,1.04743,1.04765
2013.03.05 00:03:23.715,1.04743,1.04768
2013.03.05 00:03:24.208,1.04743,1.04767
2013.03.05 00:03:30.758,1.04745,1.04768
2013.03.05 00:03:30.945,1.04749,1.0477
2013.03.05 00:03:31.890,1.04749,1.04771
2013.03.05 00:03:32.226,1.04749,1.04771
2013.03.05 00:03:39.465,1.04749,1.04771
2013.03.05 00:03:45.875,1.04748,1.0477
2013.03.05 00:03:46.415,1.04749,1.04773
2013.03.05 00:03:46.857,1.04749,1.04773
2013.03.05 00:03:52.476,1.04747,1.04768
2013.03.05 00:03:56.363,1.04747,1.04766
2013.03.05 00:03:57.786,1.04747,1.04764
2013.03.05 00:03:58.564,1.04747,1.04768
2013.03.05 00:04:05.995,1.04751,1.0477
2013.03.05 00:04:06.115,1.04752,1.04773
2013.03.05 00:04:06.235,1.04754,1.04773
2013.03.05 00:04:06.295,1.04754,1.04773
2013.03.05 00:04:06.355,1.04754,1.04777
2013.03.05 00:04:06.416,1.04754,1.0478
2013.03.05 00:04:08.285,1.04756,1.0478
2013.03.05 00:04:08.466,1.04762,1.04781
2013.03.05 00:04:09.211,1.04763,1.04785
2013.03.05 00:04:09.296,1.04763,1.04785
2013.03.05 00:04:10.225,1.0476,1.04781
2013.03.05 00:04:10.284,1.04758,1.04781
2013.03.05 00:04:13.036,1.04759,1.04781
2013.03.05 00:04:13.229,1.04759,1.04782
2013.03.05 00:04:14.425,1.0476,1.04784
2013.03.05 00:04:25.961,1.0476,1.04784
2013.03.05 00:04:29.096,1.0476,1.04784
2013.03.05 00:04:29.405,1.04757,1.0478
2013.03.05 00:04:29.585,1.04757,1.0478
2013.03.05 00:04:29.825,1.04753,1.04776
2013.03.05 00:04:43.286,1.04753,1.04775
2013.03.05 00:04:43.468,1.04744,1.04769
2013.03.05 00:04:43.595,1.04744,1.04769
2013.03.05 00:04:43.834,1.04743,1.04765
2013.03.05 00:04:44.712,1.04742,1.04765
2013.03.05 00:04:45.615,1.04744,1.04765
2013.03.05 00:04:45.856,1.04745,1.04768
2013.03.05 00:04:45.915,1.04746,1.04768
2013.03.05 00:04:51.644,1.04747,1.04771
2013.03.05 00:04:52.005,1.04744,1.04765
2013.03.05 00:04:54.044,1.04743,1.04766
2013.03.05 00:04:58.562,1.04744,1.04766
2013.03.05 00:04:59.985,1.04745,1.04766
2013.03.05 00:05:00.817,1.04744,1.04766
2013.03.05 00:05:03.285,1.04744,1.04766
2013.03.05 00:05:07.147,1.04745,1.04766
2013.03.05 00:05:07.216,1.04748,1.04768
2013.03.05 00:05:07.276,1.04748,1.04769
2013.03.05 00:05:07.396,1.04748,1.04772
2013.03.05 00:05:07.711,1.04751,1.04774
2013.03.05 00:05:07.838,1.04751,1.04774
2013.03.05 00:05:08.028,1.04751,1.04774
2013.03.05 00:05:17.775,1.04751,1.04774
2013.03.05 00:05:18.084,1.04749,1.04774
2013.03.05 00:05:18.324,1.04748,1.04769
2013.03.05 00:05:22.546,1.04747,1.04769
2013.03.05 00:05:25.415,1.04744,1.04765
2013.03.05 00:05:25.475,1.04744,1.04765
2013.03.05 00:05:27.575,1.04744,1.04768
2013.03.05 00:05:27.705,1.04746,1.04768
2013.03.05 00:05:27.825,1.04748,1.04768
2013.03.05 00:05:28.125,1.04749,1.04774
2013.03.05 00:05:28.426,1.04752,1.04775
2013.03.05 00:05:38.206,1.04751,1.04775
2013.03.05 00:05:39.445,1.04754,1.04778
2013.03.05 00:05:46.875,1.04756,1.04779
2013.03.05 00:05:46.995,1.04756,1.04779
2013.03.05 00:05:47.294,1.04756,1.04779
2013.03.05 00:05:47.487,1.04762,1.04783
2013.03.05 00:05:50.336,1.04762,1.04783
2013.03.05 00:05:50.682,1.04762,1.04782
2013.03.05 00:05:50.749,1.04762,1.04784
2013.03.05 00:06:00.425,1.04764,1.04787
2013.03.05 00:06:00.606,1.04766,1.04788
2013.03.05 00:06:00.787,1.04773,1.04791
2013.03.05 00:06:00.845,1.0477,1.04789
2013.03.05 00:06:00.975,1.04769,1.04789
2013.03.05 00:06:01.725,1.0477,1.04793
2013.03.05 00:06:04.336,1.04769,1.04789
2013.03.05 00:06:04.876,1.04767,1.04789
2013.03.05 00:06:04.943,1.04767,1.04789
2013.03.05 00:06:05.512,1.04768,1.04791
2013.03.05 00:06:05.905,1.04768,1.04791
2013.03.05 00:06:06.105,1.04768,1.04791
2013.03.05 00:06:06.345,1.04769,1.04795
2013.03.05 00:06:07.645,1.04769,1.04795
2013.03.05 00:06:07.705,1.04768,1.04791
2013.03.05 00:06:07.825,1.04768,1.04791
2013.03.05 00:06:08.213,1.0477,1.04795
2013.03.05 00:06:27.283,1.04771,1.04794
2013.03.05 00:06:27.405,1.04767,1.04791
2013.03.05 00:06:28.525,1.04764,1.04785
2013.03.05 00:06:29.735,1.04764,1.04786
2013.03.05 00:06:31.575,1.04764,1.04786
2013.03.05 00:06:31.815,1.04765,1.04786
2013.03.05 00:06:31.996,1.04764,1.04788
2013.03.05 00:06:32.784,1.04764,1.04788
2013.03.05 00:06:32.966,1.04767,1.04788
2013.03.05 00:06:33.145,1.04767,1.04788
2013.03.05 00:06:34.324,1.04769,1.04792
2013.03.05 00:06:34.806,1.04764,1.04786
2013.03.05 00:06:36.187,1.04763,1.04786
2013.03.05 00:06:36.305,1.04763,1.04786
2013.03.05 00:06:36.932,1.04763,1.04786
2013.03.05 00:06:42.475,1.04764,1.04787
2013.03.05 00:06:43.736,1.04764,1.04787
2013.03.05 00:06:44.746,1.04765,1.04787
2013.03.05 00:06:45.146,1.04766,1.04789
2013.03.05 00:06:45.266,1.04766,1.04789
2013.03.05 00:06:45.669,1.04769,1.04792
2013.03.05 00:06:50.824,1.04769,1.04792
2013.03.05 00:06:50.946,1.04767,1.0479
2013.03.05 00:06:53.621,1.04767,1.0479
2013.03.05 00:06:54.826,1.04768,1.04791
2013.03.05 00:06:58.084,1.04768,1.04791
2013.03.05 00:06:58.667,1.04768,1.04792
2013.03.05 00:07:25.456,1.04768,1.04793
2013.03.05 00:07:25.966,1.04768,1.04794
2013.03.05 00:07:36.198,1.04769,1.04793
2013.03.05 00:07:38.912,1.04768,1.04792
2013.03.05 00:07:45.625,1.04769,1.04792
2013.03.05 00:07:58.141,1.0477,1.04794
2013.03.05 00:08:05.838,1.0477,1.04794
2013.03.05 00:08:17.041,1.0477,1.04794
2013.03.05 00:08:20.344,1.0477,1.0479
2013.03.05 00:08:25.155,1.0477,1.04792
2013.03.05 00:08:25.344,1.04768,1.04791
2013.03.05 00:08:25.985,1.04766,1.0479
2013.03.05 00:08:26.125,1.04765,1.04787
2013.03.05 00:08:26.245,1.04762,1.04787
2013.03.05 00:08:26.365,1.04762,1.04786
2013.03.05 00:08:26.485,1.04761,1.04785
2013.03.05 00:08:28.895,1.04762,1.04783
2013.03.05 00:08:28.955,1.04763,1.04783
2013.03.05 00:08:29.075,1.04766,1.04786
2013.03.05 00:08:29.665,1.04762,1.04787
2013.03.05 00:08:29.966,1.04762,1.04786
2013.03.05 00:08:30.165,1.04759,1.04781
2013.03.05 00:08:32.376,1.04761,1.04781
2013.03.05 00:08:32.434,1.04761,1.04781
2013.03.05 00:08:32.495,1.04761,1.04781
2013.03.05 00:08:34.362,1.04761,1.04786
2013.03.05 00:08:34.426,1.0476,1.04785
2013.03.05 00:08:37.096,1.04759,1.0478
2013.03.05 00:08:38.135,1.0476,1.04782
2013.03.05 00:08:38.197,1.04764,1.04783
2013.03.05 00:08:38.505,1.04761,1.04782
2013.03.05 00:08:38.926,1.04764,1.04781
2013.03.05 00:08:41.071,1.04764,1.04782
2013.03.05 00:08:41.196,1.0476,1.04782
2013.03.05 00:08:42.428,1.04762,1.0478
2013.03.05 00:08:45.546,1.04761,1.0478
2013.03.05 00:08:45.719,1.04757,1.0478
2013.03.05 00:08:47.544,1.04758,1.0478
2013.03.05 00:08:48.364,1.04758,1.04782
2013.03.05 00:08:48.426,1.04758,1.04782
2013.03.05 00:08:50.414,1.0476,1.04782
2013.03.05 00:09:01.265,1.04758,1.04782
2013.03.05 00:09:03.666,1.04757,1.04782
2013.03.05 00:09:04.757,1.04758,1.04782
2013.03.05 00:09:05.351,1.0476,1.04782
2013.03.05 00:09:07.269,1.04759,1.04782
2013.03.05 00:09:08.172,1.04761,1.04782
2013.03.05 00:09:17.396,1.04761,1.04782
2013.03.05 00:09:18.625,1.04762,1.04783
2013.03.05 00:09:18.746,1.04766,1.04783
2013.03.05 00:09:19.120,1.04764,1.04782
2013.03.05 00:09:23.387,1.04763,1.04783
2013.03.05 00:09:31.934,1.04761,1.04783
2013.03.05 00:09:33.433,1.04763,1.04783
2013.03.05 00:09:35.538,1.04764,1.04783
2013.03.05 00:09:36.156,1.0476,1.04783
2013.03.05 00:09:37.845,1.04759,1.04783
2013.03.05 00:09:38.155,1.04759,1.04783
2013.03.05 00:09:40.916,1.04758,1.04779
2013.03.05 00:09:40.975,1.04761,1.04779
2013.03.05 00:09:43.566,1.04761,1.04784
2013.03.05 00:09:43.876,1.04764,1.04784
2013.03.05 00:09:43.935,1.04767,1.04784
2013.03.05 00:09:46.671,1.04767,1.04788
2013.03.05 00:09:46.737,1.04764,1.04788
2013.03.05 00:09:52.389,1.04765,1.04788
2013.03.05 00:09:57.425,1.04764,1.04788
2013.03.05 00:09:57.605,1.04764,1.0478
2013.03.05 00:09:58.330,1.04764,1.04788
2013.03.05 00:10:01.116,1.04764,1.04788
2013.03.05 00:10:01.176,1.04764,1.04788
2013.03.05 00:10:01.736,1.04764,1.04788
2013.03.05 00:10:02.436,1.04764,1.04788
2013.03.05 00:10:05.230,1.04766,1.04788
2013.03.05 00:10:05.977,1.04768,1.04789
2013.03.05 00:10:06.336,1.04769,1.04792
2013.03.05 00:10:06.480,1.04773,1.04792
2013.03.05 00:10:06.546,1.04773,1.04792
2013.03.05 00:10:06.605,1.04774,1.04797
2013.03.05 00:10:10.485,1.04774,1.04798
2013.03.05 00:10:11.131,1.04774,1.04798
2013.03.05 00:10:14.456,1.04774,1.04798
2013.03.05 00:10:16.266,1.04775,1.04798
2013.03.05 00:10:17.785,1.04774,1.04798
2013.03.05 00:10:20.715,1.04776,1.04798
2013.03.05 00:10:28.215,1.04777,1.048
2013.03.05 00:10:29.776,1.04772,1.04796
2013.03.05 00:10:31.028,1.04774,1.04796
2013.03.05 00:10:34.178,1.04774,1.04796
2013.03.05 00:10:35.725,1.04775,1.048
2013.03.05 00:10:38.046,1.04776,1.048
2013.03.05 00:10:44.369,1.04776,1.048
2013.03.05 00:10:54.905,1.04772,1.04796
2013.03.05 00:10:58.465,1.04772,1.04795
2013.03.05 00:10:58.806,1.04772,1.04795
2013.03.05 00:11:01.155,1.04772,1.04796
2013.03.05 00:11:01.337,1.04772,1.04796
2013.03.05 00:11:02.668,1.0477,1.04793
2013.03.05 00:11:03.665,1.0477,1.0479
2013.03.05 00:11:04.116,1.04772,1.04796
2013.03.05 00:11:04.646,1.04773,1.04796
2013.03.05 00:11:04.706,1.04771,1.04794
2013.03.05 00:11:04.896,1.04772,1.04794
2013.03.05 00:11:04.957,1.04772,1.04794
2013.03.05 00:11:05.026,1.04772,1.04793
2013.03.05 00:11:05.387,1.04773,1.04789
2013.03.05 00:11:05.457,1.04773,1.04794
2013.03.05 00:11:05.718,1.04773,1.04796
2013.03.05 00:11:11.455,1.04774,1.04799
2013.03.05 00:11:12.415,1.04775,1.04799
2013.03.05 00:11:24.648,1.04774,1.04799
2013.03.05 00:11:31.755,1.04776,1.048
2013.03.05 00:11:43.390,1.0478,1.048
2013.03.05 00:11:44.997,1.0478,1.048
2013.03.05 00:11:46.301,1.04779,1.048
2013.03.05 00:11:52.720,1.04778,1.048
2013.03.05 00:11:52.935,1.04777,1.048
2013.03.05 00:11:52.996,1.0478,1.048
2013.03.05 00:12:05.562,1.0478,1.04806
2013.03.05 00:12:13.366,1.0478,1.04804
2013.03.05 00:12:15.767,1.0478,1.04804
2013.03.05 00:12:28.409,1.0478,1.04804
2013.03.05 00:12:29.215,1.04778,1.04802
2013.03.05 00:12:34.107,1.04777,1.04803
2013.03.05 00:12:40.132,1.04778,1.04803
2013.03.05 00:12:44.140,1.04776,1.04801
2013.03.05 00:12:44.275,1.04778,1.04803
2013.03.05 00:12:48.486,1.04778,1.04803
2013.03.05 00:12:48.605,1.04775,1.048
2013.03.05 00:12:50.095,1.04777,1.04801
2013.03.05 00:12:51.826,1.04777,1.04801
2013.03.05 00:12:53.057,1.04777,1.04797
2013.03.05 00:12:54.608,1.04777,1.04795
2013.03.05 00:12:54.727,1.04773,1.04795
2013.03.05 00:12:54.845,1.04773,1.04795
2013.03.05 00:12:54.907,1.04768,1.04789
2013.03.05 00:12:55.086,1.04768,1.04789
2013.03.05 00:12:55.723,1.04766,1.04787
2013.03.05 00:12:56.396,1.04766,1.04787
2013.03.05 00:12:58.180,1.04766,1.04787
2013.03.05 00:12:58.906,1.04764,1.04787
2013.03.05 00:13:00.575,1.04764,1.04788
2013.03.05 00:13:00.636,1.04764,1.04788
2013.03.05 00:13:03.087,1.04766,1.0479
2013.03.05 00:13:03.147,1.04767,1.04789
2013.03.05 00:13:04.082,1.04769,1.0479
2013.03.05 00:13:04.149,1.0477,1.0479
2013.03.05 00:13:04.765,1.04774,1.04796
2013.03.05 00:13:05.268,1.04772,1.04796
2013.03.05 00:13:06.348,1.04772,1.04792
2013.03.05 00:13:07.477,1.0477,1.04795
2013.03.05 00:13:07.835,1.04768,1.0479
2013.03.05 00:13:10.825,1.04766,1.04789
2013.03.05 00:13:14.556,1.04768,1.04789
2013.03.05 00:13:14.815,1.0477,1.0479
2013.03.05 00:13:15.058,1.0477,1.04789
2013.03.05 00:13:15.606,1.0477,1.04795
2013.03.05 00:13:16.206,1.0477,1.04795
2013.03.05 00:13:16.568,1.0477,1.04795
2013.03.05 00:13:16.736,1.0477,1.04792
2013.03.05 00:13:26.324,1.0477,1.0479
2013.03.05 00:13:29.108,1.0477,1.0479
2013.03.05 00:13:29.228,1.0477,1.0479
2013.03.05 00:13:30.097,1.0477,1.0479
2013.03.05 00:13:30.155,1.04768,1.0479
2013.03.05 00:13:30.945,1.04766,1.0479
2013.03.05 00:13:40.485,1.04764,1.04788
2013.03.05 00:13:42.996,1.04763,1.04788
2013.03.05 00:13:46.303,1.04766,1.04788
2013.03.05 00:13:52.555,1.04763,1.04787
2013.03.05 00:13:52.615,1.04762,1.04787
2013.03.05 00:13:52.977,1.04757,1.0478
2013.03.05 00:13:53.156,1.04757,1.0478
2013.03.05 00:13:58.766,1.04759,1.04775
2013.03.05 00:13:58.887,1.0476,1.04775
2013.03.05 00:14:01.966,1.04761,1.04781
2013.03.05 00:14:02.695,1.0476,1.04781
2013.03.05 00:14:02.787,1.0476,1.04781
2013.03.05 00:14:03.026,1.0476,1.0478
2013.03.05 00:14:12.496,1.04761,1.04785
2013.03.05 00:14:12.797,1.04762,1.04785
2013.03.05 00:14:12.916,1.04762,1.04785
2013.03.05 00:14:13.326,1.04765,1.04787
2013.03.05 00:14:16.383,1.04764,1.04787
2013.03.05 00:14:29.476,1.04764,1.04788
2013.03.05 00:14:33.126,1.04764,1.04788
2013.03.05 00:14:33.187,1.04769,1.04788
2013.03.05 00:14:33.245,1.04767,1.04788
2013.03.05 00:14:42.976,1.04766,1.0479
2013.03.05 00:14:43.596,1.04766,1.0479
2013.03.05 00:14:44.156,1.04764,1.04788
2013.03.05 00:14:44.217,1.04761,1.04785
2013.03.05 00:14:44.567,1.04761,1.04785
2013.03.05 00:14:45.163,1.04759,1.0478
2013.03.05 00:14:47.445,1.04756,1.04779
2013.03.05 00:14:50.026,1.04756,1.04779
2013.03.05 00:14:51.156,1.04756,1.04779
2013.03.05 00:14:51.981,1.04756,1.04779
2013.03.05 00:14:52.109,1.04756,1.04779
2013.03.05 00:14:54.145,1.04757,1.04779
2013.03.05 00:14:54.714,1.04757,1.04779
2013.03.05 00:14:55.029,1.04757,1.04779
2013.03.05 00:14:55.735,1.04757,1.04779
2013.03.05 00:14:56.046,1.04758,1.04779
2013.03.05 00:14:56.746,1.04758,1.04779
2013.03.05 00:14:57.291,1.04759,1.04779
2013.03.05 00:14:58.138,1.04759,1.04779
2013.03.05 00:14:58.987,1.0476,1.04779
2013.03.05 00:14:59.648,1.04762,1.04781
2013.03.05 00:15:00.047,1.04762,1.04785
2013.03.05 00:15:00.790,1.04762,1.04785
2013.03.05 00:15:01.135,1.04762,1.04785
2013.03.05 00:15:02.415,1.04764,1.04786
2013.03.05 00:15:03.405,1.04765,1.04785
2013.03.05 00:15:04.096,1.04765,1.04785
2013.03.05 00:15:05.087,1.04763,1.04786
2013.03.05 00:15:05.227,1.04762,1.04786
2013.03.05 00:15:05.406,1.04762,1.04786
2013.03.05 00:15:05.467,1.04763,1.04786
2013.03.05 00:15:06.326,1.04765,1.04788
2013.03.05 00:15:11.296,1.04765,1.0479
2013.03.05 00:15:11.627,1.04765,1.04788
2013.03.05 00:15:11.806,1.04765,1.04788
2013.03.05 00:15:17.148,1.04767,1.0479
2013.03.05 00:15:17.337,1.04771,1.04792
2013.03.05 00:15:26.409,1.04767,1.04792
2013.03.05 00:15:31.924,1.0477,1.04792
2013.03.05 00:15:42.347,1.04768,1.04794
2013.03.05 00:15:43.446,1.04768,1.04794
2013.03.05 00:15:46.396,1.04768,1.04791
2013.03.05 00:15:46.516,1.04767,1.04791
2013.03.05 00:15:46.578,1.04767,1.04791
2013.03.05 00:15:48.146,1.04766,1.04789
2013.03.05 00:15:48.789,1.04767,1.0479
2013.03.05 00:15:49.096,1.04767,1.0479
2013.03.05 00:15:56.176,1.04766,1.04787
2013.03.05 00:15:56.297,1.04762,1.04787
2013.03.05 00:16:00.365,1.04761,1.04784
2013.03.05 00:16:00.427,1.04758,1.04783
2013.03.05 00:16:01.305,1.04757,1.0478
2013.03.05 00:16:02.118,1.04758,1.04782
2013.03.05 00:16:08.285,1.04758,1.04781
2013.03.05 00:16:24.570,1.04758,1.04782
2013.03.05 00:16:33.695,1.04757,1.0478
2013.03.05 00:16:37.617,1.04757,1.0478
2013.03.05 00:16:37.867,1.04758,1.04781
2013.03.05 00:16:37.986,1.04758,1.04779
2013.03.05 00:16:46.477,1.04757,1.0478
2013.03.05 00:16:49.496,1.04758,1.04782
2013.03.05 00:16:49.687,1.04756,1.04781
2013.03.05 00:16:50.214,1.04756,1.04781
2013.03.05 00:16:50.275,1.04756,1.04777
2013.03.05 00:16:50.576,1.04753,1.04776
2013.03.05 00:16:51.179,1.04751,1.04776
2013.03.05 00:16:55.947,1.04751,1.04772
2013.03.05 00:16:56.196,1.04747,1.04771
2013.03.05 00:16:58.036,1.04747,1.0477
2013.03.05 00:16:58.396,1.04746,1.0477
2013.03.05 00:16:58.697,1.04747,1.04771
2013.03.05 00:16:58.756,1.04747,1.04771
2013.03.05 00:16:59.427,1.04749,1.04773
2013.03.05 00:17:02.344,1.04749,1.04772
2013.03.05 00:17:02.467,1.04747,1.04771
2013.03.05 00:17:04.874,1.04748,1.04772
2013.03.05 00:17:05.603,1.04751,1.04774
2013.03.05 00:17:16.486,1.04751,1.04774
2013.03.05 00:17:23.896,1.0475,1.04774
2013.03.05 00:17:26.576,1.04749,1.04773
2013.03.05 00:17:27.916,1.04748,1.04768
2013.03.05 00:17:28.315,1.04748,1.04768
2013.03.05 00:17:28.556,1.04745,1.04768
2013.03.05 00:17:28.844,1.04745,1.04768
2013.03.05 00:17:28.980,1.04745,1.04768
2013.03.05 00:17:30.087,1.04747,1.04768
2013.03.05 00:17:30.627,1.04749,1.04774
2013.03.05 00:17:31.936,1.0475,1.04774
2013.03.05 00:17:33.127,1.04749,1.04772
2013.03.05 00:17:33.437,1.04745,1.04769
2013.03.05 00:17:34.787,1.04746,1.04769
2013.03.05 00:17:34.957,1.04747,1.04769
2013.03.05 00:17:38.758,1.04748,1.04769
2013.03.05 00:17:44.975,1.04746,1.04769
2013.03.05 00:17:49.845,1.04746,1.04769
2013.03.05 00:17:50.085,1.04747,1.04769
2013.03.05 00:17:52.597,1.04747,1.04771
2013.03.05 00:17:52.957,1.04751,1.04774
2013.03.05 00:17:54.375,1.0475,1.04774
2013.03.05 00:17:54.615,1.04751,1.04774
2013.03.05 00:17:54.795,1.0475,1.04774
2013.03.05 00:18:00.047,1.04751,1.04774
2013.03.05 00:18:00.369,1.04754,1.04774
2013.03.05 00:18:00.886,1.04752,1.04774
2013.03.05 00:18:01.466,1.0475,1.04774
2013.03.05 00:18:10.816,1.0475,1.04774
2013.03.05 00:18:11.860,1.0475,1.04773
2013.03.05 00:18:18.252,1.04751,1.04773
2013.03.05 00:18:18.393,1.04751,1.04773
2013.03.05 00:18:18.463,1.0475,1.04773
2013.03.05 00:18:19.032,1.04751,1.04775
2013.03.05 00:18:19.157,1.04751,1.04775
2013.03.05 00:18:19.220,1.04754,1.04775
2013.03.05 00:18:19.588,1.04755,1.04777
2013.03.05 00:18:19.886,1.04757,1.04781
2013.03.05 00:18:23.306,1.04759,1.04781
2013.03.05 00:18:24.900,1.04759,1.04781
2013.03.05 00:18:33.216,1.04757,1.0478
2013.03.05 00:18:33.786,1.04756,1.04777
2013.03.05 00:18:33.871,1.04754,1.04777
2013.03.05 00:18:33.996,1.04754,1.04773
2013.03.05 00:18:34.176,1.04751,1.04773
2013.03.05 00:18:40.842,1.04752,1.04773
2013.03.05 00:18:50.197,1.04752,1.04773
2013.03.05 00:18:53.458,1.04752,1.04773
2013.03.05 00:18:53.656,1.04754,1.04775
2013.03.05 00:18:54.607,1.04756,1.04779
2013.03.05 00:19:02.557,1.04755,1.04779
2013.03.05 00:19:02.697,1.04755,1.04772
2013.03.05 00:19:07.335,1.04753,1.04772
2013.03.05 00:19:07.671,1.04752,1.04772
2013.03.05 00:19:12.993,1.04754,1.04772
2013.03.05 00:19:15.067,1.04755,1.04772
2013.03.05 00:19:16.728,1.04755,1.04776
2013.03.05 00:19:23.177,1.04756,1.04777
2013.03.05 00:19:23.236,1.04753,1.04775
2013.03.05 00:19:23.312,1.04753,1.04773
2013.03.05 00:19:28.086,1.04753,1.04773
2013.03.05 00:19:29.466,1.04751,1.04773
2013.03.05 00:19:35.186,1.04751,1.04773
2013.03.05 00:19:36.230,1.04749,1.04773
2013.03.05 00:19:36.486,1.04751,1.04773
2013.03.05 00:19:38.407,1.04752,1.04773
2013.03.05 00:19:38.706,1.04748,1.04773
2013.03.05 00:19:38.896,1.04748,1.0477
2013.03.05 00:19:41.796,1.04749,1.04773
2013.03.05 00:19:46.797,1.04751,1.04773
2013.03.05 00:19:47.676,1.04751,1.04774
2013.03.05 00:19:47.737,1.04753,1.04774
2013.03.05 00:19:48.193,1.04751,1.04772
2013.03.05 00:19:51.040,1.04754,1.04772
2013.03.05 00:19:51.227,1.04754,1.04775
2013.03.05 00:19:55.476,1.04755,1.04776
2013.03.05 00:19:59.841,1.04756,1.04776
2013.03.05 00:19:59.979,1.04756,1.04772
2013.03.05 00:20:00.107,1.04753,1.04772
2013.03.05 00:20:00.807,1.04751,1.04772
2013.03.05 00:20:01.507,1.04752,1.04772
2013.03.05 00:20:03.207,1.04748,1.04768
2013.03.05 00:20:03.566,1.04746,1.04766
2013.03.05 00:20:03.626,1.04746,1.04763
2013.03.05 00:20:04.208,1.04745,1.04763
2013.03.05 00:20:06.473,1.04744,1.04763
2013.03.05 00:20:10.827,1.04744,1.04763
2013.03.05 00:20:18.406,1.04744,1.04765
2013.03.05 00:20:18.467,1.04746,1.04765
2013.03.05 00:20:18.709,1.04748,1.04769
2013.03.05 00:20:18.776,1.04751,1.04769
2013.03.05 00:20:20.263,1.04753,1.04773
2013.03.05 00:20:20.965,1.04752,1.04773
2013.03.05 00:20:21.087,1.04748,1.04773
2013.03.05 00:20:21.380,1.04748,1.04771
2013.03.05 00:20:21.506,1.04748,1.04769
2013.03.05 00:20:21.929,1.04748,1.04772
2013.03.05 00:20:26.488,1.04748,1.04771
2013.03.05 00:20:31.202,1.04749,1.04772
2013.03.05 00:20:38.107,1.04748,1.04772
2013.03.05 00:20:38.169,1.04746,1.04769
2013.03.05 00:20:38.707,1.04746,1.04769
2013.03.05 00:20:40.248,1.04748,1.04769
2013.03.05 00:20:42.190,1.04746,1.04769
2013.03.05 00:20:42.316,1.04746,1.04764
2013.03.05 00:20:42.717,1.04746,1.04769
2013.03.05 00:20:46.459,1.04745,1.04769
2013.03.05 00:20:52.172,1.04745,1.04769
2013.03.05 00:20:54.177,1.04747,1.0477
2013.03.05 00:20:55.157,1.04748,1.04769
2013.03.05 00:20:59.206,1.04748,1.04769
2013.03.05 00:20:59.266,1.04748,1.04773
2013.03.05 00:20:59.968,1.04749,1.04773
2013.03.05 00:21:04.346,1.04751,1.04773
2013.03.05 00:21:04.411,1.04751,1.04774
2013.03.05 00:21:04.488,1.04753,1.04774
2013.03.05 00:21:04.850,1.04757,1.04779
2013.03.05 00:21:06.366,1.04755,1.04778
2013.03.05 00:21:06.896,1.04755,1.04778
2013.03.05 00:21:07.205,1.04752,1.04772
2013.03.05 00:21:07.387,1.04752,1.04775
2013.03.05 00:21:07.748,1.04754,1.04772
2013.03.05 00:21:07.940,1.04755,1.04775
2013.03.05 00:21:08.138,1.04756,1.04778
2013.03.05 00:21:08.208,1.04756,1.04778
2013.03.05 00:21:09.137,1.04755,1.04778
2013.03.05 00:21:22.085,1.04755,1.04778
2013.03.05 00:21:22.396,1.04755,1.04774
2013.03.05 00:21:22.459,1.04755,1.04775
2013.03.05 00:21:22.646,1.04755,1.04778
2013.03.05 00:21:23.007,1.04755,1.04773
2013.03.05 00:21:24.736,1.04752,1.04773
2013.03.05 00:21:25.976,1.04752,1.04776
2013.03.05 00:21:26.037,1.04756,1.04776
2013.03.05 00:21:26.426,1.04757,1.04773
2013.03.05 00:21:28.977,1.04755,1.04778
2013.03.05 00:21:31.560,1.04756,1.0478
2013.03.05 00:21:31.748,1.04756,1.04773
2013.03.05 00:21:31.927,1.04756,1.04775
2013.03.05 00:21:33.586,1.04757,1.04779
2013.03.05 00:21:36.216,1.0476,1.0478
2013.03.05 00:21:36.457,1.0476,1.0478
2013.03.05 00:21:39.077,1.04759,1.0478
2013.03.05 00:21:39.198,1.0476,1.04781
2013.03.05 00:21:39.737,1.0476,1.04779
2013.03.05 00:21:39.806,1.04757,1.04779
2013.03.05 00:21:42.936,1.04757,1.04772
2013.03.05 00:21:43.297,1.04756,1.0478
2013.03.05 00:21:44.668,1.04757,1.0478
2013.03.05 00:21:50.236,1.04757,1.0478
2013.03.05 00:21:54.606,1.04757,1.0478
2013.03.05 00:21:56.556,1.04757,1.0478
2013.03.05 00:22:06.596,1.04755,1.04779
2013.03.05 00:22:10.976,1.04754,1.04778
2013.03.05 00:22:20.349,1.04755,1.0478
2013.03.05 00:22:29.419,1.04756,1.0478
2013.03.05 00:22:38.151,1.04753,1.04778
2013.03.05 00:22:40.656,1.04754,1.0478
2013.03.05 00:22:44.426,1.04754,1.04778
2013.03.05 00:22:44.747,1.04754,1.04772
2013.03.05 00:22:44.986,1.04754,1.04776
2013.03.05 00:22:46.797,1.04754,1.04779
2013.03.05 00:22:46.917,1.04753,1.04772
2013.03.05 00:22:47.096,1.04749,1.04772
2013.03.05 00:22:48.347,1.0475,1.04773
2013.03.05 00:22:48.529,1.04751,1.04774
2013.03.05 00:22:49.367,1.04751,1.04773
2013.03.05 00:22:52.913,1.04749,1.04773
2013.03.05 00:22:59.770,1.0475,1.04773
2013.03.05 00:23:01.197,1.04752,1.04773
2013.03.05 00:23:07.426,1.04752,1.04773
2013.03.05 00:23:08.860,1.04751,1.04773
2013.03.05 00:23:13.327,1.04749,1.04773
2013.03.05 00:23:17.708,1.04745,1.04769
2013.03.05 00:23:17.897,1.04745,1.04769
2013.03.05 00:23:18.524,1.04743,1.04763
2013.03.05 00:23:18.589,1.04742,1.04763
2013.03.05 00:23:19.027,1.04739,1.04763
2013.03.05 00:23:24.287,1.04741,1.04763
2013.03.05 00:23:26.438,1.04746,1.04764
2013.03.05 00:23:26.496,1.04746,1.04768
2013.03.05 00:23:26.797,1.04746,1.04763
2013.03.05 00:23:26.917,1.04746,1.04768
2013.03.05 00:23:27.796,1.04748,1.04769
2013.03.05 00:23:40.616,1.04749,1.04769
2013.03.05 00:23:40.976,1.04747,1.04768
2013.03.05 00:23:41.186,1.0475,1.04769
2013.03.05 00:23:41.497,1.0475,1.04772
2013.03.05 00:23:45.517,1.04748,1.04772
2013.03.05 00:23:47.856,1.04749,1.04772
2013.03.05 00:23:49.746,1.04747,1.04772
2013.03.05 00:23:49.807,1.04747,1.04769
2013.03.05 00:23:52.082,1.04746,1.04768
2013.03.05 00:23:54.553,1.04749,1.04768
2013.03.05 00:23:55.624,1.04747,1.04768
2013.03.05 00:23:57.331,1.04747,1.04768
2013.03.05 00:24:01.617,1.04747,1.04768
2013.03.05 00:24:01.676,1.04743,1.04766
2013.03.05 00:24:03.139,1.04743,1.04763
2013.03.05 00:24:03.210,1.0474,1.04763
2013.03.05 00:24:04.520,1.04739,1.04763
2013.03.05 00:24:08.068,1.04741,1.04763
2013.03.05 00:24:08.538,1.04744,1.04763
2013.03.05 00:24:13.037,1.04745,1.04763
2013.03.05 00:24:13.276,1.04746,1.04768
2013.03.05 00:24:13.337,1.0475,1.04768
2013.03.05 00:24:13.827,1.0475,1.04768
2013.03.05 00:24:14.488,1.0475,1.04768
2013.03.05 00:24:15.326,1.04748,1.04768
2013.03.05 00:24:36.654,1.04749,1.04769
2013.03.05 00:24:38.387,1.04748,1.04769
2013.03.05 00:24:45.048,1.04752,1.04769
2013.03.05 00:24:46.636,1.0475,1.04769
2013.03.05 00:24:54.595,1.0475,1.04769
2013.03.05 00:25:03.456,1.04751,1.04769
2013.03.05 00:25:09.469,1.04749,1.04769
2013.03.05 00:25:14.166,1.04752,1.04773
2013.03.05 00:25:15.665,1.04749,1.04773
2013.03.05 00:25:16.359,1.04749,1.04774
2013.03.05 00:25:20.876,1.04752,1.04774
2013.03.05 00:25:21.716,1.04748,1.04774
2013.03.05 00:25:23.877,1.04751,1.04775
2013.03.05 00:25:34.190,1.04751,1.04774
2013.03.05 00:25:37.922,1.04752,1.04778
2013.03.05 00:25:39.090,1.04752,1.04778
2013.03.05 00:25:39.278,1.04748,1.04772
2013.03.05 00:25:40.032,1.04748,1.04772
2013.03.05 00:25:57.935,1.04748,1.04769
2013.03.05 00:26:11.848,1.04747,1.04769
2013.03.05 00:26:12.190,1.04748,1.04767
2013.03.05 00:26:16.629,1.04744,1.04766
2013.03.05 00:26:20.068,1.04742,1.04766
2013.03.05 00:26:22.268,1.04742,1.04764
2013.03.05 00:26:28.762,1.04742,1.04766
2013.03.05 00:26:29.444,1.04742,1.04765
2013.03.05 00:26:31.119,1.04742,1.04765
2013.03.05 00:26:33.298,1.04742,1.04766
2013.03.05 00:26:39.630,1.04741,1.04764
2013.03.05 00:26:42.138,1.04738,1.04761
2013.03.05 00:26:44.867,1.0474,1.04762
2013.03.05 00:26:44.987,1.04742,1.04763
2013.03.05 00:26:45.520,1.04742,1.04763
2013.03.05 00:26:46.378,1.04742,1.04766
2013.03.05 00:26:49.087,1.04742,1.04766
2013.03.05 00:26:51.174,1.04743,1.04766
2013.03.05 00:26:52.177,1.04742,1.04766
2013.03.05 00:27:12.658,1.04737,1.0476
2013.03.05 00:27:12.777,1.04737,1.0476
2013.03.05 00:27:23.446,1.04739,1.0476
2013.03.05 00:27:39.018,1.04738,1.04761
2013.03.05 00:27:44.428,1.04737,1.0476
2013.03.05 00:27:44.488,1.04739,1.04761
2013.03.05 00:27:44.608,1.04742,1.04765
2013.03.05 00:27:44.847,1.04742,1.04765
2013.03.05 00:27:44.966,1.04743,1.04765
2013.03.05 00:27:45.269,1.04741,1.04765
2013.03.05 00:27:45.804,1.04741,1.04765
2013.03.05 00:27:45.987,1.04743,1.04765
2013.03.05 00:27:46.304,1.04746,1.04767
2013.03.05 00:27:46.607,1.04747,1.04765
2013.03.05 00:27:47.206,1.04742,1.04765
2013.03.05 00:27:49.686,1.04742,1.04765
2013.03.05 00:27:49.767,1.04745,1.04765
2013.03.05 00:27:51.169,1.04742,1.04765
2013.03.05 00:27:54.337,1.04744,1.04765
2013.03.05 00:27:54.397,1.04744,1.04765
2013.03.05 00:27:55.047,1.04742,1.04765
2013.03.05 00:27:55.183,1.04745,1.04765
2013.03.05 00:28:00.157,1.04746,1.04765
2013.03.05 00:28:03.267,1.04746,1.04765
2013.03.05 00:28:04.126,1.04747,1.04768
2013.03.05 00:28:04.187,1.04748,1.04773
2013.03.05 00:28:04.247,1.04751,1.04774
2013.03.05 00:28:05.042,1.04751,1.04774
2013.03.05 00:28:05.713,1.04753,1.04774
2013.03.05 00:28:11.323,1.04753,1.04773
2013.03.05 00:28:11.507,1.04751,1.04773
2013.03.05 00:28:11.567,1.04751,1.04774
2013.03.05 00:28:11.747,1.04753,1.04774
2013.03.05 00:28:13.417,1.04753,1.04774
2013.03.05 00:28:13.607,1.04753,1.04773
2013.03.05 00:28:17.480,1.04752,1.04773
2013.03.05 00:28:17.787,1.04747,1.04768
2013.03.05 00:28:17.967,1.04745,1.04768
2013.03.05 00:28:19.878,1.04748,1.04768
2013.03.05 00:28:22.107,1.04748,1.04768
2013.03.05 00:28:22.238,1.0475,1.04768
2013.03.05 00:28:22.596,1.04747,1.04767
2013.03.05 00:28:23.416,1.04744,1.04767
2013.03.05 00:28:24.547,1.04743,1.04767
2013.03.05 00:28:26.125,1.04743,1.04767
2013.03.05 00:28:26.249,1.04741,1.04761
2013.03.05 00:28:26.744,1.04739,1.04761
2013.03.05 00:28:38.146,1.04738,1.04761
2013.03.05 00:28:39.557,1.04738,1.04761
2013.03.05 00:28:41.866,1.04738,1.04761
2013.03.05 00:28:42.103,1.04736,1.04759
2013.03.05 00:28:44.602,1.04736,1.04759
2013.03.05 00:28:44.787,1.04736,1.04761
2013.03.05 00:28:46.429,1.04736,1.04761
2013.03.05 00:28:47.080,1.04738,1.04761
2013.03.05 00:28:48.207,1.04738,1.04759
2013.03.05 00:28:48.337,1.04736,1.04759
2013.03.05 00:28:49.877,1.04736,1.04756
2013.03.05 00:28:50.217,1.04737,1.04759
2013.03.05 00:28:54.063,1.04737,1.04758
2013.03.05 00:28:55.603,1.04736,1.04757
2013.03.05 00:28:55.727,1.04736,1.04758
2013.03.05 00:29:02.642,1.04737,1.04761
2013.03.05 00:29:03.497,1.04731,1.04757
2013.03.05 00:29:03.699,1.04731,1.04757
2013.03.05 00:29:03.876,1.04731,1.04757
2013.03.05 00:29:04.207,1.04731,1.04757
2013.03.05 00:29:04.266,1.04729,1.04752
2013.03.05 00:29:09.913,1.04729,1.04752
2013.03.05 00:29:09.977,1.0473,1.04757
2013.03.05 00:29:15.076,1.04728,1.04752
2013.03.05 00:29:15.196,1.04725,1.04752
2013.03.05 00:29:15.292,1.04725,1.04753
2013.03.05 00:29:16.656,1.04728,1.04752
2013.03.05 00:29:17.316,1.04725,1.04749
2013.03.05 00:29:17.447,1.04721,1.04749
2013.03.05 00:29:18.408,1.04721,1.04749
2013.03.05 00:29:22.118,1.04723,1.04747
2013.03.05 00:29:22.481,1.04716,1.04738
2013.03.05 00:29:22.796,1.04715,1.04742
2013.03.05 00:29:23.176,1.04715,1.04742
2013.03.05 00:29:23.236,1.04713,1.04736
2013.03.05 00:29:23.737,1.04712,1.04736
2013.03.05 00:29:26.027,1.04711,1.04728
2013.03.05 00:29:26.086,1.04708,1.04728
2013.03.05 00:29:26.148,1.04706,1.04732
2013.03.05 00:29:26.656,1.04705,1.04732
2013.03.05 00:29:27.827,1.04705,1.04733
2013.03.05 00:29:29.098,1.04706,1.04733
2013.03.05 00:29:29.156,1.04707,1.04733
2013.03.05 00:29:29.277,1.0471,1.04738
2013.03.05 00:29:30.850,1.0471,1.04738
2013.03.05 00:29:31.647,1.04707,1.04744
2013.03.05 00:29:33.206,1.04706,1.04744
2013.03.05 00:29:35.791,1.04704,1.04741
2013.03.05 00:29:35.916,1.04702,1.04741
2013.03.05 00:29:36.376,1.04702,1.04741
2013.03.05 00:29:36.436,1.04702,1.04741
2013.03.05 00:29:36.556,1.04698,1.04737
2013.03.05 00:29:37.530,1.047,1.04737
2013.03.05 00:29:39.846,1.04702,1.04741
2013.03.05 00:29:42.846,1.04702,1.04741
2013.03.05 00:29:42.906,1.04701,1.04741
2013.03.05 00:29:43.026,1.04697,1.04736
2013.03.05 00:29:47.126,1.04699,1.04736
2013.03.05 00:29:50.328,1.04699,1.04741
2013.03.05 00:29:50.646,1.04697,1.04746
2013.03.05 00:29:51.726,1.04699,1.04746
2013.03.05 00:29:52.540,1.04689,1.04746
2013.03.05 00:29:52.907,1.04686,1.04741
2013.03.05 00:29:53.146,1.04687,1.04735
2013.03.05 00:29:53.445,1.04687,1.0474
2013.03.05 00:29:53.576,1.04695,1.0474
2013.03.05 00:29:54.522,1.04697,1.04745
2013.03.05 00:29:55.065,1.04701,1.04748
2013.03.05 00:29:55.447,1.047,1.04749
2013.03.05 00:29:59.805,1.04693,1.0475
2013.03.05 00:30:01.356,1.04689,1.0475
2013.03.05 00:30:01.715,1.04732,1.04789
2013.03.05 00:30:01.776,1.04732,1.04792
2013.03.05 00:30:01.894,1.04742,1.04808
2013.03.05 00:30:01.955,1.04742,1.04812
2013.03.05 00:30:02.075,1.04742,1.04829
2013.03.05 00:30:02.376,1.04808,1.04833
2013.03.05 00:30:02.555,1.04809,1.04849
2013.03.05 00:30:02.677,1.04809,1.04849
2013.03.05 00:30:02.856,1.04809,1.04849
2013.03.05 00:30:03.157,1.04809,1.04844
2013.03.05 00:30:03.336,1.04808,1.04843
2013.03.05 00:30:03.751,1.04808,1.04853
2013.03.05 00:30:03.937,1.04808,1.04856
2013.03.05 00:30:04.312,1.04811,1.04856
2013.03.05 00:30:04.495,1.04856,1.04874
2013.03.05 00:30:04.675,1.04855,1.04908
2013.03.05 00:30:04.736,1.04855,1.04908
2013.03.05 00:30:05.095,1.04855,1.04913
2013.03.05 00:30:05.397,1.04847,1.04894
2013.03.05 00:30:05.515,1.04848,1.04894
2013.03.05 00:30:05.575,1.04848,1.04904
2013.03.05 00:30:05.635,1.04846,1.04899
2013.03.05 00:30:05.758,1.04844,1.04899
2013.03.05 00:30:06.055,1.0484,1.04888
2013.03.05 00:30:06.355,1.04834,1.04888
2013.03.05 00:30:06.596,1.04834,1.0489
2013.03.05 00:30:06.897,1.04844,1.04889
2013.03.05 00:30:07.018,1.04839,1.04876
2013.03.05 00:30:07.557,1.04833,1.04876
2013.03.05 00:30:07.616,1.04834,1.04876
2013.03.05 00:30:07.678,1.04834,1.04878
2013.03.05 00:30:07.978,1.04832,1.04883
2013.03.05 00:30:08.158,1.04839,1.04899
2013.03.05 00:30:08.278,1.04842,1.04888
2013.03.05 00:30:08.336,1.04842,1.04888
2013.03.05 00:30:08.637,1.04839,1.04894
2013.03.05 00:30:08.936,1.04839,1.04903
2013.03.05 00:30:09.057,1.04847,1.04903
2013.03.05 00:30:09.117,1.04841,1.049
2013.03.05 00:30:09.600,1.04834,1.04901
2013.03.05 00:30:09.848,1.04831,1.04883
2013.03.05 00:30:09.907,1.04827,1.04883
2013.03.05 00:30:09.967,1.04827,1.04884
2013.03.05 00:30:10.147,1.0482,1.04884
2013.03.05 00:30:10.327,1.04834,1.04874
2013.03.05 00:30:10.628,1.04822,1.04874
2013.03.05 00:30:10.687,1.04821,1.04874
2013.03.05 00:30:11.007,1.04821,1.04883
2013.03.05 00:30:11.092,1.04856,1.04909
2013.03.05 00:30:11.396,1.04832,1.0489
2013.03.05 00:30:11.638,1.04837,1.04894
2013.03.05 00:30:12.116,1.04826,1.04889
2013.03.05 00:30:12.719,1.04828,1.04879
2013.03.05 00:30:13.099,1.04828,1.04879
2013.03.05 00:30:13.217,1.04828,1.04879
2013.03.05 00:30:13.577,1.04828,1.04879
2013.03.05 00:30:13.896,1.04835,1.04871
2013.03.05 00:30:14.567,1.04834,1.0487
2013.03.05 00:30:14.687,1.04828,1.04866
2013.03.05 00:30:14.746,1.04826,1.04862
2013.03.05 00:30:15.207,1.04826,1.04862
2013.03.05 00:30:15.328,1.04831,1.04868
2013.03.05 00:30:15.447,1.04835,1.04872
2013.03.05 00:30:15.569,1.0483,1.04868
2013.03.05 00:30:15.896,1.04837,1.04874
2013.03.05 00:30:16.197,1.04843,1.04876
2013.03.05 00:30:16.321,1.04836,1.04874
2013.03.05 00:30:17.276,1.04837,1.04874
2013.03.05 00:30:17.517,1.04837,1.04872
2013.03.05 00:30:17.756,1.04836,1.04873
2013.03.05 00:30:17.877,1.04837,1.04873
2013.03.05 00:30:19.086,1.04843,1.04873
2013.03.05 00:30:19.147,1.04837,1.04873
2013.03.05 00:30:19.876,1.04838,1.04876
2013.03.05 00:30:19.936,1.0484,1.04879
2013.03.05 00:30:20.056,1.04843,1.04879
2013.03.05 00:30:20.491,1.04846,1.0488
2013.03.05 00:30:20.579,1.04845,1.04882
2013.03.05 00:30:20.706,1.04845,1.04883
2013.03.05 00:30:21.947,1.04846,1.04886
2013.03.05 00:30:22.008,1.0485,1.04887
2013.03.05 00:30:22.187,1.04846,1.04885
2013.03.05 00:30:22.246,1.04845,1.04882
2013.03.05 00:30:22.327,1.04847,1.04887
2013.03.05 00:30:22.447,1.04851,1.04887
2013.03.05 00:30:22.686,1.04852,1.04887
2013.03.05 00:30:23.080,1.04846,1.04882
2013.03.05 00:30:23.266,1.0485,1.04887
2013.03.05 00:30:24.168,1.0485,1.04886
2013.03.05 00:30:24.647,1.04854,1.04884
2013.03.05 00:30:25.066,1.04854,1.04882
2013.03.05 00:30:25.606,1.04853,1.04881
2013.03.05 00:30:25.908,1.04854,1.04876
2013.03.05 00:30:26.027,1.04842,1.04876
2013.03.05 00:30:26.148,1.04842,1.0488
2013.03.05 00:30:26.207,1.04846,1.04882
2013.03.05 00:30:26.387,1.04849,1.04882
2013.03.05 00:30:26.747,1.04846,1.04885
2013.03.05 00:30:27.079,1.04849,1.04884
2013.03.05 00:30:27.597,1.04849,1.04884
2013.03.05 00:30:27.656,1.04849,1.04884
2013.03.05 00:30:27.717,1.04849,1.04884
2013.03.05 00:30:28.197,1.04856,1.04887
2013.03.05 00:30:28.377,1.04848,1.04887
2013.03.05 00:30:28.437,1.04847,1.04884
2013.03.05 00:30:28.756,1.04848,1.04882
2013.03.05 00:30:28.967,1.04848,1.04885
2013.03.05 00:30:29.515,1.04841,1.0488
2013.03.05 00:30:30.047,1.04848,1.04884
2013.03.05 00:30:30.406,1.04852,1.04887
2013.03.05 00:30:30.467,1.04852,1.04887
2013.03.05 00:30:30.528,1.04852,1.0489
2013.03.05 00:30:30.707,1.04852,1.0489
2013.03.05 00:30:31.126,1.04852,1.0489
2013.03.05 00:30:31.247,1.04858,1.04892
2013.03.05 00:30:31.427,1.04856,1.04887
2013.03.05 00:30:31.488,1.04856,1.04887
2013.03.05 00:30:31.608,1.04854,1.04887
2013.03.05 00:30:31.868,1.04857,1.0489
2013.03.05 00:30:32.187,1.04856,1.04891
2013.03.05 00:30:32.246,1.04854,1.04891
2013.03.05 00:30:32.907,1.04854,1.04888
2013.03.05 00:30:33.209,1.04854,1.04887
2013.03.05 00:30:33.447,1.04856,1.04888
2013.03.05 00:30:33.569,1.04847,1.04883
2013.03.05 00:30:33.887,1.04856,1.04892
2013.03.05 00:30:34.608,1.04855,1.04893
2013.03.05 00:30:34.667,1.04855,1.0489
2013.03.05 00:30:34.849,1.04857,1.04892
2013.03.05 00:30:34.918,1.04856,1.04893
2013.03.05 00:30:34.980,1.04864,1.04889
2013.03.05 00:30:35.107,1.04864,1.04896
2013.03.05 00:30:35.287,1.04865,1.0489
2013.03.05 00:30:35.528,1.04854,1.04889
2013.03.05 00:30:35.828,1.04856,1.04889
2013.03.05 00:30:35.887,1.04857,1.0489
2013.03.05 00:30:36.067,1.04861,1.04896
2013.03.05 00:30:36.777,1.0486,1.04892
2013.03.05 00:30:37.137,1.04858,1.04888
2013.03.05 00:30:37.198,1.04855,1.04889
2013.03.05 00:30:37.258,1.04853,1.04882
2013.03.05 00:30:37.388,1.04855,1.04888
2013.03.05 00:30:37.948,1.04861,1.04892
2013.03.05 00:30:38.308,1.04862,1.04894
2013.03.05 00:30:38.668,1.04858,1.04891
2013.03.05 00:30:38.728,1.04856,1.04888
2013.03.05 00:30:39.207,1.04856,1.04891
2013.03.05 00:30:39.267,1.0486,1.04892
2013.03.05 00:30:39.737,1.04858,1.0489
2013.03.05 00:30:39.798,1.04856,1.04888
2013.03.05 00:30:40.097,1.04859,1.04889
2013.03.05 00:30:40.157,1.04859,1.04892
2013.03.05 00:30:40.217,1.04856,1.04891
2013.03.05 00:30:40.277,1.04854,1.04889
2013.03.05 00:30:40.397,1.04854,1.04883
2013.03.05 00:30:40.668,1.04852,1.04883
2013.03.05 00:30:40.966,1.04849,1.0488
2013.03.05 00:30:41.267,1.04849,1.04878
2013.03.05 00:30:41.608,1.04843,1.04876
2013.03.05 00:30:41.728,1.04841,1.04875
2013.03.05 00:30:41.848,1.04841,1.04873
2013.03.05 00:30:41.968,1.04845,1.04875
2013.03.05 00:30:42.289,1.0486,1.04878
2013.03.05 00:30:42.358,1.0486,1.04889
2013.03.05 00:30:42.874,1.04859,1.04884
2013.03.05 00:30:42.997,1.04859,1.04884
2013.03.05 00:30:43.118,1.04859,1.04884
2013.03.05 00:30:43.618,1.04856,1.04884
2013.03.05 00:30:44.018,1.04853,1.04883
2013.03.05 00:30:44.720,1.04853,1.04883
2013.03.05 00:30:45.248,1.04854,1.04883
2013.03.05 00:30:45.308,1.04853,1.04883
2013.03.05 00:30:46.038,1.04856,1.04883
2013.03.05 00:30:46.367,1.04858,1.04884
2013.03.05 00:30:46.808,1.04855,1.04884
2013.03.05 00:30:46.988,1.04854,1.04883
2013.03.05 00:30:47.289,1.04849,1.04878
2013.03.05 00:30:47.597,1.04848,1.04875
2013.03.05 00:30:47.968,1.04841,1.04875
2013.03.05 00:30:48.209,1.04839,1.04873
2013.03.05 00:30:48.268,1.04839,1.0487
2013.03.05 00:30:48.447,1.04839,1.04868
2013.03.05 00:30:48.807,1.04832,1.04863
2013.03.05 00:30:49.108,1.04836,1.04866
2013.03.05 00:30:49.168,1.04839,1.04871
2013.03.05 00:30:49.348,1.04843,1.04874
2013.03.05 00:30:49.475,1.04839,1.04871
2013.03.05 00:30:49.597,1.04839,1.04872
2013.03.05 00:30:49.911,1.04837,1.04866
2013.03.05 00:30:50.471,1.04836,1.04866
2013.03.05 00:30:50.918,1.04836,1.04869
2013.03.05 00:30:51.566,1.04837,1.04871
2013.03.05 00:30:51.631,1.04837,1.04857
2013.03.05 00:30:54.867,1.04835,1.04857
2013.03.05 00:30:54.927,1.04834,1.04857
2013.03.05 00:30:55.721,1.04835,1.04857
2013.03.05 00:30:55.908,1.04833,1.04857
2013.03.05 00:30:56.089,1.04835,1.04857
2013.03.05 00:30:56.918,1.04834,1.04857
2013.03.05 00:30:57.037,1.04833,1.04857
2013.03.05 00:30:57.317,1.04833,1.04858
2013.03.05 00:30:57.878,1.04833,1.04857
2013.03.05 00:30:58.231,1.04833,1.04863
2013.03.05 00:30:58.481,1.04829,1.0486
2013.03.05 00:30:58.608,1.0483,1.0486
2013.03.05 00:30:59.147,1.04833,1.04857
2013.03.05 00:30:59.478,1.0483,1.0486
2013.03.05 00:31:00.510,1.04835,1.04863
2013.03.05 00:31:00.581,1.04831,1.04858
2013.03.05 00:31:00.757,1.0483,1.04858
2013.03.05 00:31:01.177,1.04832,1.04857
2013.03.05 00:31:01.579,1.04832,1.04858
2013.03.05 00:31:01.927,1.04837,1.04857
2013.03.05 00:31:02.077,1.04838,1.04857
2013.03.05 00:31:02.277,1.04834,1.04857
2013.03.05 00:31:02.820,1.04829,1.04858
2013.03.05 00:31:03.069,1.04827,1.04858
2013.03.05 00:31:03.140,1.04832,1.04859
2013.03.05 00:31:03.268,1.04828,1.04857
2013.03.05 00:31:03.398,1.04828,1.04857
2013.03.05 00:31:03.639,1.04824,1.04856
2013.03.05 00:31:03.698,1.04831,1.04859
2013.03.05 00:31:04.009,1.04834,1.04855
2013.03.05 00:31:04.188,1.04828,1.04854
2013.03.05 00:31:04.501,1.04831,1.04854
2013.03.05 00:31:04.948,1.04826,1.04849
2013.03.05 00:31:05.069,1.04828,1.04849
2013.03.05 00:31:05.258,1.0483,1.04853
2013.03.05 00:31:05.749,1.04831,1.04862
2013.03.05 00:31:06.008,1.0483,1.04862
2013.03.05 00:31:07.408,1.0483,1.04859
2013.03.05 00:31:09.317,1.04827,1.04855
2013.03.05 00:31:09.718,1.04828,1.04855
2013.03.05 00:31:11.118,1.04827,1.04855
2013.03.05 00:31:11.178,1.04826,1.04855
2013.03.05 00:31:11.846,1.04826,1.04858
2013.03.05 00:31:12.088,1.04827,1.04858
2013.03.05 00:31:12.208,1.04826,1.04858
2013.03.05 00:31:13.317,1.04826,1.04858
2013.03.05 00:31:13.438,1.04826,1.04858
2013.03.05 00:31:13.878,1.04822,1.04853
2013.03.05 00:31:14.237,1.04821,1.04851
2013.03.05 00:31:15.159,1.0482,1.04848
2013.03.05 00:31:15.398,1.0482,1.04845
2013.03.05 00:31:15.638,1.04821,1.04851
2013.03.05 00:31:15.764,1.04821,1.04851
2013.03.05 00:31:15.832,1.04821,1.04851
2013.03.05 00:31:15.974,1.04821,1.04851
2013.03.05 00:31:18.136,1.04825,1.04854
2013.03.05 00:31:18.538,1.04825,1.04854
2013.03.05 00:31:19.908,1.04825,1.04853
2013.03.05 00:31:19.968,1.04825,1.04852
2013.03.05 00:31:20.451,1.04827,1.04856
2013.03.05 00:31:20.637,1.04827,1.04857
2013.03.05 00:31:21.257,1.04827,1.04855
2013.03.05 00:31:21.468,1.04827,1.04851
2013.03.05 00:31:21.587,1.04824,1.04851
2013.03.05 00:31:21.709,1.04817,1.04847
2013.03.05 00:31:21.888,1.04824,1.04847
2013.03.05 00:31:22.698,1.04817,1.04847
2013.03.05 00:31:23.437,1.04816,1.04847
2013.03.05 00:31:24.979,1.0482,1.04849
2013.03.05 00:31:25.197,1.0482,1.04849
2013.03.05 00:31:25.768,1.0482,1.04849
2013.03.05 00:31:26.312,1.04816,1.04847
2013.03.05 00:31:27.849,1.0482,1.04849
2013.03.05 00:31:27.909,1.04822,1.0485
2013.03.05 00:31:27.967,1.04822,1.0485
2013.03.05 00:31:30.235,1.04822,1.04852
2013.03.05 00:31:36.568,1.0483,1.04852
2013.03.05 00:31:37.418,1.04826,1.04852
2013.03.05 00:31:38.965,1.04826,1.0485
2013.03.05 00:31:39.268,1.04821,1.04848
2013.03.05 00:31:46.089,1.04827,1.04849
2013.03.05 00:31:46.779,1.04828,1.04853
2013.03.05 00:31:46.897,1.04827,1.04849
2013.03.05 00:31:47.546,1.04827,1.04849
2013.03.05 00:31:51.007,1.04821,1.04849
2013.03.05 00:31:51.957,1.04821,1.04849
2013.03.05 00:31:53.238,1.04821,1.04849
2013.03.05 00:31:59.361,1.04824,1.04853
2013.03.05 00:31:59.427,1.04827,1.04853
2013.03.05 00:31:59.728,1.04827,1.04854
2013.03.05 00:31:59.968,1.04831,1.04857
2013.03.05 00:32:00.518,1.04831,1.04855
2013.03.05 00:32:07.885,1.04831,1.04856
2013.03.05 00:32:08.068,1.04831,1.04856
2013.03.05 00:32:08.268,1.0483,1.04856
2013.03.05 00:32:08.877,1.0483,1.04856
2013.03.05 00:32:09.827,1.04827,1.04854
2013.03.05 00:32:10.008,1.04827,1.04854
2013.03.05 00:32:10.638,1.04827,1.04854
2013.03.05 00:32:12.908,1.0483,1.04856
2013.03.05 00:32:13.168,1.04831,1.04856
2013.03.05 00:32:21.167,1.04834,1.04855
2013.03.05 00:32:21.228,1.04828,1.04854
2013.03.05 00:32:21.415,1.04828,1.04854
2013.03.05 00:32:21.597,1.04828,1.04854
2013.03.05 00:32:21.658,1.04828,1.04854
2013.03.05 00:32:22.540,1.04827,1.04853
2013.03.05 00:32:22.998,1.04828,1.04854
2013.03.05 00:32:23.739,1.04833,1.04856
2013.03.05 00:32:24.638,1.04828,1.04854
2013.03.05 00:32:24.878,1.04827,1.04854
2013.03.05 00:32:25.058,1.04826,1.04851
2013.03.05 00:32:28.818,1.04827,1.04853
2013.03.05 00:32:29.058,1.04828,1.04853
2013.03.05 00:32:29.479,1.0483,1.04853
2013.03.05 00:32:33.259,1.04839,1.04859
2013.03.05 00:32:33.823,1.04839,1.04857
2013.03.05 00:32:34.183,1.04841,1.04857
2013.03.05 00:32:34.695,1.04841,1.04858
2013.03.05 00:32:35.010,1.04836,1.04858
2013.03.05 00:32:35.448,1.04841,1.04857
2013.03.05 00:32:35.755,1.04846,1.04857
2013.03.05 00:32:36.956,1.04842,1.04857
2013.03.05 00:32:37.198,1.04838,1.04857
2013.03.05 00:32:37.728,1.04838,1.04858
2013.03.05 00:32:37.988,1.04841,1.0486
2013.03.05 00:32:38.439,1.0484,1.04857
2013.03.05 00:32:38.968,1.0484,1.04858
2013.03.05 00:32:42.290,1.0484,1.04865
2013.03.05 00:32:42.607,1.04844,1.04866
2013.03.05 00:32:42.908,1.04846,1.04866
2013.03.05 00:32:44.167,1.04841,1.04865
2013.03.05 00:32:44.507,1.04841,1.04865
2013.03.05 00:32:44.837,1.04841,1.04865
2013.03.05 00:32:44.897,1.04841,1.04865
2013.03.05 00:32:45.239,1.04841,1.04864
2013.03.05 00:32:45.478,1.04833,1.04856
2013.03.05 00:32:45.599,1.04828,1.04854
2013.03.05 00:32:45.657,1.04828,1.04854
2013.03.05 00:32:45.931,1.04826,1.04849
2013.03.05 00:32:45.998,1.04823,1.04849
2013.03.05 00:32:46.120,1.04823,1.04849
2013.03.05 00:32:46.248,1.04823,1.04849
2013.03.05 00:32:46.369,1.04823,1.04849
2013.03.05 00:32:46.558,1.04826,1.04851
2013.03.05 00:32:47.347,1.04826,1.04854
2013.03.05 00:32:47.648,1.04829,1.04853
2013.03.05 00:32:48.067,1.04827,1.04853
2013.03.05 00:32:49.600,1.04823,1.04848
2013.03.05 00:32:49.668,1.04824,1.04848
2013.03.05 00:32:52.571,1.0483,1.04856
2013.03.05 00:32:52.768,1.04831,1.04856
2013.03.05 00:32:53.357,1.0483,1.04856
2013.03.05 00:32:53.518,1.04828,1.04856
2013.03.05 00:32:58.670,1.04825,1.04851
2013.03.05 00:32:58.738,1.04823,1.04851
2013.03.05 00:33:00.977,1.04822,1.04847
2013.03.05 00:33:01.158,1.04819,1.04845
2013.03.05 00:33:01.837,1.04816,1.04844
2013.03.05 00:33:02.117,1.04816,1.04843
2013.03.05 00:33:02.237,1.04816,1.0484
2013.03.05 00:33:04.168,1.04816,1.04843
2013.03.05 00:33:04.228,1.04817,1.04844
2013.03.05 00:33:04.348,1.04821,1.04846
2013.03.05 00:33:04.468,1.04822,1.04846
2013.03.05 00:33:04.970,1.04819,1.04845
2013.03.05 00:33:05.549,1.04821,1.04846
2013.03.05 00:33:05.797,1.04822,1.04847
2013.03.05 00:33:06.127,1.04821,1.04845
2013.03.05 00:33:06.188,1.04819,1.04845
2013.03.05 00:33:08.192,1.04819,1.04845
2013.03.05 00:33:08.828,1.04817,1.04842
2013.03.05 00:33:09.288,1.04817,1.04842
2013.03.05 00:33:10.064,1.04821,1.04845
2013.03.05 00:33:10.127,1.04821,1.04847
2013.03.05 00:33:10.329,1.04819,1.04845
2013.03.05 00:33:10.510,1.04814,1.04839
2013.03.05 00:33:10.568,1.04813,1.04838
2013.03.05 00:33:10.868,1.04811,1.04837
2013.03.05 00:33:10.928,1.04811,1.04838
2013.03.05 00:33:11.118,1.04811,1.04837
2013.03.05 00:33:11.183,1.0481,1.04831
2013.03.05 00:33:11.368,1.0481,1.04833
2013.03.05 00:33:11.428,1.04811,1.04835
2013.03.05 00:33:11.489,1.04811,1.04837
2013.03.05 00:33:11.726,1.04813,1.04837
2013.03.05 00:33:12.227,1.04816,1.04839
2013.03.05 00:33:12.779,1.04816,1.04841
2013.03.05 00:33:16.108,1.04821,1.04846
2013.03.05 00:33:16.228,1.04821,1.04847
2013.03.05 00:33:16.787,1.04821,1.04847
2013.03.05 00:33:17.158,1.04821,1.04847
2013.03.05 00:33:20.894,1.04819,1.04845
2013.03.05 00:33:21.077,1.04819,1.04845
2013.03.05 00:33:23.858,1.04821,1.04847
2013.03.05 00:33:23.918,1.04821,1.04847
2013.03.05 00:33:25.069,1.04819,1.04846
2013.03.05 00:33:25.128,1.04819,1.04846
2013.03.05 00:33:35.377,1.04821,1.04846
2013.03.05 00:33:35.618,1.04821,1.04847
2013.03.05 00:33:35.748,1.04825,1.04851
2013.03.05 00:33:35.890,1.04825,1.04851
2013.03.05 00:33:35.952,1.04828,1.04852
2013.03.05 00:33:36.273,1.04834,1.04856
2013.03.05 00:33:38.747,1.04837,1.0486
2013.03.05 00:33:38.829,1.04837,1.0486
2013.03.05 00:33:39.009,1.04839,1.04863
2013.03.05 00:33:39.069,1.04841,1.04863
2013.03.05 00:33:41.407,1.04837,1.04863
2013.03.05 00:33:43.827,1.04837,1.04863
2013.03.05 00:33:44.897,1.04834,1.04862
2013.03.05 00:33:44.958,1.04834,1.0486
2013.03.05 00:33:46.681,1.04837,1.04859
2013.03.05 00:33:46.988,1.04842,1.04864
2013.03.05 00:33:47.107,1.04843,1.04866
2013.03.05 00:33:47.228,1.04843,1.04868
2013.03.05 00:33:47.288,1.04843,1.04868
2013.03.05 00:33:47.468,1.04842,1.04868
2013.03.05 00:33:47.528,1.04838,1.04864
2013.03.05 00:33:48.075,1.04838,1.04864
2013.03.05 00:33:48.667,1.04843,1.04864
2013.03.05 00:33:49.779,1.0484,1.04864
2013.03.05 00:33:51.207,1.04842,1.04866
2013.03.05 00:33:51.268,1.04842,1.04868
2013.03.05 00:33:51.448,1.04844,1.04868
2013.03.05 00:33:51.644,1.04847,1.04868
2013.03.05 00:33:55.887,1.04847,1.04872
2013.03.05 00:33:55.948,1.04847,1.04871
2013.03.05 00:33:56.499,1.04844,1.04868
2013.03.05 00:33:58.398,1.04841,1.04868
2013.03.05 00:33:58.907,1.04846,1.04868
2013.03.05 00:33:59.090,1.04846,1.04868
2013.03.05 00:33:59.367,1.0484,1.04865
2013.03.05 00:33:59.427,1.04838,1.04864
2013.03.05 00:33:59.608,1.04838,1.04865
2013.03.05 00:33:59.727,1.04843,1.04865
2013.03.05 00:34:00.267,1.04843,1.04869
2013.03.05 00:34:00.507,1.04842,1.04869
2013.03.05 00:34:00.708,1.04844,1.04869
2013.03.05 00:34:01.498,1.04841,1.04869
2013.03.05 00:34:01.557,1.04841,1.04869
2013.03.05 00:34:02.099,1.04846,1.04869
2013.03.05 00:34:02.398,1.0485,1.04873
2013.03.05 00:34:02.459,1.04849,1.04873
2013.03.05 00:34:02.778,1.04846,1.04871
2013.03.05 00:34:02.839,1.04843,1.04869
2013.03.05 00:34:02.968,1.04842,1.04868
2013.03.05 00:34:04.583,1.04843,1.04869
2013.03.05 00:34:04.708,1.04843,1.04871
2013.03.05 00:34:04.827,1.04843,1.04871
2013.03.05 00:34:05.167,1.04842,1.04869
2013.03.05 00:34:05.228,1.04841,1.04869
2013.03.05 00:34:05.697,1.04838,1.04864
2013.03.05 00:34:05.946,1.04846,1.0487
2013.03.05 00:34:06.008,1.04846,1.0487
2013.03.05 00:34:06.128,1.04854,1.0487
2013.03.05 00:34:06.248,1.04854,1.04874
2013.03.05 00:34:06.309,1.04854,1.04876
2013.03.05 00:34:06.488,1.04857,1.04878
2013.03.05 00:34:06.791,1.04857,1.04878
2013.03.05 00:34:06.858,1.04857,1.04882
2013.03.05 00:34:08.498,1.04857,1.04878
2013.03.05 00:34:09.218,1.04864,1.04879
2013.03.05 00:34:09.457,1.04864,1.04881
2013.03.05 00:34:09.518,1.04864,1.04884
2013.03.05 00:34:11.008,1.0486,1.04883
2013.03.05 00:34:11.410,1.04861,1.04877
2013.03.05 00:34:11.538,1.04861,1.0488
2013.03.05 00:34:11.598,1.04871,1.04888
2013.03.05 00:34:12.189,1.04867,1.04888
2013.03.05 00:34:12.308,1.04865,1.04888
2013.03.05 00:34:12.431,1.04865,1.04891
2013.03.05 00:34:15.079,1.04864,1.0489
2013.03.05 00:34:15.198,1.04859,1.04885
2013.03.05 00:34:15.318,1.04859,1.04885
2013.03.05 00:34:15.438,1.04859,1.04887
2013.03.05 00:34:16.418,1.04864,1.0489
2013.03.05 00:34:17.369,1.04865,1.0489
2013.03.05 00:34:17.501,1.04865,1.04891
2013.03.05 00:34:20.948,1.04865,1.04892
2013.03.05 00:34:21.008,1.04865,1.04892
2013.03.05 00:34:21.919,1.04877,1.04897
2013.03.05 00:34:22.350,1.04877,1.04898
2013.03.05 00:34:22.808,1.04877,1.04898
2013.03.05 00:34:23.828,1.04877,1.049
2013.03.05 00:34:24.009,1.0488,1.04904
2013.03.05 00:34:24.439,1.04881,1.04905
2013.03.05 00:34:25.270,1.04885,1.04907
2013.03.05 00:34:25.857,1.04885,1.04906
2013.03.05 00:34:27.827,1.04883,1.04907
2013.03.05 00:34:28.169,1.04882,1.04906
2013.03.05 00:34:28.528,1.0488,1.04904
2013.03.05 00:34:28.827,1.04879,1.04903
2013.03.05 00:34:29.818,1.04878,1.04902
2013.03.05 00:34:30.155,1.04877,1.04902
2013.03.05 00:34:31.347,1.04876,1.04902
2013.03.05 00:34:31.648,1.04877,1.049
2013.03.05 00:34:31.768,1.04877,1.04902
2013.03.05 00:34:32.299,1.04875,1.04898
2013.03.05 00:34:32.429,1.04875,1.04898
2013.03.05 00:34:32.667,1.04873,1.04897
2013.03.05 00:34:33.168,1.04876,1.04897
2013.03.05 00:34:33.408,1.04869,1.04895
2013.03.05 00:34:33.838,1.04869,1.04895
2013.03.05 00:34:34.148,1.04869,1.04895
2013.03.05 00:34:34.208,1.04869,1.04895
2013.03.05 00:34:34.387,1.04869,1.04894
2013.03.05 00:34:34.507,1.04867,1.04888
2013.03.05 00:34:35.027,1.04867,1.0489
2013.03.05 00:34:35.278,1.04867,1.04892
2013.03.05 00:34:35.398,1.04868,1.04895
2013.03.05 00:34:36.658,1.04868,1.04895
2013.03.05 00:34:36.959,1.04871,1.04897
2013.03.05 00:34:37.199,1.04876,1.04899
2013.03.05 00:34:37.258,1.04876,1.04902
2013.03.05 00:34:37.497,1.04876,1.049
2013.03.05 00:34:38.096,1.04876,1.04902
2013.03.05 00:34:38.608,1.04876,1.04902
2013.03.05 00:34:38.728,1.04876,1.04903
2013.03.05 00:34:39.257,1.04876,1.04904
2013.03.05 00:34:39.807,1.04876,1.04902
2013.03.05 00:34:40.138,1.04876,1.04899
2013.03.05 00:34:40.368,1.04876,1.04902
2013.03.05 00:34:40.428,1.04876,1.04904
2013.03.05 00:34:41.858,1.04875,1.04904
2013.03.05 00:34:42.040,1.04874,1.04902
2013.03.05 00:34:42.460,1.04874,1.04903
2013.03.05 00:34:42.648,1.04874,1.04902
2013.03.05 00:34:42.888,1.04872,1.04896
2013.03.05 00:34:44.198,1.04872,1.04898
2013.03.05 00:34:45.998,1.04872,1.04897
2013.03.05 00:34:46.358,1.04872,1.04898
2013.03.05 00:34:46.481,1.04867,1.04893
2013.03.05 00:34:47.018,1.04862,1.04886
2013.03.05 00:34:47.217,1.04862,1.04886
2013.03.05 00:34:47.398,1.04861,1.04886
2013.03.05 00:34:48.898,1.04861,1.04886
2013.03.05 00:34:48.958,1.04861,1.04886
2013.03.05 00:34:51.338,1.04861,1.04885
2013.03.05 00:34:51.639,1.04857,1.04881
2013.03.05 00:34:51.829,1.0486,1.04886
2013.03.05 00:34:52.707,1.04857,1.04883
2013.03.05 00:34:52.768,1.04857,1.04883
2013.03.05 00:34:53.340,1.04857,1.04883
2013.03.05 00:34:53.408,1.0486,1.04885
2013.03.05 00:34:54.238,1.0486,1.04883
2013.03.05 00:34:55.608,1.04861,1.04887
2013.03.05 00:34:55.788,1.04867,1.04888
2013.03.05 00:34:56.029,1.04865,1.04883
2013.03.05 00:34:56.219,1.04866,1.04887
2013.03.05 00:34:56.778,1.04867,1.04892
2013.03.05 00:34:57.158,1.04862,1.04886
2013.03.05 00:34:59.446,1.04862,1.04886
2013.03.05 00:34:59.629,1.0486,1.04884
2013.03.05 00:34:59.747,1.04857,1.04882
2013.03.05 00:35:00.048,1.04857,1.04881
2013.03.05 00:35:01.780,1.04857,1.04881
2013.03.05 00:35:10.677,1.04857,1.04881
2013.03.05 00:35:12.608,1.04857,1.04881
2013.03.05 00:35:12.729,1.04861,1.04881
2013.03.05 00:35:12.969,1.04862,1.04887
2013.03.05 00:35:13.089,1.04862,1.04888
2013.03.05 00:35:13.218,1.04862,1.04888
2013.03.05 00:35:17.087,1.04867,1.04892
2013.03.05 00:35:17.488,1.04868,1.04892
2013.03.05 00:35:17.799,1.04871,1.04892
2013.03.05 00:35:18.789,1.04872,1.04897
2013.03.05 00:35:21.249,1.04872,1.04893
2013.03.05 00:35:26.439,1.04871,1.04897
2013.03.05 00:35:26.859,1.04873,1.04897
2013.03.05 00:35:27.217,1.04875,1.04897
2013.03.05 00:35:28.817,1.04872,1.04897
2013.03.05 00:35:29.367,1.04872,1.04897
2013.03.05 00:35:31.147,1.04873,1.04897
2013.03.05 00:35:31.208,1.04875,1.04897
2013.03.05 00:35:38.558,1.04877,1.04897
2013.03.05 00:35:38.738,1.04869,1.04892
2013.03.05 00:35:38.918,1.04869,1.04892
2013.03.05 00:35:38.978,1.04869,1.04895
2013.03.05 00:35:39.157,1.04869,1.04895
2013.03.05 00:35:39.658,1.04869,1.04891
2013.03.05 00:35:40.218,1.04871,1.04895
2013.03.05 00:35:40.338,1.04877,1.04898
2013.03.05 00:35:40.398,1.04881,1.04898
2013.03.05 00:35:40.458,1.04881,1.04901
2013.03.05 00:35:40.518,1.04876,1.049
2013.03.05 00:35:40.578,1.04878,1.04901
2013.03.05 00:35:40.639,1.04881,1.04906
2013.03.05 00:35:40.758,1.04881,1.04906
2013.03.05 00:35:41.118,1.04884,1.04903
2013.03.05 00:35:41.418,1.04884,1.04906
2013.03.05 00:35:41.678,1.04888,1.04906
2013.03.05 00:35:42.758,1.04889,1.04913
2013.03.05 00:35:44.248,1.04886,1.0491
2013.03.05 00:35:44.308,1.04883,1.04907
2013.03.05 00:35:44.708,1.04883,1.04903
2013.03.05 00:35:46.908,1.04883,1.04901
2013.03.05 00:35:46.968,1.0488,1.04901
2013.03.05 00:35:47.148,1.04878,1.04889
2013.03.05 00:35:47.449,1.04874,1.04891
2013.03.05 00:35:47.629,1.04871,1.04891
2013.03.05 00:35:48.128,1.04872,1.04897
2013.03.05 00:35:48.777,1.04872,1.04897
2013.03.05 00:35:49.078,1.0487,1.04888
2013.03.05 00:35:49.259,1.0487,1.04893
2013.03.05 00:35:50.790,1.04869,1.04885
2013.03.05 00:35:53.688,1.04868,1.04885
2013.03.05 00:35:53.749,1.04866,1.04885
2013.03.05 00:35:58.287,1.04866,1.0489
2013.03.05 00:35:59.793,1.04866,1.0489
2013.03.05 00:36:00.097,1.04862,1.04885
2013.03.05 00:36:00.278,1.04862,1.04885
2013.03.05 00:36:00.788,1.04859,1.04882
2013.03.05 00:36:00.911,1.04856,1.0488
2013.03.05 00:36:01.159,1.04856,1.0488
2013.03.05 00:36:01.618,1.04863,1.0488
2013.03.05 00:36:01.918,1.04859,1.0488
2013.03.05 00:36:01.979,1.04858,1.0488
2013.03.05 00:36:02.039,1.04859,1.04879
2013.03.05 00:36:02.347,1.04864,1.0488
2013.03.05 00:36:02.694,1.04867,1.0488
2013.03.05 00:36:02.758,1.04864,1.0488
2013.03.05 00:36:02.821,1.04863,1.04879
2013.03.05 00:36:03.277,1.04863,1.04885
2013.03.05 00:36:03.440,1.04864,1.04885
2013.03.05 00:36:03.859,1.04872,1.04885
2013.03.05 00:36:05.748,1.04872,1.0489
2013.03.05 00:36:05.988,1.04873,1.04899
2013.03.05 00:36:06.168,1.04873,1.04895
2013.03.05 00:36:06.716,1.04873,1.04896
2013.03.05 00:36:12.787,1.04873,1.04891
2013.03.05 00:36:13.028,1.04873,1.04897
2013.03.05 00:36:16.971,1.04873,1.04892
2013.03.05 00:36:18.068,1.04873,1.04896
2013.03.05 00:36:20.419,1.04873,1.04892
2013.03.05 00:36:20.717,1.04872,1.04897
2013.03.05 00:36:20.838,1.0487,1.04896
2013.03.05 00:36:22.336,1.0487,1.04896
2013.03.05 00:36:22.459,1.0487,1.04891
2013.03.05 00:36:22.798,1.0487,1.04891
2013.03.05 00:36:22.858,1.04869,1.04891
2013.03.05 00:36:23.388,1.0487,1.04894
2013.03.05 00:36:23.568,1.04871,1.04896
2013.03.05 00:36:23.627,1.04871,1.04896
2013.03.05 00:36:24.829,1.0487,1.04895
2013.03.05 00:36:24.889,1.0487,1.04896
2013.03.05 00:36:25.068,1.04876,1.04902
2013.03.05 00:36:25.489,1.04877,1.04904
2013.03.05 00:36:26.028,1.04877,1.04904
2013.03.05 00:36:26.948,1.04877,1.04898
2013.03.05 00:36:28.098,1.04877,1.04903
2013.03.05 00:36:28.518,1.04875,1.04898
2013.03.05 00:36:29.067,1.04873,1.04898
2013.03.05 00:36:29.527,1.04873,1.04894
2013.03.05 00:36:33.967,1.0487,1.04894
2013.03.05 00:36:34.028,1.04868,1.04894
2013.03.05 00:36:34.088,1.0487,1.04894
2013.03.05 00:36:34.328,1.04871,1.04896
2013.03.05 00:36:34.658,1.04876,1.04898
2013.03.05 00:36:35.021,1.04877,1.04902
2013.03.05 00:36:35.148,1.04877,1.04903
2013.03.05 00:36:35.328,1.04877,1.04903
2013.03.05 00:36:35.448,1.04877,1.04903
2013.03.05 00:36:35.971,1.04877,1.04903
2013.03.05 00:36:36.287,1.04877,1.04903
2013.03.05 00:36:36.407,1.04878,1.04903
2013.03.05 00:36:36.715,1.04882,1.04907
2013.03.05 00:36:37.018,1.04883,1.04907
2013.03.05 00:36:37.326,1.04886,1.0491
2013.03.05 00:36:37.669,1.04886,1.04906
2013.03.05 00:36:38.247,1.04882,1.04906
2013.03.05 00:36:38.779,1.04882,1.04906
2013.03.05 00:36:39.020,1.04882,1.04909
2013.03.05 00:36:39.209,1.04886,1.04911
2013.03.05 00:36:39.568,1.04879,1.04906
2013.03.05 00:36:41.130,1.0488,1.04907
2013.03.05 00:36:41.248,1.0488,1.04908
2013.03.05 00:36:41.369,1.0488,1.04906
2013.03.05 00:36:41.745,1.0488,1.04906
2013.03.05 00:36:42.048,1.04881,1.049
2013.03.05 00:36:43.529,1.04882,1.049
2013.03.05 00:36:43.588,1.04882,1.04904
2013.03.05 00:36:43.648,1.04882,1.04904
2013.03.05 00:36:43.949,1.04881,1.04901
2013.03.05 00:36:44.388,1.04881,1.04901
2013.03.05 00:36:45.718,1.04881,1.04901
2013.03.05 00:36:45.918,1.04881,1.04905
2013.03.05 00:36:46.495,1.04881,1.04905
2013.03.05 00:36:46.997,1.04881,1.04905
2013.03.05 00:36:47.715,1.04881,1.04905
2013.03.05 00:36:48.359,1.0488,1.04905
2013.03.05 00:36:49.239,1.0488,1.04903
2013.03.05 00:36:49.923,1.04875,1.04901
2013.03.05 00:36:51.101,1.04875,1.04901
2013.03.05 00:36:51.231,1.04875,1.04895
2013.03.05 00:36:52.878,1.04871,1.04897
2013.03.05 00:36:53.118,1.04875,1.04897
2013.03.05 00:36:53.238,1.04876,1.04897
2013.03.05 00:36:53.457,1.04876,1.04901
2013.03.05 00:36:54.835,1.04875,1.04901
2013.03.05 00:36:55.160,1.04875,1.049
2013.03.05 00:36:55.658,1.04876,1.04897
2013.03.05 00:36:56.022,1.04876,1.049
2013.03.05 00:36:56.169,1.04875,1.049
2013.03.05 00:36:58.441,1.0487,1.04896
2013.03.05 00:36:58.748,1.0487,1.04896
2013.03.05 00:36:58.807,1.0487,1.04896
2013.03.05 00:36:59.117,1.0487,1.04896
2013.03.05 00:37:00.047,1.04867,1.04891
2013.03.05 00:37:01.511,1.04867,1.04891
2013.03.05 00:37:03.358,1.04865,1.04891
2013.03.05 00:37:03.480,1.04865,1.04877
2013.03.05 00:37:03.550,1.04857,1.04874
2013.03.05 00:37:03.610,1.04863,1.04877
2013.03.05 00:37:03.739,1.04862,1.04877
2013.03.05 00:37:04.158,1.04863,1.04884
2013.03.05 00:37:04.280,1.04873,1.04889
2013.03.05 00:37:04.339,1.04865,1.04889
2013.03.05 00:37:04.398,1.04865,1.04889
2013.03.05 00:37:04.758,1.04866,1.04892
2013.03.05 00:37:04.938,1.04866,1.0489
2013.03.05 00:37:05.297,1.04871,1.0489
2013.03.05 00:37:05.358,1.04868,1.0489
2013.03.05 00:37:05.558,1.04868,1.0489
2013.03.05 00:37:06.059,1.04868,1.04884
2013.03.05 00:37:06.179,1.04868,1.04889
2013.03.05 00:37:06.298,1.04869,1.04889
2013.03.05 00:37:06.658,1.04869,1.04889
2013.03.05 00:37:06.719,1.04866,1.04891
2013.03.05 00:37:07.050,1.04865,1.0489
2013.03.05 00:37:07.248,1.04866,1.0489
2013.03.05 00:37:07.309,1.0487,1.0489
2013.03.05 00:37:07.619,1.0487,1.0489
2013.03.05 00:37:07.738,1.04867,1.0489
2013.03.05 00:37:07.917,1.04867,1.0489
2013.03.05 00:37:08.279,1.04867,1.04893
2013.03.05 00:37:08.518,1.04867,1.04893
2013.03.05 00:37:08.579,1.04867,1.04893
2013.03.05 00:37:08.941,1.04865,1.04889
2013.03.05 00:37:09.308,1.04862,1.04883
2013.03.05 00:37:10.552,1.04862,1.04883
2013.03.05 00:37:12.020,1.04861,1.04883
2013.03.05 00:37:12.328,1.04859,1.04882
2013.03.05 00:37:12.858,1.04859,1.04882
2013.03.05 00:37:13.219,1.04867,1.04888
2013.03.05 00:37:13.578,1.04864,1.04883
2013.03.05 00:37:13.967,1.04864,1.04883
2013.03.05 00:37:14.128,1.04859,1.04883
2013.03.05 00:37:14.247,1.04859,1.04883
2013.03.05 00:37:14.678,1.04859,1.04883
2013.03.05 00:37:16.739,1.04862,1.04883
2013.03.05 00:37:16.991,1.04859,1.04883
2013.03.05 00:37:17.439,1.04859,1.04879
2013.03.05 00:37:17.786,1.04854,1.04879
2013.03.05 00:37:17.865,1.04856,1.04881
2013.03.05 00:37:18.169,1.04859,1.04878
2013.03.05 00:37:18.749,1.04854,1.04878
2013.03.05 00:37:19.049,1.04854,1.04873
2013.03.05 00:37:20.309,1.04854,1.04865
2013.03.05 00:37:20.749,1.04854,1.04871
2013.03.05 00:37:21.558,1.04854,1.04871
2013.03.05 00:37:21.619,1.04854,1.04879
2013.03.05 00:37:21.739,1.04854,1.04879
2013.03.05 00:37:22.308,1.04854,1.04879
2013.03.05 00:37:22.719,1.04854,1.0487
2013.03.05 00:37:22.898,1.04854,1.0487
2013.03.05 00:37:25.009,1.04854,1.0487
2013.03.05 00:37:32.138,1.04849,1.0487
2013.03.05 00:37:33.178,1.04849,1.04866
2013.03.05 00:37:33.299,1.04849,1.04866
2013.03.05 00:37:33.787,1.04849,1.04872
2013.03.05 00:37:34.479,1.04849,1.04865
2013.03.05 00:37:35.408,1.0485,1.04865
2013.03.05 00:37:35.768,1.04848,1.04861
2013.03.05 00:37:35.889,1.04848,1.04865
2013.03.05 00:37:36.128,1.04849,1.0487
2013.03.05 00:37:37.519,1.0485,1.0487
2013.03.05 00:37:39.718,1.04851,1.0487
2013.03.05 00:37:43.418,1.04849,1.0487
2013.03.05 00:37:43.900,1.0485,1.0487
2013.03.05 00:37:44.529,1.04849,1.0487
2013.03.05 00:37:46.326,1.0485,1.0487
2013.03.05 00:37:47.165,1.04853,1.0487
2013.03.05 00:37:52.168,1.04847,1.0487
2013.03.05 00:37:58.609,1.04847,1.0487
2013.03.05 00:37:58.949,1.04846,1.04869
2013.03.05 00:38:04.969,1.04841,1.04865
2013.03.05 00:38:05.088,1.04839,1.04865
2013.03.05 00:38:08.960,1.04839,1.04865
2013.03.05 00:38:09.088,1.04839,1.04866
2013.03.05 00:38:09.449,1.04839,1.04864
2013.03.05 00:38:09.509,1.04839,1.04864
2013.03.05 00:38:09.948,1.04839,1.04864
2013.03.05 00:38:10.278,1.04845,1.04864
2013.03.05 00:38:10.938,1.04844,1.0486
2013.03.05 00:38:11.959,1.04845,1.04868
2013.03.05 00:38:12.997,1.04841,1.04867
2013.03.05 00:38:13.058,1.0484,1.04867
2013.03.05 00:38:13.908,1.0484,1.04861
2013.03.05 00:38:22.059,1.04835,1.04862
2013.03.05 00:38:22.907,1.04835,1.04862
2013.03.05 00:38:23.948,1.04835,1.04862
2013.03.05 00:38:25.798,1.04835,1.04856
2013.03.05 00:38:26.359,1.04835,1.04856
2013.03.05 00:38:27.096,1.04835,1.04856
2013.03.05 00:38:27.218,1.04836,1.04861
2013.03.05 00:38:27.458,1.04841,1.04865
2013.03.05 00:38:27.578,1.04841,1.04866
2013.03.05 00:38:27.762,1.04841,1.04868
2013.03.05 00:38:28.638,1.04842,1.04867
2013.03.05 00:38:28.699,1.04843,1.04866
2013.03.05 00:38:29.037,1.04844,1.04866
2013.03.05 00:38:29.968,1.04844,1.04862
2013.03.05 00:38:30.089,1.04838,1.04862
2013.03.05 00:38:30.208,1.04836,1.04856
2013.03.05 00:38:31.987,1.04834,1.04855
2013.03.05 00:38:32.109,1.04834,1.0485
2013.03.05 00:38:32.169,1.04821,1.04844
2013.03.05 00:38:32.289,1.0482,1.04847
2013.03.05 00:38:32.348,1.0482,1.04844
2013.03.05 00:38:32.474,1.04819,1.04847
2013.03.05 00:38:32.542,1.04816,1.04839
2013.03.05 00:38:32.670,1.0482,1.04846
2013.03.05 00:38:32.858,1.04817,1.04846
2013.03.05 00:38:32.919,1.04817,1.04838
2013.03.05 00:38:33.239,1.04819,1.04849
2013.03.05 00:38:33.359,1.04821,1.0485
2013.03.05 00:38:33.479,1.0482,1.04843
2013.03.05 00:38:33.598,1.0482,1.04849
2013.03.05 00:38:33.660,1.04821,1.04848
2013.03.05 00:38:33.797,1.04831,1.04849
2013.03.05 00:38:34.229,1.04825,1.04849
2013.03.05 00:38:34.471,1.04825,1.04853
2013.03.05 00:38:35.448,1.04827,1.0485
2013.03.05 00:38:35.508,1.04826,1.0485
2013.03.05 00:38:36.398,1.04825,1.0485
2013.03.05 00:38:36.458,1.04825,1.04848
2013.03.05 00:38:36.579,1.04819,1.04848
2013.03.05 00:38:36.699,1.04823,1.04846
2013.03.05 00:38:37.106,1.04823,1.04844
2013.03.05 00:38:38.348,1.0482,1.04844
2013.03.05 00:38:39.367,1.0482,1.04843
2013.03.05 00:38:39.688,1.0482,1.04833
2013.03.05 00:38:39.759,1.04814,1.04841
2013.03.05 00:38:39.818,1.04812,1.04835
2013.03.05 00:38:39.940,1.04812,1.04835
2013.03.05 00:38:40.366,1.04812,1.04835
2013.03.05 00:38:43.168,1.04811,1.04834
2013.03.05 00:38:43.754,1.0481,1.04834
2013.03.05 00:38:45.032,1.04811,1.04834
2013.03.05 00:38:45.697,1.04813,1.04835
2013.03.05 00:38:51.228,1.0481,1.04835
2013.03.05 00:38:51.768,1.04812,1.04835
2013.03.05 00:38:55.118,1.04811,1.04835
2013.03.05 00:38:55.179,1.04809,1.04833
2013.03.05 00:38:55.238,1.04807,1.04831
2013.03.05 00:38:55.829,1.04803,1.04828
2013.03.05 00:38:56.639,1.04803,1.04824
2013.03.05 00:38:58.329,1.04804,1.04825
2013.03.05 00:39:01.708,1.04807,1.04825
2013.03.05 00:39:03.688,1.04807,1.0483
2013.03.05 00:39:03.929,1.04808,1.04834
2013.03.05 00:39:03.988,1.04811,1.04834
2013.03.05 00:39:07.418,1.04812,1.04834
2013.03.05 00:39:12.571,1.04814,1.04834
2013.03.05 00:39:13.204,1.04816,1.04834
2013.03.05 00:39:17.158,1.04816,1.04838
2013.03.05 00:39:17.298,1.04812,1.04835
2013.03.05 00:39:18.159,1.04812,1.04835
2013.03.05 00:39:18.339,1.04808,1.0483
2013.03.05 00:39:18.458,1.04807,1.0483
2013.03.05 00:39:18.818,1.04812,1.04833
2013.03.05 00:39:19.174,1.04812,1.04833
2013.03.05 00:39:20.323,1.04812,1.04831
2013.03.05 00:39:23.098,1.04812,1.04831
2013.03.05 00:39:23.298,1.04807,1.04831
2013.03.05 00:39:25.888,1.04801,1.04827
2013.03.05 00:39:26.068,1.04801,1.04827
2013.03.05 00:39:26.128,1.048,1.04822
2013.03.05 00:39:26.249,1.04795,1.04822
2013.03.05 00:39:26.550,1.04795,1.04819
2013.03.05 00:39:26.859,1.04792,1.04816
2013.03.05 00:39:27.939,1.04793,1.04816
2013.03.05 00:39:30.028,1.04796,1.04814
2013.03.05 00:39:31.212,1.04792,1.04814
2013.03.05 00:39:38.231,1.04792,1.0481
2013.03.05 00:39:38.824,1.04788,1.04809
2013.03.05 00:39:39.010,1.04789,1.04813
2013.03.05 00:39:39.499,1.04783,1.04807
2013.03.05 00:39:39.558,1.04781,1.04807
2013.03.05 00:39:40.124,1.04783,1.04807
2013.03.05 00:39:40.319,1.04783,1.04807
2013.03.05 00:39:42.182,1.04786,1.04808
2013.03.05 00:39:42.308,1.04787,1.04808
2013.03.05 00:39:42.731,1.04787,1.04813
2013.03.05 00:39:42.918,1.0479,1.04814
2013.03.05 00:39:43.218,1.04795,1.04817
2013.03.05 00:39:43.577,1.04796,1.04819
2013.03.05 00:39:44.118,1.04799,1.04824
2013.03.05 00:39:44.177,1.04799,1.04824
2013.03.05 00:39:44.939,1.04803,1.04824
2013.03.05 00:39:45.351,1.04803,1.04828
2013.03.05 00:39:45.599,1.04804,1.04828
2013.03.05 00:39:47.951,1.04806,1.0483
2013.03.05 00:39:48.264,1.0481,1.04836
2013.03.05 00:39:48.618,1.04811,1.04836
2013.03.05 00:39:48.798,1.04811,1.04836
2013.03.05 00:39:49.449,1.04814,1.04836
2013.03.05 00:39:50.460,1.04811,1.04833
2013.03.05 00:39:56.847,1.04812,1.04833
2013.03.05 00:39:58.818,1.04812,1.04833
2013.03.05 00:39:58.937,1.04811,1.04833
2013.03.05 00:40:02.059,1.04811,1.04833
2013.03.05 00:40:02.123,1.04811,1.04833
2013.03.05 00:40:02.489,1.04813,1.04834
2013.03.05 00:40:02.669,1.04815,1.04835
2013.03.05 00:40:03.164,1.04815,1.04838
2013.03.05 00:40:04.508,1.04816,1.04839
2013.03.05 00:40:05.544,1.04817,1.04839
2013.03.05 00:40:05.608,1.04818,1.04839
2013.03.05 00:40:10.578,1.0482,1.04845
2013.03.05 00:40:10.758,1.04821,1.04844
2013.03.05 00:40:10.878,1.04821,1.04847
2013.03.05 00:40:10.939,1.04821,1.04847
2013.03.05 00:40:11.118,1.04826,1.04847
2013.03.05 00:40:11.299,1.0482,1.04846
2013.03.05 00:40:19.798,1.04821,1.04847
2013.03.05 00:40:20.358,1.04825,1.04851
2013.03.05 00:40:20.418,1.04825,1.04851
2013.03.05 00:40:20.538,1.04826,1.04851
2013.03.05 00:40:20.658,1.04829,1.04852
2013.03.05 00:40:23.349,1.04828,1.0485
2013.03.05 00:40:23.418,1.04824,1.0485
2013.03.05 00:40:23.658,1.04824,1.0485
2013.03.05 00:40:23.778,1.04821,1.04844
2013.03.05 00:40:24.139,1.0482,1.04844
2013.03.05 00:40:24.500,1.04824,1.0485
2013.03.05 00:40:24.741,1.04827,1.04852
2013.03.05 00:40:26.141,1.04827,1.04853
2013.03.05 00:40:26.269,1.04832,1.04857
2013.03.05 00:40:27.898,1.04831,1.04857
2013.03.05 00:40:30.099,1.0483,1.04857
2013.03.05 00:40:30.159,1.04827,1.04853
2013.03.05 00:40:30.933,1.04826,1.04853
2013.03.05 00:40:31.688,1.04826,1.04853
2013.03.05 00:40:35.177,1.04821,1.04847
2013.03.05 00:40:37.793,1.04821,1.04847
2013.03.05 00:40:37.919,1.04819,1.04843
2013.03.05 00:40:37.979,1.04817,1.04843
2013.03.05 00:40:38.348,1.04817,1.04843
2013.03.05 00:40:40.928,1.04816,1.04843
2013.03.05 00:40:41.693,1.04816,1.04842
2013.03.05 00:40:42.088,1.04819,1.04843
2013.03.05 00:40:42.288,1.04819,1.04843
2013.03.05 00:40:43.909,1.04819,1.04843
2013.03.05 00:40:43.967,1.04819,1.04843
2013.03.05 00:40:45.149,1.04818,1.04843
2013.03.05 00:40:46.638,1.04819,1.04843
2013.03.05 00:40:46.819,1.0482,1.04844
2013.03.05 00:40:47.052,1.04821,1.04847
2013.03.05 00:40:48.321,1.04821,1.04844
2013.03.05 00:40:48.667,1.04821,1.04844
2013.03.05 00:40:49.434,1.04821,1.04844
2013.03.05 00:40:57.690,1.04821,1.04844
2013.03.05 00:40:57.758,1.04822,1.04848
2013.03.05 00:40:58.489,1.04822,1.04844
2013.03.05 00:40:58.850,1.04821,1.04842
2013.03.05 00:40:59.446,1.04821,1.04842
2013.03.05 00:41:03.888,1.04816,1.04841
2013.03.05 00:41:06.479,1.04816,1.04841
2013.03.05 00:41:06.818,1.04816,1.04841
2013.03.05 00:41:09.686,1.04816,1.04841
2013.03.05 00:41:10.189,1.0482,1.04842
2013.03.05 00:41:10.259,1.0482,1.04842
2013.03.05 00:41:10.319,1.0482,1.04839
2013.03.05 00:41:10.379,1.04816,1.04837
2013.03.05 00:41:10.440,1.04816,1.04839
2013.03.05 00:41:10.498,1.04816,1.0484
2013.03.05 00:41:10.559,1.04816,1.0484
2013.03.05 00:41:10.739,1.04816,1.0484
2013.03.05 00:41:10.858,1.04816,1.0484
2013.03.05 00:41:22.588,1.04815,1.0484
2013.03.05 00:41:23.008,1.04809,1.04836
2013.03.05 00:41:23.930,1.0481,1.04838
2013.03.05 00:41:24.250,1.04814,1.04838
2013.03.05 00:41:24.319,1.04811,1.04837
2013.03.05 00:41:24.702,1.0481,1.04837
2013.03.05 00:41:24.872,1.04811,1.04838
2013.03.05 00:41:24.938,1.04811,1.04838
2013.03.05 00:41:25.739,1.04811,1.04837
2013.03.05 00:41:25.918,1.04815,1.04839
2013.03.05 00:41:30.720,1.04816,1.04839
2013.03.05 00:41:31.152,1.04821,1.04844
2013.03.05 00:41:32.511,1.04821,1.04844
2013.03.05 00:41:33.891,1.04822,1.04848
2013.03.05 00:41:33.958,1.04822,1.04848
2013.03.05 00:41:34.718,1.04817,1.04843
2013.03.05 00:41:34.838,1.04817,1.04843
2013.03.05 00:41:38.870,1.04816,1.0484
2013.03.05 00:41:39.412,1.04816,1.0484
2013.03.05 00:41:39.740,1.04816,1.0484
2013.03.05 00:41:40.039,1.04811,1.04835
2013.03.05 00:41:41.269,1.04811,1.04835
2013.03.05 00:41:41.388,1.04812,1.04835
2013.03.05 00:41:41.705,1.04812,1.04839
2013.03.05 00:41:41.777,1.04811,1.04836
2013.03.05 00:41:42.543,1.04812,1.04836
2013.03.05 00:41:43.130,1.04812,1.04836
2013.03.05 00:41:43.352,1.04809,1.04836
2013.03.05 00:41:43.418,1.04809,1.04831
2013.03.05 00:41:44.398,1.04807,1.04831
2013.03.05 00:41:44.578,1.04807,1.04831
2013.03.05 00:41:44.818,1.04802,1.04827
2013.03.05 00:41:44.998,1.04802,1.04827
2013.03.05 00:41:46.148,1.04802,1.04828
2013.03.05 00:41:46.209,1.04802,1.04828
2013.03.05 00:41:46.676,1.04805,1.04831
2013.03.05 00:41:50.418,1.04807,1.04833
2013.03.05 00:41:50.481,1.04807,1.04833
2013.03.05 00:41:50.669,1.04807,1.04831
2013.03.05 00:41:50.788,1.04807,1.04831
2013.03.05 00:41:50.849,1.04805,1.04831
2013.03.05 00:41:51.439,1.04805,1.04831
2013.03.05 00:41:51.838,1.04807,1.04832
2013.03.05 00:41:51.899,1.04807,1.04833
2013.03.05 00:41:58.908,1.04807,1.04831
2013.03.05 00:41:59.089,1.04807,1.04831
2013.03.05 00:41:59.359,1.04807,1.04831
2013.03.05 00:41:59.478,1.04805,1.04831
2013.03.05 00:41:59.666,1.04807,1.04833
2013.03.05 00:42:01.632,1.04814,1.04842
2013.03.05 00:42:01.899,1.04812,1.04837
2013.03.05 00:42:03.420,1.04805,1.04831
2013.03.05 00:42:03.539,1.04805,1.04831
2013.03.05 00:42:03.598,1.04806,1.04833
2013.03.05 00:42:03.959,1.04815,1.04837
2013.03.05 00:42:04.620,1.04815,1.04835
2013.03.05 00:42:04.738,1.04806,1.04832
2013.03.05 00:42:04.798,1.04806,1.04832
2013.03.05 00:42:05.188,1.04804,1.04832
2013.03.05 00:42:05.249,1.0481,1.04837
2013.03.05 00:42:05.429,1.04811,1.04837
2013.03.05 00:42:05.610,1.0481,1.04837
2013.03.05 00:42:18.329,1.0481,1.04837
2013.03.05 00:42:18.389,1.04804,1.04824
2013.03.05 00:42:18.570,1.04799,1.04824
2013.03.05 00:42:18.820,1.04798,1.04823
2013.03.05 00:42:20.083,1.04798,1.04822
2013.03.05 00:42:20.268,1.04798,1.04826
2013.03.05 00:42:22.182,1.048,1.04826
2013.03.05 00:42:22.489,1.04804,1.04829
2013.03.05 00:42:22.549,1.04804,1.04831
2013.03.05 00:42:23.051,1.04804,1.04831
2013.03.05 00:42:23.418,1.04799,1.04827
2013.03.05 00:42:23.898,1.04801,1.04827
2013.03.05 00:42:25.808,1.048,1.04827
2013.03.05 00:42:32.070,1.04801,1.04827
2013.03.05 00:42:32.248,1.04801,1.04827
2013.03.05 00:42:36.360,1.04799,1.04827
2013.03.05 00:42:36.648,1.04801,1.04827
2013.03.05 00:42:37.628,1.04799,1.04827
2013.03.05 00:42:39.199,1.04801,1.04827
2013.03.05 00:42:43.478,1.04801,1.04827
2013.03.05 00:42:44.076,1.04802,1.04829
2013.03.05 00:43:03.468,1.04801,1.04828
2013.03.05 00:43:23.482,1.048,1.04825
2013.03.05 00:43:32.250,1.048,1.04824
2013.03.05 00:43:32.910,1.048,1.04821
2013.03.05 00:43:33.609,1.04799,1.0482
2013.03.05 00:43:33.801,1.04791,1.04815
2013.03.05 00:43:40.287,1.0479,1.04815
2013.03.05 00:43:53.300,1.04789,1.04815
2013.03.05 00:43:53.884,1.04788,1.04815
2013.03.05 00:43:54.186,1.04784,1.04812
2013.03.05 00:43:57.819,1.04786,1.04812
2013.03.05 00:43:57.939,1.04786,1.04812
2013.03.05 00:44:00.118,1.04786,1.04813
2013.03.05 00:44:00.239,1.04789,1.04813
2013.03.05 00:44:00.558,1.04789,1.04812
2013.03.05 00:44:05.859,1.04788,1.04811
2013.03.05 00:44:05.919,1.04787,1.04811
2013.03.05 00:44:06.278,1.04787,1.0481
2013.03.05 00:44:09.579,1.04786,1.0481
2013.03.05 00:44:09.919,1.04786,1.0481
2013.03.05 00:44:19.611,1.04787,1.04809
2013.03.05 00:44:19.999,1.04785,1.04809
2013.03.05 00:44:20.378,1.0479,1.04812
2013.03.05 00:44:20.558,1.0479,1.04811
2013.03.05 00:44:21.349,1.04792,1.04813
2013.03.05 00:44:26.569,1.04792,1.04813
2013.03.05 00:44:37.248,1.04792,1.04814
2013.03.05 00:44:37.664,1.04794,1.04816
2013.03.05 00:44:38.310,1.04794,1.04816
2013.03.05 00:44:39.839,1.04796,1.04816
2013.03.05 00:44:40.138,1.048,1.04822
2013.03.05 00:44:40.688,1.048,1.04822
2013.03.05 00:44:45.228,1.048,1.04822
2013.03.05 00:44:45.618,1.04798,1.04819
2013.03.05 00:44:45.886,1.04798,1.04819
2013.03.05 00:44:49.324,1.04798,1.04819
2013.03.05 00:45:02.209,1.04798,1.04819
2013.03.05 00:45:02.459,1.04802,1.04823
2013.03.05 00:45:02.923,1.048,1.0482
2013.03.05 00:45:07.499,1.048,1.04816
2013.03.05 00:45:09.158,1.04798,1.04816
2013.03.05 00:45:09.221,1.04796,1.04816
2013.03.05 00:45:12.289,1.04793,1.04814
2013.03.05 00:45:12.409,1.04795,1.04816
2013.03.05 00:45:12.529,1.0479,1.04811
2013.03.05 00:45:12.589,1.04796,1.04811
2013.03.05 00:45:17.308,1.04796,1.04815
2013.03.05 00:45:29.098,1.04792,1.04815
2013.03.05 00:45:29.221,1.0479,1.0481
2013.03.05 00:45:35.239,1.04786,1.0481
2013.03.05 00:45:35.668,1.04786,1.04808
2013.03.05 00:45:35.729,1.04786,1.04808
2013.03.05 00:45:35.908,1.04786,1.04812
2013.03.05 00:45:35.968,1.04787,1.04813
2013.03.05 00:45:36.149,1.04789,1.04813
2013.03.05 00:45:37.769,1.04792,1.04815
2013.03.05 00:45:38.470,1.04792,1.04815
2013.03.05 00:45:38.898,1.04792,1.04816
2013.03.05 00:45:41.105,1.04792,1.04816
2013.03.05 00:45:41.408,1.04789,1.04815
2013.03.05 00:45:59.004,1.04786,1.0481
2013.03.05 00:45:59.128,1.04785,1.0481
2013.03.05 00:45:59.429,1.04785,1.04806
2013.03.05 00:45:59.611,1.0478,1.04802
2013.03.05 00:45:59.670,1.0478,1.04802
2013.03.05 00:45:59.789,1.0478,1.04805
2013.03.05 00:46:00.358,1.04784,1.04808
2013.03.05 00:46:00.418,1.04784,1.0481
2013.03.05 00:46:04.807,1.04784,1.04811
2013.03.05 00:46:05.319,1.04784,1.0481
2013.03.05 00:46:10.899,1.04784,1.04809
2013.03.05 00:46:11.019,1.04781,1.04805
2013.03.05 00:46:11.079,1.0478,1.04805
2013.03.05 00:46:11.699,1.0478,1.04804
2013.03.05 00:46:17.919,1.0478,1.04803
2013.03.05 00:46:18.862,1.04772,1.04798
2013.03.05 00:46:18.934,1.04772,1.04797
2013.03.05 00:46:19.003,1.04772,1.04797
2013.03.05 00:46:19.319,1.0477,1.04796
2013.03.05 00:46:19.909,1.04769,1.04796
2013.03.05 00:46:21.148,1.0477,1.04796
2013.03.05 00:46:22.088,1.04775,1.04801
2013.03.05 00:46:22.469,1.04776,1.04801
2013.03.05 00:46:23.099,1.04776,1.04801
2013.03.05 00:46:23.848,1.04766,1.04792
2013.03.05 00:46:23.922,1.04766,1.04792
2013.03.05 00:46:24.109,1.04767,1.04793
2013.03.05 00:46:24.170,1.04769,1.04793
2013.03.05 00:46:24.673,1.04772,1.04796
2013.03.05 00:46:25.297,1.04772,1.04796
2013.03.05 00:46:25.359,1.0477,1.04796
2013.03.05 00:46:25.539,1.04768,1.04791
2013.03.05 00:46:26.670,1.04767,1.04791
2013.03.05 00:46:27.057,1.04768,1.04793
2013.03.05 00:46:27.240,1.04776,1.04796
2013.03.05 00:46:27.469,1.04771,1.04796
2013.03.05 00:46:28.068,1.04771,1.04796
2013.03.05 00:46:28.601,1.04769,1.04796
2013.03.05 00:46:29.028,1.04767,1.04792
2013.03.05 00:46:29.588,1.04766,1.04787
2013.03.05 00:46:29.771,1.04759,1.04785
2013.03.05 00:46:29.840,1.04759,1.04785
2013.03.05 00:46:29.900,1.04759,1.04785
2013.03.05 00:46:30.220,1.04762,1.04788
2013.03.05 00:46:33.061,1.04765,1.04789
2013.03.05 00:46:33.308,1.04766,1.04789
2013.03.05 00:46:33.369,1.04767,1.04792
2013.03.05 00:46:33.429,1.04771,1.04792
2013.03.05 00:46:34.026,1.04771,1.04793
2013.03.05 00:46:37.069,1.04771,1.04795
2013.03.05 00:46:37.260,1.04764,1.0479
2013.03.05 00:46:37.379,1.04764,1.0479
2013.03.05 00:46:38.790,1.04766,1.0479
2013.03.05 00:46:38.849,1.04766,1.04792
2013.03.05 00:46:38.911,1.04771,1.04793
2013.03.05 00:46:40.000,1.04771,1.04794
2013.03.05 00:46:43.539,1.04775,1.04798
2013.03.05 00:46:44.143,1.04775,1.04798
2013.03.05 00:46:47.160,1.04772,1.04794
2013.03.05 00:46:47.478,1.04771,1.04794
2013.03.05 00:46:47.599,1.04771,1.04794
2013.03.05 00:46:47.719,1.04772,1.04798
2013.03.05 00:46:50.098,1.04777,1.04801
2013.03.05 00:46:50.219,1.0478,1.04803
2013.03.05 00:46:52.359,1.04777,1.04801
2013.03.05 00:46:52.421,1.04777,1.04801
2013.03.05 00:46:52.480,1.04773,1.04796
2013.03.05 00:46:52.857,1.04772,1.04794
2013.03.05 00:46:53.439,1.04772,1.04794
2013.03.05 00:46:55.990,1.0477,1.04793
2013.03.05 00:46:58.657,1.0477,1.04793
2013.03.05 00:46:58.718,1.0477,1.04793
2013.03.05 00:46:58.778,1.04772,1.04793
2013.03.05 00:46:59.081,1.04771,1.04793
2013.03.05 00:46:59.153,1.04769,1.04793
2013.03.05 00:47:00.108,1.04766,1.04792
2013.03.05 00:47:00.170,1.04766,1.04789
2013.03.05 00:47:00.391,1.04762,1.04786
2013.03.05 00:47:00.519,1.04762,1.04784
2013.03.05 00:47:00.650,1.04757,1.04781
2013.03.05 00:47:00.710,1.04757,1.0478
2013.03.05 00:47:00.949,1.04757,1.04783
2013.03.05 00:47:02.120,1.04759,1.04783
2013.03.05 00:47:07.316,1.04761,1.04788
2013.03.05 00:47:07.441,1.04761,1.04789
2013.03.05 00:47:09.616,1.04769,1.04791
2013.03.05 00:47:10.259,1.04769,1.04793
2013.03.05 00:47:13.368,1.04767,1.04791
2013.03.05 00:47:13.489,1.04767,1.0479
2013.03.05 00:47:13.612,1.04765,1.0479
2013.03.05 00:47:22.066,1.04767,1.04791
2013.03.05 00:47:22.333,1.04767,1.04793
2013.03.05 00:47:24.816,1.04767,1.04793
2013.03.05 00:47:24.939,1.04771,1.04793
2013.03.05 00:47:25.181,1.0477,1.04793
2013.03.05 00:47:30.600,1.04762,1.04788
2013.03.05 00:47:30.659,1.04762,1.04784
2013.03.05 00:47:31.412,1.04762,1.04788
2013.03.05 00:47:31.538,1.04763,1.04789
2013.03.05 00:47:34.999,1.04765,1.04789
2013.03.05 00:47:42.029,1.04766,1.0479
2013.03.05 00:47:45.558,1.04765,1.04789
2013.03.05 00:47:47.126,1.04763,1.04789
2013.03.05 00:47:51.477,1.04764,1.04789
2013.03.05 00:47:51.851,1.04766,1.04791
2013.03.05 00:47:58.115,1.04767,1.04792
2013.03.05 00:47:58.182,1.04767,1.04793
2013.03.05 00:48:03.338,1.0477,1.04793
2013.03.05 00:48:03.398,1.04772,1.04795
2013.03.05 00:48:03.459,1.04772,1.04798
2013.03.05 00:48:03.679,1.04774,1.04798
2013.03.05 00:48:05.368,1.04773,1.04798
2013.03.05 00:48:06.399,1.04775,1.04798
2013.03.05 00:48:06.710,1.04773,1.04798
2013.03.05 00:48:09.199,1.04773,1.04798
2013.03.05 00:48:09.838,1.04776,1.048
2013.03.05 00:48:13.000,1.04778,1.04803
2013.03.05 00:48:13.112,1.04777,1.04802
2013.03.05 00:48:16.418,1.04778,1.04803
2013.03.05 00:48:17.598,1.04778,1.04803
2013.03.05 00:48:17.848,1.04777,1.04801
2013.03.05 00:48:20.426,1.04772,1.04798
2013.03.05 00:48:21.544,1.04774,1.04799
2013.03.05 00:48:21.789,1.04776,1.04799
2013.03.05 00:48:21.849,1.04776,1.04799
2013.03.05 00:48:22.029,1.0478,1.04804
2013.03.05 00:48:22.591,1.04779,1.04803
2013.03.05 00:48:24.838,1.0478,1.04804
2013.03.05 00:48:26.508,1.04782,1.04805
2013.03.05 00:48:29.018,1.04783,1.04808
2013.03.05 00:48:29.078,1.04783,1.04808
2013.03.05 00:48:29.199,1.04784,1.04808
2013.03.05 00:48:29.258,1.04787,1.04812
2013.03.05 00:48:29.499,1.04789,1.04813
2013.03.05 00:48:29.808,1.04789,1.04813
2013.03.05 00:48:29.998,1.04787,1.04811
2013.03.05 00:48:30.579,1.04787,1.04811
2013.03.05 00:48:31.339,1.04788,1.0481
2013.03.05 00:48:31.970,1.04788,1.0481
2013.03.05 00:48:33.319,1.0479,1.04813
2013.03.05 00:48:33.444,1.0479,1.04814
2013.03.05 00:48:33.929,1.0479,1.0481
2013.03.05 00:48:34.162,1.04788,1.0481
2013.03.05 00:48:35.200,1.04788,1.04806
2013.03.05 00:48:37.001,1.04788,1.04809
2013.03.05 00:48:37.328,1.04792,1.04809
2013.03.05 00:48:37.404,1.0479,1.0481
2013.03.05 00:48:37.530,1.04786,1.0481
2013.03.05 00:48:39.359,1.04787,1.0481
2013.03.05 00:48:39.538,1.0479,1.04813
2013.03.05 00:48:41.570,1.04791,1.04813
2013.03.05 00:48:42.419,1.04789,1.0481
2013.03.05 00:48:42.896,1.04787,1.0481
2013.03.05 00:48:43.441,1.04787,1.0481
2013.03.05 00:48:43.559,1.04784,1.04804
2013.03.05 00:48:44.210,1.04783,1.04804
2013.03.05 00:48:45.330,1.04783,1.04804
2013.03.05 00:48:45.529,1.04781,1.04804
2013.03.05 00:48:45.588,1.04781,1.04802
2013.03.05 00:48:45.948,1.04778,1.04802
2013.03.05 00:48:46.369,1.04777,1.04798
2013.03.05 00:48:46.550,1.04775,1.04796
2013.03.05 00:48:46.670,1.04772,1.04795
2013.03.05 00:48:46.789,1.04772,1.04795
2013.03.05 00:48:47.029,1.0477,1.04793
2013.03.05 00:48:47.268,1.04767,1.04793
2013.03.05 00:48:47.335,1.04768,1.04793
2013.03.05 00:48:47.459,1.0477,1.04793
2013.03.05 00:48:47.659,1.04773,1.04793
2013.03.05 00:48:48.733,1.04776,1.04799
2013.03.05 00:48:48.800,1.04776,1.04799
2013.03.05 00:48:49.109,1.04777,1.048
2013.03.05 00:48:49.999,1.04779,1.04802
2013.03.05 00:48:56.943,1.04782,1.04802
2013.03.05 00:48:59.248,1.04782,1.04802
2013.03.05 00:48:59.822,1.04783,1.04803
2013.03.05 00:48:59.891,1.04781,1.04803
2013.03.05 00:49:00.666,1.04781,1.04803
2013.03.05 00:49:01.128,1.0478,1.04803
2013.03.05 00:49:01.248,1.04777,1.04801
2013.03.05 00:49:01.310,1.04772,1.04798
2013.03.05 00:49:01.549,1.04771,1.04795
2013.03.05 00:49:01.670,1.0477,1.04795
2013.03.05 00:49:01.790,1.04766,1.04789
2013.03.05 00:49:02.350,1.04764,1.04788
2013.03.05 00:49:07.109,1.04764,1.04787
2013.03.05 00:49:07.349,1.04761,1.04785
2013.03.05 00:49:07.538,1.04761,1.04785
2013.03.05 00:49:08.273,1.04761,1.04785
2013.03.05 00:49:11.083,1.04764,1.04786
2013.03.05 00:49:11.398,1.04773,1.04791
2013.03.05 00:49:12.044,1.04773,1.0479
2013.03.05 00:49:12.169,1.04768,1.0479
2013.03.05 00:49:12.229,1.04767,1.0479
2013.03.05 00:49:12.289,1.04767,1.0479
2013.03.05 00:49:13.378,1.04767,1.0479
2013.03.05 00:49:13.439,1.04767,1.0479
2013.03.05 00:49:16.889,1.04767,1.04793
2013.03.05 00:49:17.239,1.04773,1.04793
2013.03.05 00:49:17.385,1.04773,1.04793
2013.03.05 00:49:17.899,1.04773,1.04793
2013.03.05 00:49:24.774,1.04767,1.04789
2013.03.05 00:49:24.839,1.04767,1.04789
2013.03.05 00:49:26.343,1.04768,1.04792
2013.03.05 00:49:26.649,1.04772,1.04793
2013.03.05 00:49:26.860,1.04774,1.04793
2013.03.05 00:49:26.979,1.04774,1.04794
2013.03.05 00:49:28.899,1.04776,1.04796
2013.03.05 00:49:28.960,1.04776,1.04796
2013.03.05 00:49:29.199,1.04777,1.04798
2013.03.05 00:49:29.258,1.04777,1.04798
2013.03.05 00:49:30.692,1.04773,1.04797
2013.03.05 00:49:46.649,1.04774,1.04797
2013.03.05 00:49:49.618,1.04774,1.04798
2013.03.05 00:49:49.678,1.04773,1.04798
2013.03.05 00:49:54.858,1.04773,1.04796
2013.03.05 00:49:55.289,1.04768,1.04791
2013.03.05 00:49:57.168,1.04768,1.04791
2013.03.05 00:49:57.869,1.04769,1.04791
2013.03.05 00:50:01.081,1.04772,1.04792
2013.03.05 00:50:01.149,1.04772,1.04796
2013.03.05 00:50:01.329,1.04774,1.04798
2013.03.05 00:50:01.949,1.04775,1.04798
2013.03.05 00:50:02.013,1.04777,1.04799
2013.03.05 00:50:02.440,1.04777,1.04798
2013.03.05 00:50:10.343,1.04779,1.04802
2013.03.05 00:50:10.691,1.04779,1.04804
2013.03.05 00:50:33.370,1.04779,1.04804
2013.03.05 00:50:34.089,1.04778,1.04804
2013.03.05 00:50:39.249,1.04776,1.048
2013.03.05 00:50:40.883,1.04775,1.04799
2013.03.05 00:50:41.010,1.04773,1.04798
2013.03.05 00:50:41.910,1.04776,1.04799
2013.03.05 00:50:42.389,1.04776,1.04799
2013.03.05 00:50:47.400,1.04778,1.048
2013.03.05 00:50:47.850,1.0478,1.04804
2013.03.05 00:50:52.322,1.0478,1.04804
2013.03.05 00:50:52.510,1.04778,1.04797
2013.03.05 00:50:52.570,1.04778,1.04803
2013.03.05 00:50:52.869,1.04778,1.04803
2013.03.05 00:50:53.420,1.0478,1.04803
2013.03.05 00:50:53.481,1.0478,1.04803
2013.03.05 00:50:53.999,1.04781,1.04804
2013.03.05 00:50:54.830,1.04781,1.04804
2013.03.05 00:50:55.373,1.0478,1.04804
2013.03.05 00:50:56.029,1.04781,1.04804
2013.03.05 00:51:00.609,1.04781,1.04804
2013.03.05 00:51:04.350,1.04782,1.04803
2013.03.05 00:51:04.473,1.0478,1.04801
2013.03.05 00:51:04.543,1.04777,1.04801
2013.03.05 00:51:04.612,1.04777,1.04798
2013.03.05 00:51:04.800,1.04776,1.04799
2013.03.05 00:51:05.449,1.04776,1.04801
2013.03.05 00:51:07.312,1.04775,1.04799
2013.03.05 00:51:07.799,1.04775,1.04798
2013.03.05 00:51:08.750,1.04776,1.04799
2013.03.05 00:51:09.592,1.04778,1.048
2013.03.05 00:51:10.129,1.04778,1.04802
2013.03.05 00:51:16.419,1.04778,1.04801
2013.03.05 00:51:17.739,1.04779,1.04803
2013.03.05 00:51:29.560,1.04779,1.04803
2013.03.05 00:51:30.849,1.04779,1.04802
2013.03.05 00:51:31.159,1.04778,1.04802
2013.03.05 00:51:32.623,1.04779,1.04803
2013.03.05 00:51:40.037,1.04779,1.04803
2013.03.05 00:51:40.339,1.04779,1.04801
2013.03.05 00:51:40.400,1.04777,1.048
2013.03.05 00:51:40.640,1.04777,1.04802
2013.03.05 00:51:42.244,1.04778,1.04803
2013.03.05 00:51:48.499,1.0478,1.04803
2013.03.05 00:51:49.509,1.04778,1.04803
2013.03.05 00:51:50.225,1.04778,1.04803
2013.03.05 00:51:53.049,1.04778,1.04803
2013.03.05 00:51:57.182,1.04779,1.04803
2013.03.05 00:52:00.192,1.04777,1.04802
2013.03.05 00:52:00.750,1.04778,1.04803
2013.03.05 00:52:05.302,1.04781,1.04804
2013.03.05 00:52:10.619,1.04781,1.04804
2013.03.05 00:52:10.704,1.04781,1.048
2013.03.05 00:52:11.221,1.04779,1.048
2013.03.05 00:52:21.818,1.04779,1.04803
2013.03.05 00:52:21.890,1.04779,1.04803
2013.03.05 00:52:24.561,1.0478,1.04804
2013.03.05 00:52:24.979,1.04779,1.04798
2013.03.05 00:52:25.039,1.04774,1.04798
2013.03.05 00:52:25.099,1.04774,1.04796
2013.03.05 00:52:25.219,1.04774,1.04789
2013.03.05 00:52:25.281,1.04773,1.04789
2013.03.05 00:52:25.339,1.0477,1.04794
2013.03.05 00:52:25.400,1.0477,1.04794
2013.03.05 00:52:25.759,1.0477,1.04789
2013.03.05 00:52:35.112,1.04771,1.04789
2013.03.05 00:52:35.939,1.04769,1.04789
2013.03.05 00:52:40.049,1.04765,1.04789
2013.03.05 00:52:40.589,1.04767,1.0479
2013.03.05 00:52:41.430,1.04765,1.04789
2013.03.05 00:52:42.241,1.04765,1.04788
2013.03.05 00:52:42.833,1.04767,1.04789
2013.03.05 00:52:43.459,1.04763,1.04787
2013.03.05 00:52:43.519,1.04762,1.04786
2013.03.05 00:52:43.585,1.04762,1.04786
2013.03.05 00:52:44.103,1.04761,1.04784
2013.03.05 00:52:48.853,1.04763,1.04784
2013.03.05 00:52:49.458,1.04761,1.04784
2013.03.05 00:52:49.673,1.04761,1.04786
2013.03.05 00:52:49.741,1.04761,1.04786
2013.03.05 00:52:49.982,1.04761,1.04784
2013.03.05 00:52:50.765,1.0476,1.04784
2013.03.05 00:52:54.474,1.04761,1.04784
2013.03.05 00:52:54.854,1.04761,1.04784
2013.03.05 00:53:00.889,1.0476,1.04783
2013.03.05 00:53:01.439,1.04762,1.04784
2013.03.05 00:53:02.152,1.04762,1.04787
2013.03.05 00:53:02.501,1.04762,1.04782
2013.03.05 00:53:02.679,1.04762,1.04785
2013.03.05 00:53:02.800,1.04762,1.04787
2013.03.05 00:53:03.354,1.04765,1.04787
2013.03.05 00:53:08.144,1.04764,1.04787
2013.03.05 00:53:08.449,1.04759,1.04783
2013.03.05 00:53:08.509,1.04758,1.04781
2013.03.05 00:53:08.635,1.04758,1.04779
2013.03.05 00:53:08.759,1.04758,1.04779
2013.03.05 00:53:08.819,1.04758,1.04781
2013.03.05 00:53:08.999,1.04757,1.04781
2013.03.05 00:53:09.300,1.04756,1.04779
2013.03.05 00:53:09.360,1.04756,1.04781
2013.03.05 00:53:09.421,1.04756,1.04781
2013.03.05 00:53:09.779,1.0477,1.04788
2013.03.05 00:53:09.961,1.0477,1.04791
2013.03.05 00:53:10.349,1.0477,1.04795
2013.03.05 00:53:10.409,1.0477,1.04795
2013.03.05 00:53:10.589,1.0477,1.04795
2013.03.05 00:53:11.119,1.04778,1.04796
2013.03.05 00:53:11.680,1.04774,1.04797
2013.03.05 00:53:12.135,1.04778,1.04798
2013.03.05 00:53:12.440,1.04779,1.04799
2013.03.05 00:53:13.450,1.04787,1.04809
2013.03.05 00:53:13.510,1.04787,1.0481
2013.03.05 00:53:13.690,1.04788,1.04809
2013.03.05 00:53:14.450,1.04788,1.0481
2013.03.05 00:53:14.509,1.04789,1.04812
2013.03.05 00:53:20.244,1.04792,1.04813
2013.03.05 00:53:25.230,1.04792,1.04814
2013.03.05 00:53:33.301,1.04796,1.04819
2013.03.05 00:53:33.480,1.04799,1.0482
2013.03.05 00:53:34.011,1.04799,1.04822
2013.03.05 00:53:34.069,1.04799,1.04822
2013.03.05 00:53:35.350,1.04802,1.04822
2013.03.05 00:53:35.650,1.04802,1.04823
2013.03.05 00:53:35.710,1.04802,1.04822
2013.03.05 00:53:36.011,1.04799,1.04821
2013.03.05 00:53:36.069,1.04802,1.0482
2013.03.05 00:53:36.131,1.04802,1.04823
2013.03.05 00:53:36.200,1.04802,1.04823
2013.03.05 00:53:36.559,1.04799,1.0482
2013.03.05 00:53:36.619,1.04799,1.04819
2013.03.05 00:53:36.680,1.04799,1.04822
2013.03.05 00:53:37.039,1.04799,1.04819
2013.03.05 00:53:40.340,1.04799,1.04819
2013.03.05 00:53:40.521,1.04796,1.04811
2013.03.05 00:53:41.550,1.04791,1.04814
2013.03.05 00:53:41.690,1.04791,1.04814
2013.03.05 00:53:41.811,1.04795,1.04814
2013.03.05 00:53:48.070,1.04795,1.04818
2013.03.05 00:53:53.159,1.04795,1.04817
2013.03.05 00:53:53.220,1.04794,1.04813
2013.03.05 00:53:53.882,1.04795,1.04813
2013.03.05 00:53:57.869,1.04793,1.04811
2013.03.05 00:53:58.110,1.04788,1.04808
2013.03.05 00:53:58.170,1.04787,1.04807
2013.03.05 00:54:00.141,1.04787,1.04806
2013.03.05 00:54:00.382,1.04788,1.0481
2013.03.05 00:54:02.672,1.04788,1.04805
2013.03.05 00:54:02.740,1.04787,1.04806
2013.03.05 00:54:12.891,1.04783,1.04803
2013.03.05 00:54:14.420,1.04783,1.04806
2013.03.05 00:54:14.659,1.04783,1.04805
2013.03.05 00:54:17.239,1.04788,1.04809
2013.03.05 00:54:17.799,1.04788,1.04809
2013.03.05 00:54:18.011,1.04784,1.04805
2013.03.05 00:54:30.170,1.04786,1.04809
2013.03.05 00:54:30.709,1.04787,1.04809
2013.03.05 00:54:31.549,1.04787,1.04809
2013.03.05 00:54:32.920,1.04787,1.04809
2013.03.05 00:54:33.274,1.04783,1.04806
2013.03.05 00:54:55.800,1.04782,1.04799
2013.03.05 00:54:56.100,1.04774,1.04795
2013.03.05 00:54:56.161,1.04774,1.04795
2013.03.05 00:54:56.280,1.04777,1.04795
2013.03.05 00:54:57.381,1.04779,1.048
2013.03.05 00:54:57.821,1.04779,1.048
2013.03.05 00:54:58.165,1.04785,1.04804
2013.03.05 00:54:58.290,1.04786,1.04807
2013.03.05 00:54:58.349,1.04786,1.04807
2013.03.05 00:54:58.900,1.04777,1.04798
2013.03.05 00:54:59.450,1.04783,1.04798
2013.03.05 00:54:59.960,1.04784,1.04804
2013.03.05 00:55:00.352,1.04784,1.04802
2013.03.05 00:55:00.541,1.04776,1.04794
2013.03.05 00:55:00.963,1.04777,1.04798
2013.03.05 00:55:01.090,1.0478,1.04802
2013.03.05 00:55:01.210,1.04782,1.04803
2013.03.05 00:55:03.181,1.04786,1.04807
2013.03.05 00:55:03.780,1.04786,1.04808
2013.03.05 00:55:04.440,1.04789,1.04808
2013.03.05 00:55:04.501,1.0479,1.04815
2013.03.05 00:55:07.340,1.0479,1.04815
2013.03.05 00:55:07.520,1.04794,1.04816
2013.03.05 00:55:07.884,1.04798,1.04819
2013.03.05 00:55:07.952,1.04798,1.04819
2013.03.05 00:55:10.560,1.04796,1.04818
2013.03.05 00:55:11.411,1.04796,1.04814
2013.03.05 00:55:11.472,1.04795,1.04814
2013.03.05 00:55:14.131,1.04795,1.04814
2013.03.05 00:55:16.839,1.04791,1.04814
2013.03.05 00:55:16.900,1.04789,1.04808
2013.03.05 00:55:18.339,1.04789,1.04807
2013.03.05 00:55:18.460,1.04788,1.04804
2013.03.05 00:55:18.821,1.04784,1.04804
2013.03.05 00:55:19.120,1.0478,1.04799
2013.03.05 00:55:21.120,1.0478,1.04801
2013.03.05 00:55:21.180,1.04782,1.04803
2013.03.05 00:55:21.242,1.04782,1.04803
2013.03.05 00:55:22.990,1.04785,1.04807
2013.03.05 00:55:23.050,1.04786,1.04807
2013.03.05 00:55:23.592,1.04785,1.04804
2013.03.05 00:55:24.751,1.04785,1.04806
2013.03.05 00:55:24.811,1.04786,1.04808
2013.03.05 00:55:25.467,1.04786,1.04808
2013.03.05 00:55:26.309,1.04786,1.04807
2013.03.05 00:55:26.551,1.04785,1.04803
2013.03.05 00:55:26.614,1.04786,1.04807
2013.03.05 00:55:26.682,1.04786,1.04808
2013.03.05 00:55:27.210,1.04786,1.04809
2013.03.05 00:55:28.501,1.04786,1.04809
2013.03.05 00:55:28.620,1.04786,1.04809
2013.03.05 00:55:30.940,1.04789,1.04812
2013.03.05 00:55:31.417,1.04792,1.04812
2013.03.05 00:55:32.191,1.0479,1.04811
2013.03.05 00:55:32.700,1.04789,1.04808
2013.03.05 00:55:33.142,1.04792,1.04812
2013.03.05 00:55:33.206,1.04792,1.04811
2013.03.05 00:55:40.923,1.04792,1.04813
2013.03.05 00:55:41.491,1.04792,1.04813
2013.03.05 00:55:44.549,1.04792,1.04813
2013.03.05 00:55:45.089,1.04792,1.04812
2013.03.05 00:55:45.150,1.0479,1.04812
2013.03.05 00:55:45.390,1.04792,1.04812
2013.03.05 00:55:45.690,1.04793,1.04812
2013.03.05 00:55:47.849,1.04789,1.04811
2013.03.05 00:55:48.218,1.04787,1.04811
2013.03.05 00:55:48.291,1.04786,1.04809
2013.03.05 00:55:48.368,1.04786,1.04809
2013.03.05 00:55:48.850,1.04791,1.04813
2013.03.05 00:55:48.970,1.04791,1.04814
2013.03.05 00:55:49.032,1.04792,1.04814
2013.03.05 00:55:50.441,1.0479,1.04811
2013.03.05 00:55:52.788,1.04792,1.04811
2013.03.05 00:55:52.979,1.04792,1.04813
2013.03.05 00:55:53.282,1.04796,1.04818
2013.03.05 00:55:53.350,1.04798,1.04819
2013.03.05 00:55:53.411,1.04802,1.04821
2013.03.05 00:55:53.651,1.04799,1.04821
2013.03.05 00:55:55.540,1.04796,1.04821
2013.03.05 00:55:55.720,1.04795,1.04816
2013.03.05 00:55:56.249,1.04795,1.04813
2013.03.05 00:55:57.287,1.04795,1.04813
2013.03.05 00:56:02.849,1.04795,1.04813
2013.03.05 00:56:02.910,1.04791,1.04811
2013.03.05 00:56:03.700,1.0479,1.04811
2013.03.05 00:56:03.760,1.04785,1.04807
2013.03.05 00:56:03.819,1.04785,1.04808
2013.03.05 00:56:04.000,1.04786,1.04808
2013.03.05 00:56:26.829,1.04789,1.04814
2013.03.05 00:56:26.892,1.0479,1.04814
2013.03.05 00:56:26.960,1.0479,1.04814
2013.03.05 00:56:36.630,1.04793,1.04816
2013.03.05 00:56:36.754,1.04796,1.04819
2013.03.05 00:56:36.881,1.04796,1.04819
2013.03.05 00:56:53.551,1.04796,1.04819
2013.03.05 00:56:54.183,1.04796,1.04819
2013.03.05 00:56:54.883,1.04796,1.04817
2013.03.05 00:56:57.641,1.04794,1.04816
2013.03.05 00:57:00.870,1.04794,1.04816
2013.03.05 00:57:00.991,1.04792,1.04816
2013.03.05 00:57:01.170,1.04791,1.04813
2013.03.05 00:57:01.230,1.04789,1.04813
2013.03.05 00:57:01.368,1.04789,1.04813
2013.03.05 00:57:01.430,1.04789,1.04813
2013.03.05 00:57:05.047,1.04789,1.04813
2013.03.05 00:57:05.179,1.04789,1.04813
2013.03.05 00:57:11.353,1.04793,1.04815
2013.03.05 00:57:44.618,1.04792,1.04814
2013.03.05 00:57:44.740,1.0479,1.04812
2013.03.05 00:57:45.039,1.04792,1.04813
2013.03.05 00:57:55.419,1.0479,1.04813
2013.03.05 00:57:56.028,1.04791,1.04814
2013.03.05 00:57:56.959,1.04793,1.04814
2013.03.05 00:57:59.927,1.04793,1.04814
2013.03.05 00:58:01.413,1.04793,1.04815
2013.03.05 00:58:01.481,1.04792,1.04813
2013.03.05 00:58:21.379,1.04789,1.04812
2013.03.05 00:58:21.680,1.04787,1.04808
2013.03.05 00:58:27.350,1.04786,1.04808
2013.03.05 00:58:27.469,1.04789,1.04812
2013.03.05 00:58:27.710,1.04789,1.04808
2013.03.05 00:58:30.690,1.0479,1.04813
2013.03.05 00:58:30.750,1.0479,1.04814
2013.03.05 00:58:30.869,1.0479,1.04814
2013.03.05 00:58:38.996,1.0479,1.04812
2013.03.05 00:58:50.680,1.04791,1.04815
2013.03.05 00:58:54.616,1.04791,1.04812
2013.03.05 00:58:54.679,1.04791,1.04813
2013.03.05 00:58:54.859,1.04791,1.04812
2013.03.05 00:58:54.979,1.04791,1.04813
2013.03.05 00:58:55.339,1.04791,1.04811
2013.03.05 00:58:58.399,1.04791,1.04809
2013.03.05 00:58:58.460,1.04791,1.04813
2013.03.05 00:58:58.580,1.04791,1.04811
2013.03.05 00:58:58.896,1.04791,1.04812
2013.03.05 00:58:59.710,1.04791,1.04813
2013.03.05 00:59:01.161,1.04791,1.04814
2013.03.05 00:59:01.282,1.04791,1.04814
2013.03.05 00:59:04.971,1.04791,1.04813
2013.03.05 00:59:05.029,1.04789,1.04812
2013.03.05 00:59:05.410,1.04786,1.04809
2013.03.05 00:59:25.044,1.04786,1.04809
2013.03.05 00:59:25.258,1.04784,1.04809
2013.03.05 00:59:25.619,1.04784,1.04809
2013.03.05 00:59:25.682,1.04784,1.04811
2013.03.05 00:59:26.599,1.04785,1.04809
2013.03.05 00:59:26.779,1.04783,1.04806
2013.03.05 00:59:30.286,1.04783,1.04809
2013.03.05 00:59:31.069,1.04783,1.04809
2013.03.05 00:59:32.814,1.04787,1.04811
2013.03.05 00:59:33.100,1.04787,1.04811
2013.03.05 00:59:33.655,1.04788,1.04811
2013.03.05 00:59:34.879,1.04788,1.04813
2013.03.05 00:59:35.240,1.0479,1.04814
2013.03.05 00:59:40.133,1.04793,1.04813
2013.03.05 00:59:45.066,1.04793,1.04814
2013.03.05 01:00:01.109,1.04793,1.04814
2013.03.05 01:00:01.622,1.04793,1.04817
2013.03.05 01:00:01.819,1.04796,1.04818
2013.03.05 01:00:03.692,1.04798,1.04822
