Time,Bid,Ask
2013.03.04 00:00:00.585,0.86578,0.86598
2013.03.04 00:00:01.140,0.86576,0.86596
2013.03.04 00:00:02.929,0.86574,0.86594
2013.03.04 00:00:03.169,0.86575,0.86594
2013.03.04 00:00:04.498,0.86574,0.86593
2013.03.04 00:00:07.480,0.86573,0.86593
2013.03.04 00:00:07.859,0.86571,0.86591
2013.03.04 00:00:08.392,0.86571,0.86591
2013.03.04 00:00:08.791,0.86571,0.86591
2013.03.04 00:00:10.510,0.8657,0.86591
2013.03.04 00:00:10.890,0.86573,0.86593
2013.03.04 00:00:12.000,0.86573,0.86592
2013.03.04 00:00:14.030,0.8657,0.8659
2013.03.04 00:00:14.416,0.86569,0.86588
2013.03.04 00:00:14.496,0.86569,0.86588
2013.03.04 00:00:18.210,0.86569,0.86588
2013.03.04 00:00:18.758,0.8657,0.86588
2013.03.04 00:00:19.430,0.8657,0.86589
2013.03.04 00:00:19.791,0.86572,0.86592
2013.03.04 00:00:20.040,0.86574,0.86594
2013.03.04 00:00:20.560,0.86574,0.86592
2013.03.04 00:00:20.680,0.86574,0.86592
2013.03.04 00:00:24.619,0.86573,0.86592
2013.03.04 00:00:24.981,0.86571,0.86591
2013.03.04 00:00:25.160,0.8657,0.86589
2013.03.04 00:00:25.233,0.8657,0.86589
2013.03.04 00:00:26.071,0.8657,0.86586
2013.03.04 00:00:27.679,0.86569,0.86588
2013.03.04 00:00:33.000,0.86569,0.86588
2013.03.04 00:00:42.364,0.8657,0.86588
2013.03.04 00:00:46.601,0.86568,0.86588
2013.03.04 00:00:52.376,0.86568,0.86588
2013.03.04 00:00:57.572,0.8657,0.86592
2013.03.04 00:00:57.643,0.86571,0.86592
2013.03.04 00:00:58.021,0.86572,0.86592
2013.03.04 00:00:58.802,0.86572,0.86592
2013.03.04 00:01:00.333,0.86572,0.86592
2013.03.04 00:01:00.881,0.86572,0.86592
2013.03.04 00:01:01.391,0.86572,0.86592
2013.03.04 00:01:01.731,0.86574,0.86595
2013.03.04 00:01:02.172,0.86575,0.86595
2013.03.04 00:01:08.481,0.86577,0.86596
2013.03.04 00:01:09.478,0.86577,0.86596
2013.03.04 00:01:10.873,0.86579,0.86599
2013.03.04 00:01:11.421,0.86579,0.86599
2013.03.04 00:01:11.540,0.86579,0.86599
2013.03.04 00:01:15.901,0.86581,0.86602
2013.03.04 00:01:16.083,0.86583,0.86604
2013.03.04 00:01:16.361,0.86584,0.86602
2013.03.04 00:01:16.671,0.86584,0.86601
2013.03.04 00:01:16.741,0.86584,0.86601
2013.03.04 00:01:19.553,0.86583,0.86601
2013.03.04 00:01:20.336,0.86583,0.86602
2013.03.04 00:01:26.500,0.86583,0.86602
2013.03.04 00:01:26.752,0.86579,0.86599
2013.03.04 00:01:27.231,0.86577,0.86597
2013.03.04 00:01:28.950,0.86576,0.86595
2013.03.04 00:01:29.250,0.86576,0.86595
2013.03.04 00:01:29.610,0.86576,0.86595
2013.03.04 00:01:32.841,0.86576,0.86595
2013.03.04 00:01:33.152,0.86578,0.86598
2013.03.04 00:01:33.221,0.86578,0.86599
2013.03.04 00:01:33.782,0.86578,0.86598
2013.03.04 00:01:34.330,0.86578,0.866
2013.03.04 00:01:36.402,0.86578,0.86598
2013.03.04 00:01:38.621,0.86579,0.86598
2013.03.04 00:01:43.681,0.8658,0.86599
2013.03.04 00:01:43.991,0.8658,0.86598
2013.03.04 00:01:50.652,0.86578,0.86598
2013.03.04 00:01:56.840,0.86578,0.86598
2013.03.04 00:02:00.454,0.86578,0.866
2013.03.04 00:02:01.002,0.86581,0.86601
2013.03.04 00:02:01.071,0.86583,0.86601
2013.03.04 00:02:01.141,0.86581,0.86601
2013.03.04 00:02:01.691,0.86582,0.86602
2013.03.04 00:02:02.362,0.86582,0.866
2013.03.04 00:02:02.432,0.86582,0.866
2013.03.04 00:02:03.001,0.8658,0.86598
2013.03.04 00:02:03.420,0.86578,0.86598
2013.03.04 00:02:04.472,0.8658,0.86599
2013.03.04 00:02:04.601,0.86581,0.86599
2013.03.04 00:02:04.921,0.86581,0.86602
2013.03.04 00:02:05.304,0.86585,0.86602
2013.03.04 00:02:05.811,0.86585,0.866
2013.03.04 00:02:06.362,0.86583,0.86602
2013.03.04 00:02:06.922,0.86585,0.86603
2013.03.04 00:02:07.121,0.86587,0.86603
2013.03.04 00:02:07.430,0.86588,0.86606
2013.03.04 00:02:08.411,0.86588,0.86608
2013.03.04 00:02:08.601,0.86587,0.86607
2013.03.04 00:02:09.103,0.86586,0.86606
2013.03.04 00:02:09.611,0.86586,0.86606
2013.03.04 00:02:12.682,0.86586,0.86604
2013.03.04 00:02:12.812,0.86586,0.86603
2013.03.04 00:02:13.132,0.86581,0.86598
2013.03.04 00:02:13.261,0.86581,0.86598
2013.03.04 00:02:13.571,0.86577,0.86598
2013.03.04 00:02:13.753,0.86578,0.86597
2013.03.04 00:02:23.622,0.86578,0.86599
2013.03.04 00:02:23.813,0.86579,0.86599
2013.03.04 00:02:23.953,0.86579,0.86599
2013.03.04 00:02:24.597,0.86579,0.86597
2013.03.04 00:02:24.664,0.86579,0.86597
2013.03.04 00:02:25.450,0.86578,0.86596
2013.03.04 00:02:26.460,0.86578,0.86597
2013.03.04 00:02:28.172,0.86578,0.86597
2013.03.04 00:02:32.722,0.86578,0.86598
2013.03.04 00:02:33.075,0.86578,0.86598
2013.03.04 00:02:33.437,0.86588,0.86606
2013.03.04 00:02:33.973,0.86588,0.86606
2013.03.04 00:02:34.484,0.86588,0.86608
2013.03.04 00:02:34.671,0.86588,0.86608
2013.03.04 00:02:34.801,0.86588,0.86609
2013.03.04 00:02:35.353,0.86591,0.86609
2013.03.04 00:02:35.733,0.86589,0.86609
2013.03.04 00:02:36.301,0.86588,0.86606
2013.03.04 00:02:36.663,0.86588,0.86604
2013.03.04 00:02:37.031,0.86585,0.86603
2013.03.04 00:02:37.103,0.86584,0.86603
2013.03.04 00:02:37.172,0.86584,0.86603
2013.03.04 00:02:37.730,0.86584,0.866
2013.03.04 00:02:38.270,0.86584,0.86604
2013.03.04 00:02:38.792,0.86585,0.86603
2013.03.04 00:02:39.114,0.86581,0.86602
2013.03.04 00:02:39.661,0.86584,0.86604
2013.03.04 00:02:39.731,0.86584,0.86604
2013.03.04 00:02:40.172,0.86585,0.86606
2013.03.04 00:02:40.241,0.86586,0.86606
2013.03.04 00:02:40.312,0.86587,0.86609
2013.03.04 00:02:41.442,0.86588,0.86607
2013.03.04 00:02:41.512,0.86588,0.86606
2013.03.04 00:02:42.152,0.86589,0.86607
2013.03.04 00:02:42.661,0.86589,0.86609
2013.03.04 00:02:43.822,0.86592,0.86612
2013.03.04 00:02:44.237,0.86594,0.86614
2013.03.04 00:02:44.552,0.86599,0.86614
2013.03.04 00:02:44.935,0.86601,0.86619
2013.03.04 00:02:48.162,0.86599,0.86618
2013.03.04 00:02:48.771,0.86599,0.86618
2013.03.04 00:02:49.960,0.86599,0.86619
2013.03.04 00:02:50.080,0.86599,0.86618
2013.03.04 00:02:50.621,0.86597,0.86615
2013.03.04 00:02:50.690,0.86596,0.86615
2013.03.04 00:02:51.470,0.86595,0.86614
2013.03.04 00:02:51.745,0.86594,0.86612
2013.03.04 00:02:52.293,0.86592,0.86612
2013.03.04 00:02:52.601,0.86593,0.86612
2013.03.04 00:02:52.910,0.86591,0.86609
2013.03.04 00:02:55.360,0.86591,0.86611
2013.03.04 00:02:55.481,0.86591,0.86612
2013.03.04 00:02:55.911,0.86594,0.86613
2013.03.04 00:02:57.441,0.86594,0.86613
2013.03.04 00:02:57.951,0.86594,0.86613
2013.03.04 00:02:58.900,0.86594,0.86614
2013.03.04 00:03:07.801,0.86595,0.86613
2013.03.04 00:03:08.112,0.86595,0.86615
2013.03.04 00:03:08.181,0.86595,0.86613
2013.03.04 00:03:08.445,0.86595,0.86614
2013.03.04 00:03:08.691,0.86595,0.86614
2013.03.04 00:03:18.770,0.86595,0.86614
2013.03.04 00:03:18.950,0.86594,0.86614
2013.03.04 00:03:19.130,0.86594,0.86613
2013.03.04 00:03:19.191,0.86594,0.86612
2013.03.04 00:03:27.140,0.86595,0.86613
2013.03.04 00:03:28.240,0.86594,0.86613
2013.03.04 00:03:32.161,0.86595,0.86613
2013.03.04 00:03:32.461,0.86595,0.86614
2013.03.04 00:03:45.550,0.86596,0.86614
2013.03.04 00:03:46.101,0.86596,0.86614
2013.03.04 00:03:52.401,0.86596,0.86615
2013.03.04 00:03:53.112,0.86596,0.86613
2013.03.04 00:03:55.402,0.86597,0.86615
2013.03.04 00:03:55.592,0.86597,0.86617
2013.03.04 00:03:56.104,0.86599,0.86618
2013.03.04 00:04:00.311,0.866,0.86618
2013.03.04 00:04:00.831,0.866,0.86619
2013.03.04 00:04:00.951,0.866,0.8662
2013.03.04 00:04:03.031,0.86604,0.86623
2013.03.04 00:04:03.563,0.86605,0.86623
2013.03.04 00:04:03.870,0.86606,0.86626
2013.03.04 00:04:04.181,0.86606,0.86625
2013.03.04 00:04:04.791,0.86606,0.86624
2013.03.04 00:04:05.351,0.86606,0.86624
2013.03.04 00:04:15.270,0.86607,0.86625
2013.03.04 00:04:17.009,0.86609,0.86625
2013.03.04 00:04:21.399,0.86609,0.86627
2013.03.04 00:04:23.431,0.86609,0.86627
2013.03.04 00:04:26.723,0.86606,0.86626
2013.03.04 00:04:27.270,0.86606,0.86624
2013.03.04 00:04:31.412,0.86604,0.86624
2013.03.04 00:04:43.501,0.86604,0.86624
2013.03.04 00:04:50.101,0.86603,0.86622
2013.03.04 00:04:59.203,0.86603,0.86621
2013.03.04 00:04:59.512,0.86601,0.86619
2013.03.04 00:04:59.882,0.86599,0.86616
2013.03.04 00:04:59.951,0.86596,0.86615
2013.03.04 00:05:00.513,0.86595,0.86615
2013.03.04 00:05:01.112,0.86596,0.86615
2013.03.04 00:05:01.181,0.86596,0.86615
2013.03.04 00:05:02.631,0.86599,0.86619
2013.03.04 00:05:03.180,0.86599,0.86619
2013.03.04 00:05:03.710,0.86599,0.86619
2013.03.04 00:05:05.852,0.86596,0.86612
2013.03.04 00:05:06.160,0.86595,0.86609
2013.03.04 00:05:06.472,0.86595,0.86609
2013.03.04 00:05:07.550,0.86593,0.86609
2013.03.04 00:05:23.549,0.86591,0.86607
2013.03.04 00:05:56.481,0.86591,0.86607
2013.03.04 00:05:58.013,0.86592,0.86608
2013.03.04 00:05:58.587,0.86597,0.86608
2013.03.04 00:05:58.795,0.86604,0.86614
2013.03.04 00:05:59.008,0.86604,0.86617
2013.03.04 00:05:59.662,0.86604,0.86621
2013.03.04 00:05:59.792,0.86605,0.86623
2013.03.04 00:06:00.583,0.86605,0.86623
2013.03.04 00:06:01.132,0.86605,0.86623
2013.03.04 00:06:01.943,0.86605,0.86623
2013.03.04 00:06:04.443,0.86605,0.86625
2013.03.04 00:06:13.372,0.86605,0.86624
2013.03.04 00:06:16.502,0.86606,0.86624
2013.03.04 00:06:23.092,0.86606,0.86624
2013.03.04 00:06:46.999,0.86602,0.8662
2013.03.04 00:06:47.137,0.86602,0.86619
2013.03.04 00:06:47.415,0.86599,0.86619
2013.03.04 00:06:49.842,0.86596,0.86615
2013.03.04 00:06:50.153,0.86596,0.86613
2013.03.04 00:06:50.400,0.86596,0.86614
2013.03.04 00:06:50.523,0.86595,0.86614
2013.03.04 00:06:52.262,0.86592,0.8661
2013.03.04 00:06:53.252,0.86592,0.86606
2013.03.04 00:06:54.359,0.86596,0.8661
2013.03.04 00:06:55.292,0.86593,0.8661
2013.03.04 00:06:55.362,0.86593,0.8661
2013.03.04 00:06:55.612,0.86593,0.8661
2013.03.04 00:06:56.280,0.86593,0.8661
2013.03.04 00:06:57.248,0.86593,0.86609
2013.03.04 00:07:00.472,0.86593,0.86611
2013.03.04 00:07:03.530,0.86592,0.8661
2013.03.04 00:07:08.611,0.86593,0.86611
2013.03.04 00:07:09.174,0.86591,0.86611
2013.03.04 00:07:11.473,0.86591,0.86607
2013.03.04 00:07:11.602,0.86591,0.86607
2013.03.04 00:07:13.911,0.86589,0.86611
2013.03.04 00:07:14.451,0.86589,0.86611
2013.03.04 00:07:16.826,0.86589,0.86608
2013.03.04 00:07:17.751,0.86589,0.86608
2013.03.04 00:07:19.796,0.86589,0.86611
2013.03.04 00:07:20.299,0.86589,0.86611
2013.03.04 00:07:23.480,0.86593,0.86611
2013.03.04 00:07:25.870,0.86592,0.86611
2013.03.04 00:07:25.930,0.86594,0.86611
2013.03.04 00:07:26.480,0.86591,0.86611
2013.03.04 00:07:39.120,0.86592,0.8661
2013.03.04 00:07:39.969,0.86592,0.8661
2013.03.04 00:07:43.003,0.86592,0.86612
2013.03.04 00:07:43.072,0.86591,0.86611
2013.03.04 00:07:43.730,0.86591,0.86608
2013.03.04 00:07:45.231,0.86591,0.8661
2013.03.04 00:07:46.221,0.86591,0.8661
2013.03.04 00:07:49.291,0.86592,0.8661
2013.03.04 00:07:50.421,0.8659,0.86609
2013.03.04 00:07:56.470,0.8659,0.8661
2013.03.04 00:07:56.950,0.8659,0.86608
2013.03.04 00:07:57.130,0.86589,0.86607
2013.03.04 00:07:57.792,0.86588,0.86606
2013.03.04 00:07:57.980,0.86587,0.86605
2013.03.04 00:08:00.305,0.86586,0.86602
2013.03.04 00:08:06.411,0.86587,0.86601
2013.03.04 00:08:06.843,0.86588,0.86607
2013.03.04 00:08:08.612,0.86591,0.86608
2013.03.04 00:08:08.741,0.86591,0.86608
2013.03.04 00:08:08.991,0.86591,0.86608
2013.03.04 00:08:09.060,0.86591,0.86608
2013.03.04 00:08:09.568,0.86591,0.86613
2013.03.04 00:08:10.589,0.86595,0.86613
2013.03.04 00:08:11.139,0.86595,0.86613
2013.03.04 00:08:11.970,0.86593,0.86611
2013.03.04 00:08:12.031,0.86593,0.86611
2013.03.04 00:08:12.221,0.86591,0.86611
2013.03.04 00:08:12.551,0.86592,0.86611
2013.03.04 00:08:12.622,0.86592,0.86611
2013.03.04 00:08:16.541,0.86594,0.86611
2013.03.04 00:08:17.911,0.86594,0.86612
2013.03.04 00:08:17.982,0.86594,0.86612
2013.03.04 00:08:18.481,0.86592,0.86609
2013.03.04 00:08:19.662,0.86593,0.86609
2013.03.04 00:08:20.360,0.86593,0.86609
2013.03.04 00:08:20.919,0.86591,0.8661
2013.03.04 00:08:23.405,0.86591,0.86611
2013.03.04 00:08:23.830,0.86592,0.86611
2013.03.04 00:08:27.510,0.86592,0.86612
2013.03.04 00:08:29.814,0.86591,0.86611
2013.03.04 00:08:30.120,0.86591,0.86611
2013.03.04 00:08:30.363,0.8659,0.86609
2013.03.04 00:08:30.490,0.86589,0.86608
2013.03.04 00:08:30.922,0.86586,0.86607
2013.03.04 00:08:32.990,0.86588,0.86606
2013.03.04 00:08:33.411,0.86585,0.86607
2013.03.04 00:08:33.661,0.86585,0.86607
2013.03.04 00:08:36.229,0.86585,0.86606
2013.03.04 00:08:36.711,0.86589,0.86606
2013.03.04 00:08:37.241,0.86589,0.86607
2013.03.04 00:08:40.183,0.86589,0.86609
2013.03.04 00:08:40.431,0.86591,0.86611
2013.03.04 00:08:40.984,0.86591,0.86611
2013.03.04 00:08:43.052,0.86592,0.86611
2013.03.04 00:08:43.188,0.86591,0.8661
2013.03.04 00:08:43.260,0.86591,0.8661
2013.03.04 00:08:43.582,0.86588,0.86609
2013.03.04 00:08:43.711,0.86587,0.86608
2013.03.04 00:08:44.643,0.86589,0.86607
2013.03.04 00:08:44.950,0.86587,0.86609
2013.03.04 00:08:45.130,0.86587,0.86607
2013.03.04 00:08:45.960,0.86584,0.86604
2013.03.04 00:08:47.091,0.86585,0.86603
2013.03.04 00:08:47.401,0.86586,0.86605
2013.03.04 00:08:48.450,0.86586,0.86607
2013.03.04 00:08:48.750,0.86588,0.86607
2013.03.04 00:08:48.932,0.86585,0.86606
2013.03.04 00:08:49.262,0.86588,0.86606
2013.03.04 00:08:49.790,0.86585,0.86607
2013.03.04 00:08:49.970,0.86585,0.86606
2013.03.04 00:08:52.691,0.86589,0.86607
2013.03.04 00:08:52.761,0.86589,0.86607
2013.03.04 00:08:53.390,0.86585,0.86606
2013.03.04 00:08:56.431,0.86585,0.86606
2013.03.04 00:08:56.980,0.86587,0.86607
2013.03.04 00:09:01.612,0.86587,0.86606
2013.03.04 00:09:02.130,0.86585,0.86606
2013.03.04 00:09:02.190,0.86585,0.86606
2013.03.04 00:09:03.950,0.86587,0.86605
2013.03.04 00:09:04.131,0.86587,0.86605
2013.03.04 00:09:04.260,0.86587,0.86606
2013.03.04 00:09:07.920,0.86587,0.86605
2013.03.04 00:09:16.690,0.86587,0.86606
2013.03.04 00:09:17.361,0.86587,0.86606
2013.03.04 00:09:20.330,0.86587,0.86604
2013.03.04 00:09:40.189,0.86588,0.86605
2013.03.04 00:09:44.399,0.86588,0.86608
2013.03.04 00:09:44.772,0.86589,0.86608
2013.03.04 00:09:45.309,0.86588,0.86608
2013.03.04 00:09:46.479,0.86587,0.86607
2013.03.04 00:10:00.690,0.86586,0.86605
2013.03.04 00:10:00.931,0.86587,0.86606
2013.03.04 00:10:01.481,0.86586,0.86605
2013.03.04 00:10:12.230,0.86584,0.86604
2013.03.04 00:10:16.010,0.86584,0.86604
2013.03.04 00:10:28.591,0.86588,0.86605
2013.03.04 00:10:28.912,0.86597,0.86609
2013.03.04 00:10:29.471,0.86596,0.86606
2013.03.04 00:10:29.970,0.8659,0.86608
2013.03.04 00:10:30.030,0.86589,0.86608
2013.03.04 00:10:30.091,0.86589,0.86608
2013.03.04 00:10:30.211,0.86589,0.8661
2013.03.04 00:10:38.602,0.86589,0.8661
2013.03.04 00:10:38.911,0.86592,0.86609
2013.03.04 00:10:39.161,0.86593,0.86612
2013.03.04 00:10:41.582,0.86591,0.86611
2013.03.04 00:10:42.810,0.86588,0.86609
2013.03.04 00:10:43.123,0.86587,0.86607
2013.03.04 00:10:43.613,0.86587,0.86605
2013.03.04 00:10:44.048,0.86592,0.86609
2013.03.04 00:10:44.431,0.8659,0.86609
2013.03.04 00:10:44.682,0.86588,0.86608
2013.03.04 00:10:45.341,0.86587,0.86608
2013.03.04 00:10:50.152,0.86586,0.86606
2013.03.04 00:10:50.351,0.86586,0.86606
2013.03.04 00:10:58.155,0.86585,0.86606
2013.03.04 00:11:03.177,0.86585,0.86605
2013.03.04 00:11:04.160,0.86584,0.86605
2013.03.04 00:11:04.530,0.86582,0.86604
2013.03.04 00:11:04.903,0.86582,0.86601
2013.03.04 00:11:06.181,0.86581,0.86601
2013.03.04 00:11:09.180,0.86579,0.866
2013.03.04 00:11:14.487,0.86579,0.866
2013.03.04 00:11:17.141,0.86579,0.86598
2013.03.04 00:11:18.192,0.86578,0.86598
2013.03.04 00:11:18.611,0.86579,0.86598
2013.03.04 00:11:20.600,0.86577,0.86595
2013.03.04 00:11:22.380,0.86578,0.86595
2013.03.04 00:11:26.891,0.86579,0.86596
2013.03.04 00:11:27.072,0.8658,0.86597
2013.03.04 00:11:28.263,0.86581,0.86599
2013.03.04 00:11:32.689,0.86581,0.86599
2013.03.04 00:11:33.052,0.86579,0.86599
2013.03.04 00:11:33.240,0.86579,0.86599
2013.03.04 00:11:58.220,0.86579,0.86599
2013.03.04 00:11:58.652,0.86583,0.86601
2013.03.04 00:11:59.098,0.86583,0.86604
2013.03.04 00:12:05.822,0.86586,0.86605
2013.03.04 00:12:06.369,0.86589,0.86608
2013.03.04 00:12:06.911,0.8659,0.86608
2013.03.04 00:12:07.027,0.8659,0.86608
2013.03.04 00:12:08.031,0.86591,0.86609
2013.03.04 00:12:08.160,0.86591,0.86611
2013.03.04 00:12:08.460,0.86593,0.86612
2013.03.04 00:12:09.010,0.86592,0.86611
2013.03.04 00:12:09.264,0.8659,0.8661
2013.03.04 00:12:09.581,0.86588,0.86608
2013.03.04 00:12:15.882,0.86588,0.86608
2013.03.04 00:12:18.198,0.86587,0.86608
2013.03.04 00:12:20.802,0.86584,0.86604
2013.03.04 00:12:20.930,0.86582,0.86604
2013.03.04 00:12:21.471,0.86583,0.86605
2013.03.04 00:12:21.872,0.86582,0.86604
2013.03.04 00:12:23.571,0.86584,0.86604
2013.03.04 00:12:23.991,0.86584,0.86605
2013.03.04 00:12:24.123,0.86583,0.86605
2013.03.04 00:12:24.553,0.86582,0.86603
2013.03.04 00:12:25.101,0.86581,0.86603
2013.03.04 00:12:27.760,0.86583,0.86602
2013.03.04 00:12:28.441,0.86583,0.86603
2013.03.04 00:12:28.692,0.86583,0.86603
2013.03.04 00:12:29.680,0.86586,0.86603
2013.03.04 00:12:29.981,0.86587,0.86606
2013.03.04 00:12:30.521,0.86587,0.86607
2013.03.04 00:12:31.542,0.86591,0.86607
2013.03.04 00:12:31.612,0.8659,0.86608
2013.03.04 00:12:32.111,0.86588,0.8661
2013.03.04 00:12:32.901,0.86586,0.86606
2013.03.04 00:12:35.111,0.86586,0.86606
2013.03.04 00:12:37.111,0.86586,0.86607
2013.03.04 00:12:37.421,0.86588,0.86608
2013.03.04 00:12:37.933,0.86588,0.86608
2013.03.04 00:12:39.231,0.86591,0.86609
2013.03.04 00:12:39.671,0.86593,0.86612
2013.03.04 00:12:40.232,0.86592,0.86614
2013.03.04 00:12:40.779,0.86594,0.86614
2013.03.04 00:12:45.570,0.86594,0.86615
2013.03.04 00:12:57.717,0.86597,0.86615
2013.03.04 00:13:17.390,0.86598,0.86615
2013.03.04 00:13:18.951,0.86596,0.86613
2013.03.04 00:13:19.460,0.86594,0.8661
2013.03.04 00:13:19.770,0.86593,0.8661
2013.03.04 00:13:21.162,0.86592,0.8661
2013.03.04 00:13:37.449,0.86592,0.8661
2013.03.04 00:13:37.575,0.86592,0.8661
2013.03.04 00:13:44.162,0.86591,0.86607
2013.03.04 00:13:44.232,0.86589,0.86607
2013.03.04 00:13:44.756,0.86589,0.86607
2013.03.04 00:13:47.282,0.86588,0.86605
2013.03.04 00:13:47.591,0.86585,0.86604
2013.03.04 00:14:08.211,0.86585,0.86603
2013.03.04 00:14:14.590,0.86585,0.86603
2013.03.04 00:14:18.801,0.86588,0.86605
2013.03.04 00:14:19.901,0.8659,0.86605
2013.03.04 00:14:19.961,0.86592,0.86609
2013.03.04 00:14:20.392,0.86593,0.86612
2013.03.04 00:14:20.701,0.86596,0.86613
2013.03.04 00:14:21.249,0.86596,0.86613
2013.03.04 00:14:22.466,0.86596,0.86614
2013.03.04 00:14:23.012,0.86598,0.86616
2013.03.04 00:14:23.081,0.866,0.86618
2013.03.04 00:14:23.642,0.866,0.86618
2013.03.04 00:14:24.201,0.866,0.86618
2013.03.04 00:14:29.761,0.86602,0.8662
2013.03.04 00:14:30.263,0.86602,0.8662
2013.03.04 00:14:45.491,0.86601,0.8662
2013.03.04 00:14:46.031,0.86601,0.8662
2013.03.04 00:14:46.690,0.86601,0.8662
2013.03.04 00:14:47.191,0.86601,0.8662
2013.03.04 00:14:47.715,0.86601,0.8662
2013.03.04 00:14:48.451,0.86601,0.8662
2013.03.04 00:14:49.001,0.86601,0.8662
2013.03.04 00:14:49.700,0.86601,0.8662
2013.03.04 00:14:51.379,0.86601,0.8662
2013.03.04 00:14:52.200,0.86601,0.8662
2013.03.04 00:14:52.720,0.86604,0.8662
2013.03.04 00:14:52.961,0.86602,0.8662
2013.03.04 00:15:01.411,0.86603,0.86619
2013.03.04 00:15:13.641,0.86605,0.86619
2013.03.04 00:15:14.140,0.86605,0.8662
2013.03.04 00:15:14.320,0.86605,0.8662
2013.03.04 00:15:14.407,0.86605,0.8662
2013.03.04 00:15:14.873,0.86604,0.8662
2013.03.04 00:15:16.500,0.86605,0.86619
2013.03.04 00:15:16.860,0.86605,0.86619
2013.03.04 00:15:17.161,0.86605,0.86622
2013.03.04 00:15:17.341,0.86608,0.86623
2013.03.04 00:15:17.401,0.86608,0.86623
2013.03.04 00:15:17.702,0.86606,0.86623
2013.03.04 00:15:17.771,0.86606,0.86622
2013.03.04 00:15:17.961,0.86603,0.86619
2013.03.04 00:15:18.302,0.866,0.86617
2013.03.04 00:15:18.432,0.86601,0.86618
2013.03.04 00:15:18.757,0.86602,0.86618
2013.03.04 00:15:19.363,0.86606,0.86621
2013.03.04 00:15:50.461,0.86606,0.86621
2013.03.04 00:16:01.411,0.86603,0.86621
2013.03.04 00:16:01.721,0.86602,0.86619
2013.03.04 00:16:01.854,0.866,0.86618
2013.03.04 00:16:01.923,0.866,0.86616
2013.03.04 00:16:02.470,0.86598,0.86614
2013.03.04 00:16:05.332,0.86599,0.86615
2013.03.04 00:16:05.462,0.866,0.86615
2013.03.04 00:16:11.360,0.866,0.86616
2013.03.04 00:16:11.421,0.86602,0.86616
2013.03.04 00:16:11.971,0.86599,0.86616
2013.03.04 00:16:12.042,0.86599,0.86616
2013.03.04 00:16:18.922,0.86598,0.86616
2013.03.04 00:17:30.291,0.866,0.86617
2013.03.04 00:17:45.471,0.866,0.86616
2013.03.04 00:17:45.773,0.86593,0.86612
2013.03.04 00:17:46.023,0.86593,0.86611
2013.03.04 00:17:46.273,0.86591,0.86608
2013.03.04 00:17:46.761,0.86591,0.86608
2013.03.04 00:17:46.951,0.8659,0.86608
2013.03.04 00:17:54.242,0.86591,0.86608
2013.03.04 00:17:54.550,0.86593,0.86608
2013.03.04 00:17:55.061,0.86592,0.86608
2013.03.04 00:18:24.911,0.8659,0.86608
2013.03.04 00:18:24.982,0.86593,0.86609
2013.03.04 00:18:34.561,0.86593,0.86609
2013.03.04 00:18:34.860,0.86595,0.86609
2013.03.04 00:18:35.223,0.86597,0.86613
2013.03.04 00:18:35.291,0.86598,0.86613
2013.03.04 00:18:35.480,0.86598,0.86612
2013.03.04 00:18:36.040,0.866,0.86614
2013.03.04 00:18:36.610,0.86598,0.86612
2013.03.04 00:19:06.502,0.866,0.86614
2013.03.04 00:19:06.630,0.866,0.86614
2013.03.04 00:19:07.140,0.866,0.86614
2013.03.04 00:19:21.982,0.86601,0.86616
2013.03.04 00:19:33.941,0.86603,0.86619
2013.03.04 00:19:34.120,0.86603,0.86617
2013.03.04 00:19:34.430,0.86603,0.86619
2013.03.04 00:19:34.741,0.866,0.86618
2013.03.04 00:19:34.871,0.86602,0.86619
2013.03.04 00:19:34.930,0.86602,0.86619
2013.03.04 00:19:35.231,0.866,0.86618
2013.03.04 00:19:35.350,0.86602,0.86619
2013.03.04 00:19:35.660,0.86603,0.86617
2013.03.04 00:19:35.980,0.86602,0.86619
2013.03.04 00:19:36.222,0.86602,0.86619
2013.03.04 00:19:36.532,0.86603,0.86621
2013.03.04 00:19:36.651,0.86603,0.86621
2013.03.04 00:19:37.221,0.86603,0.86621
2013.03.04 00:19:37.701,0.86607,0.86623
2013.03.04 00:19:37.891,0.86608,0.86624
2013.03.04 00:19:38.310,0.86608,0.86625
2013.03.04 00:19:58.379,0.86608,0.86626
2013.03.04 00:20:00.273,0.86608,0.86627
2013.03.04 00:20:00.402,0.86608,0.86627
2013.03.04 00:20:00.662,0.86615,0.86629
2013.03.04 00:20:00.731,0.86615,0.86631
2013.03.04 00:20:08.671,0.86615,0.86631
2013.03.04 00:20:32.250,0.86615,0.86631
2013.03.04 00:20:32.881,0.86615,0.86631
2013.03.04 00:20:37.241,0.86615,0.86631
2013.03.04 00:20:38.061,0.86615,0.86631
2013.03.04 00:20:39.351,0.86615,0.86631
2013.03.04 00:20:41.184,0.86615,0.86631
2013.03.04 00:20:42.211,0.86615,0.86631
2013.03.04 00:20:42.811,0.86615,0.86631
2013.03.04 00:20:50.893,0.86613,0.86631
2013.03.04 00:20:51.213,0.86611,0.86628
2013.03.04 00:20:51.281,0.86611,0.86628
2013.03.04 00:20:51.705,0.8661,0.86626
2013.03.04 00:20:52.687,0.86607,0.86623
2013.03.04 00:20:58.751,0.86608,0.86625
2013.03.04 00:21:11.572,0.86607,0.86625
2013.03.04 00:21:12.124,0.86603,0.86621
2013.03.04 00:21:12.443,0.86601,0.86618
2013.03.04 00:21:12.572,0.86601,0.86616
2013.03.04 00:21:13.123,0.866,0.86615
2013.03.04 00:21:20.692,0.86597,0.86614
2013.03.04 00:21:21.695,0.86598,0.86614
2013.03.04 00:21:25.491,0.86597,0.86615
2013.03.04 00:21:26.032,0.86597,0.86615
2013.03.04 00:21:27.311,0.86597,0.86615
2013.03.04 00:21:31.474,0.86596,0.86611
2013.03.04 00:21:31.544,0.86596,0.86613
2013.03.04 00:21:32.044,0.86592,0.86609
2013.03.04 00:21:32.232,0.8659,0.86608
2013.03.04 00:21:33.772,0.86588,0.86606
2013.03.04 00:21:34.331,0.86587,0.86605
2013.03.04 00:21:34.631,0.86586,0.86605
2013.03.04 00:21:34.931,0.86587,0.86605
2013.03.04 00:21:34.993,0.86587,0.86605
2013.03.04 00:21:35.495,0.86587,0.86605
2013.03.04 00:21:36.933,0.86587,0.86605
2013.03.04 00:21:49.213,0.86586,0.86604
2013.03.04 00:21:51.393,0.86585,0.86603
2013.03.04 00:22:07.621,0.86586,0.86603
2013.03.04 00:22:07.923,0.86586,0.86605
2013.03.04 00:22:08.172,0.86589,0.86606
2013.03.04 00:22:10.384,0.86588,0.86606
2013.03.04 00:22:12.601,0.86586,0.86605
2013.03.04 00:22:13.314,0.86586,0.86604
2013.03.04 00:22:13.443,0.86584,0.86601
2013.03.04 00:22:13.571,0.86582,0.86601
2013.03.04 00:22:27.262,0.86584,0.866
2013.03.04 00:22:27.382,0.86585,0.866
2013.03.04 00:22:27.511,0.86585,0.866
2013.03.04 00:22:30.122,0.86583,0.866
2013.03.04 00:22:30.432,0.86581,0.86598
2013.03.04 00:22:30.491,0.8658,0.86597
2013.03.04 00:22:30.673,0.86578,0.86595
2013.03.04 00:22:31.233,0.86577,0.86595
2013.03.04 00:22:39.902,0.86575,0.86594
2013.03.04 00:22:40.461,0.86575,0.86593
2013.03.04 00:22:55.299,0.86576,0.86593
2013.03.04 00:22:57.881,0.86576,0.86592
2013.03.04 00:22:58.871,0.86575,0.86592
2013.03.04 00:22:59.231,0.86575,0.86591
2013.03.04 00:23:02.162,0.86575,0.86591
2013.03.04 00:23:02.293,0.86573,0.8659
2013.03.04 00:23:02.604,0.8657,0.86588
2013.03.04 00:23:02.733,0.8657,0.86587
2013.03.04 00:23:02.803,0.86568,0.86584
2013.03.04 00:23:02.932,0.86565,0.8658
2013.03.04 00:23:03.182,0.86563,0.8658
2013.03.04 00:23:03.253,0.86561,0.86578
2013.03.04 00:23:03.582,0.86561,0.86577
2013.03.04 00:23:03.772,0.86561,0.86577
2013.03.04 00:23:04.333,0.8656,0.86577
2013.03.04 00:23:06.295,0.8656,0.86577
2013.03.04 00:23:06.423,0.8656,0.86577
2013.03.04 00:23:14.762,0.8656,0.86578
2013.03.04 00:23:15.017,0.86562,0.8658
2013.03.04 00:23:15.096,0.86564,0.86583
2013.03.04 00:23:15.379,0.86566,0.86584
2013.03.04 00:23:16.790,0.86566,0.86585
2013.03.04 00:23:27.342,0.86566,0.86581
2013.03.04 00:23:27.653,0.86558,0.86577
2013.03.04 00:23:27.722,0.86558,0.86575
2013.03.04 00:23:28.152,0.86557,0.86574
2013.03.04 00:23:30.481,0.86556,0.86574
2013.03.04 00:23:37.971,0.86556,0.86574
2013.03.04 00:23:39.182,0.86555,0.86572
2013.03.04 00:23:39.674,0.86553,0.8657
2013.03.04 00:23:39.983,0.86555,0.86569
2013.03.04 00:23:40.411,0.86554,0.86571
2013.03.04 00:23:41.227,0.86554,0.86571
2013.03.04 00:23:41.732,0.86552,0.86571
2013.03.04 00:23:42.350,0.86555,0.86571
2013.03.04 00:23:42.862,0.86554,0.86571
2013.03.04 00:23:43.172,0.86553,0.8657
2013.03.04 00:23:43.432,0.86554,0.86571
2013.03.04 00:23:43.501,0.86554,0.86571
2013.03.04 00:23:43.752,0.86552,0.86571
2013.03.04 00:23:44.302,0.86553,0.8657
2013.03.04 00:23:44.372,0.86554,0.86571
2013.03.04 00:23:44.621,0.86553,0.8657
2013.03.04 00:23:44.811,0.86554,0.86571
2013.03.04 00:23:45.361,0.86554,0.86571
2013.03.04 00:23:45.911,0.86554,0.8657
2013.03.04 00:23:46.161,0.86553,0.8657
2013.03.04 00:23:46.368,0.86554,0.8657
2013.03.04 00:23:46.492,0.86554,0.8657
2013.03.04 00:23:46.742,0.86556,0.86573
2013.03.04 00:23:46.936,0.86563,0.86576
2013.03.04 00:23:47.072,0.86566,0.86579
2013.03.04 00:23:47.491,0.86566,0.86581
2013.03.04 00:23:47.612,0.86566,0.86581
2013.03.04 00:23:48.152,0.86568,0.86582
2013.03.04 00:23:48.221,0.86567,0.86583
2013.03.04 00:23:48.591,0.86567,0.86585
2013.03.04 00:23:54.312,0.86567,0.86585
2013.03.04 00:23:54.863,0.86567,0.86583
2013.03.04 00:23:55.223,0.86567,0.86583
2013.03.04 00:23:55.480,0.86567,0.86583
2013.03.04 00:23:55.852,0.86567,0.86578
2013.03.04 00:23:56.392,0.86563,0.86578
2013.03.04 00:23:56.753,0.86565,0.86578
2013.03.04 00:23:59.683,0.86567,0.86579
2013.03.04 00:24:05.131,0.86567,0.86581
2013.03.04 00:24:07.401,0.86567,0.86581
2013.03.04 00:24:09.563,0.86567,0.86581
2013.03.04 00:24:09.632,0.86566,0.86581
2013.03.04 00:24:09.932,0.86566,0.86579
2013.03.04 00:24:14.561,0.86566,0.86578
2013.03.04 00:24:14.871,0.86566,0.86579
2013.03.04 00:24:26.911,0.86565,0.86579
2013.03.04 00:24:27.251,0.86565,0.86577
2013.03.04 00:24:33.742,0.86567,0.86579
2013.03.04 00:24:45.142,0.86569,0.86583
2013.03.04 00:24:45.323,0.86567,0.86583
2013.03.04 00:24:45.572,0.86567,0.86583
2013.03.04 00:24:45.704,0.86568,0.86587
2013.03.04 00:24:45.772,0.86572,0.86587
2013.03.04 00:24:45.901,0.86569,0.86587
2013.03.04 00:24:46.084,0.86569,0.86585
2013.03.04 00:24:46.662,0.86568,0.86585
2013.03.04 00:24:47.210,0.86568,0.86587
2013.03.04 00:24:52.122,0.86568,0.86585
2013.03.04 00:24:52.194,0.86568,0.86583
2013.03.04 00:24:52.502,0.86567,0.86583
2013.03.04 00:24:53.072,0.86567,0.86582
2013.03.04 00:24:57.292,0.86567,0.86582
2013.03.04 00:24:59.311,0.86567,0.86582
2013.03.04 00:24:59.851,0.86567,0.86585
2013.03.04 00:25:01.221,0.86568,0.86585
2013.03.04 00:25:04.274,0.86568,0.86585
2013.03.04 00:25:06.741,0.86568,0.86585
2013.03.04 00:25:07.391,0.86568,0.86585
2013.03.04 00:25:13.184,0.86568,0.86583
2013.03.04 00:25:13.436,0.86568,0.86582
2013.03.04 00:25:13.562,0.86567,0.86581
2013.03.04 00:25:13.694,0.86565,0.86579
2013.03.04 00:25:13.822,0.86565,0.86578
2013.03.04 00:25:14.362,0.86565,0.86579
2013.03.04 00:25:15.281,0.86565,0.86579
2013.03.04 00:25:15.583,0.86564,0.86579
2013.03.04 00:25:15.651,0.86564,0.86582
2013.03.04 00:25:16.610,0.86567,0.86582
2013.03.04 00:25:19.930,0.86567,0.86582
2013.03.04 00:25:24.902,0.86568,0.86587
2013.03.04 00:25:24.973,0.86568,0.86587
2013.03.04 00:25:25.281,0.86568,0.86587
2013.03.04 00:25:25.462,0.86568,0.86586
2013.03.04 00:25:26.011,0.86568,0.86586
2013.03.04 00:25:26.431,0.86568,0.86585
2013.03.04 00:25:31.822,0.86568,0.86582
2013.03.04 00:25:32.331,0.86568,0.86582
2013.03.04 00:26:01.670,0.86566,0.86582
2013.03.04 00:26:02.210,0.86566,0.86582
2013.03.04 00:26:02.935,0.86566,0.86583
2013.03.04 00:26:03.492,0.86568,0.86582
2013.03.04 00:26:04.032,0.86566,0.86584
2013.03.04 00:26:04.223,0.86566,0.86582
2013.03.04 00:26:04.771,0.86566,0.86582
2013.03.04 00:26:18.131,0.86566,0.86583
2013.03.04 00:26:22.091,0.86566,0.86583
2013.03.04 00:26:23.222,0.86567,0.86583
2013.03.04 00:26:31.688,0.86567,0.86583
2013.03.04 00:26:33.611,0.86567,0.86584
2013.03.04 00:26:38.141,0.86567,0.86584
2013.03.04 00:27:05.441,0.86568,0.86586
2013.03.04 00:27:31.882,0.86568,0.86587
2013.03.04 00:27:32.662,0.86573,0.86589
2013.03.04 00:27:32.723,0.86573,0.86589
2013.03.04 00:27:32.852,0.86573,0.8659
2013.03.04 00:27:32.971,0.86573,0.8659
2013.03.04 00:27:50.491,0.86573,0.86591
2013.03.04 00:27:53.371,0.86573,0.86592
2013.03.04 00:28:05.162,0.86572,0.86592
2013.03.04 00:28:20.961,0.86573,0.86592
2013.03.04 00:28:21.443,0.86574,0.86592
2013.03.04 00:28:21.655,0.86577,0.86595
2013.03.04 00:28:21.863,0.86578,0.86596
2013.03.04 00:28:27.722,0.86579,0.86597
2013.03.04 00:28:31.811,0.86579,0.86598
2013.03.04 00:28:36.937,0.86579,0.86598
2013.03.04 00:28:54.896,0.86578,0.86597
2013.03.04 00:28:54.962,0.86582,0.86598
2013.03.04 00:28:55.263,0.86586,0.86601
2013.03.04 00:28:55.822,0.86586,0.86602
2013.03.04 00:29:00.962,0.86586,0.86602
2013.03.04 00:29:26.953,0.86585,0.86603
2013.03.04 00:29:27.284,0.86586,0.86601
2013.03.04 00:29:27.844,0.86586,0.86599
2013.03.04 00:29:28.581,0.86586,0.86599
2013.03.04 00:29:47.902,0.86586,0.86599
2013.03.04 00:29:48.212,0.86585,0.86601
2013.03.04 00:29:49.991,0.86585,0.86602
2013.03.04 00:29:50.052,0.86585,0.86602
2013.03.04 00:29:50.171,0.86585,0.86602
2013.03.04 00:29:50.292,0.86585,0.86602
2013.03.04 00:29:53.882,0.86587,0.86602
2013.03.04 00:29:54.002,0.86587,0.86602
2013.03.04 00:30:02.341,0.86586,0.86602
2013.03.04 00:30:05.262,0.86586,0.86602
2013.03.04 00:30:05.933,0.86586,0.86601
2013.03.04 00:30:07.702,0.86587,0.86603
2013.03.04 00:30:07.942,0.86587,0.86604
2013.03.04 00:30:08.493,0.86587,0.86605
2013.03.04 00:30:08.804,0.86587,0.86602
2013.03.04 00:30:09.124,0.86585,0.86602
2013.03.04 00:30:09.682,0.86585,0.86602
2013.03.04 00:30:11.054,0.86584,0.86603
2013.03.04 00:30:11.184,0.86586,0.86604
2013.03.04 00:30:11.733,0.86586,0.86606
2013.03.04 00:30:29.543,0.86586,0.86604
2013.03.04 00:30:30.105,0.86586,0.86601
2013.03.04 00:30:30.874,0.86586,0.86601
2013.03.04 00:30:34.825,0.86586,0.86602
2013.03.04 00:30:35.133,0.86585,0.86601
2013.03.04 00:30:38.663,0.86582,0.86598
2013.03.04 00:30:38.792,0.86581,0.86598
2013.03.04 00:30:38.861,0.8658,0.86598
2013.03.04 00:30:39.465,0.86578,0.86598
2013.03.04 00:30:39.773,0.86578,0.86598
2013.03.04 00:30:40.022,0.86578,0.86598
2013.03.04 00:30:40.383,0.86582,0.86601
2013.03.04 00:30:42.978,0.86582,0.86601
2013.03.04 00:30:43.483,0.86582,0.86601
2013.03.04 00:30:48.522,0.86581,0.86601
2013.03.04 00:30:49.073,0.86581,0.86601
2013.03.04 00:30:49.433,0.86579,0.86597
2013.03.04 00:30:49.563,0.86579,0.86597
2013.03.04 00:30:49.692,0.86579,0.86596
2013.03.04 00:30:50.242,0.86576,0.86594
2013.03.04 00:30:51.073,0.86576,0.86594
2013.03.04 00:30:52.203,0.86576,0.86594
2013.03.04 00:30:57.089,0.86576,0.86594
2013.03.04 00:30:59.415,0.86576,0.86594
2013.03.04 00:30:59.797,0.86578,0.86596
2013.03.04 00:30:59.865,0.86579,0.86596
2013.03.04 00:31:00.253,0.8658,0.86596
2013.03.04 00:31:01.014,0.86581,0.86599
2013.03.04 00:31:05.392,0.86581,0.86599
2013.03.04 00:31:06.754,0.86578,0.86598
2013.03.04 00:31:06.944,0.86579,0.86598
2013.03.04 00:31:07.194,0.86578,0.86597
2013.03.04 00:31:07.704,0.86577,0.86597
2013.03.04 00:31:10.628,0.86577,0.86597
2013.03.04 00:31:15.218,0.86581,0.86598
2013.03.04 00:31:15.290,0.8658,0.86599
2013.03.04 00:31:15.657,0.86582,0.86599
2013.03.04 00:31:15.796,0.86582,0.86599
2013.03.04 00:31:21.142,0.8658,0.86599
2013.03.04 00:31:26.192,0.86587,0.86601
2013.03.04 00:31:26.311,0.86587,0.86602
2013.03.04 00:31:39.442,0.86587,0.86604
2013.03.04 00:31:40.502,0.86586,0.866
2013.03.04 00:31:41.253,0.86586,0.86598
2013.03.04 00:31:41.327,0.86586,0.86598
2013.03.04 00:31:41.986,0.86586,0.86599
2013.03.04 00:31:42.503,0.86586,0.86597
2013.03.04 00:31:48.713,0.86586,0.86597
2013.03.04 00:31:48.783,0.86586,0.86601
2013.03.04 00:31:49.153,0.86583,0.86602
2013.03.04 00:31:49.224,0.86583,0.86602
2013.03.04 00:31:49.775,0.86582,0.866
2013.03.04 00:31:49.916,0.86581,0.866
2013.03.04 00:31:50.422,0.86578,0.86597
2013.03.04 00:31:50.723,0.86576,0.86596
2013.03.04 00:31:52.150,0.86578,0.86596
2013.03.04 00:31:52.305,0.86578,0.86596
2013.03.04 00:31:52.713,0.86579,0.86598
2013.03.04 00:31:53.354,0.8658,0.86599
2013.03.04 00:31:53.483,0.86583,0.866
2013.03.04 00:31:53.552,0.86583,0.86602
2013.03.04 00:31:53.986,0.86585,0.86605
2013.03.04 00:31:54.174,0.86587,0.86605
2013.03.04 00:31:54.483,0.86589,0.86606
2013.03.04 00:31:55.034,0.8659,0.86609
2013.03.04 00:31:55.915,0.86589,0.86606
2013.03.04 00:31:56.226,0.86588,0.86604
2013.03.04 00:31:59.602,0.86586,0.86604
2013.03.04 00:31:59.663,0.86585,0.86604
2013.03.04 00:32:02.525,0.86585,0.86605
2013.03.04 00:32:08.983,0.86587,0.86605
2013.03.04 00:32:09.048,0.86587,0.86605
2013.03.04 00:32:12.913,0.86587,0.86605
2013.03.04 00:32:13.844,0.86587,0.86605
2013.03.04 00:32:14.152,0.86583,0.86603
2013.03.04 00:32:14.214,0.86583,0.86603
2013.03.04 00:32:14.402,0.86583,0.86603
2013.03.04 00:32:14.642,0.86583,0.86603
2013.03.04 00:32:15.220,0.86583,0.86603
2013.03.04 00:32:15.291,0.86583,0.86603
2013.03.04 00:32:15.414,0.86583,0.86603
2013.03.04 00:32:15.722,0.86583,0.86603
2013.03.04 00:32:15.982,0.86583,0.86603
2013.03.04 00:32:16.282,0.86583,0.86603
2013.03.04 00:32:16.369,0.86583,0.86603
2013.03.04 00:32:16.732,0.86583,0.86602
2013.03.04 00:32:16.973,0.86583,0.86602
2013.03.04 00:32:17.188,0.86583,0.86602
2013.03.04 00:32:17.373,0.86583,0.86602
2013.03.04 00:32:17.742,0.86583,0.86602
2013.03.04 00:32:17.921,0.86583,0.86602
2013.03.04 00:32:18.163,0.86583,0.86602
2013.03.04 00:32:18.466,0.86583,0.86602
2013.03.04 00:32:18.712,0.86583,0.86602
2013.03.04 00:32:18.952,0.86583,0.86602
2013.03.04 00:32:19.372,0.86583,0.86602
2013.03.04 00:32:19.491,0.86583,0.86602
2013.03.04 00:32:19.672,0.86583,0.86602
2013.03.04 00:32:19.922,0.86583,0.86602
2013.03.04 00:32:20.163,0.86583,0.86602
2013.03.04 00:32:20.481,0.86583,0.86602
2013.03.04 00:32:20.662,0.86583,0.86602
2013.03.04 00:32:20.903,0.86583,0.86602
2013.03.04 00:32:21.165,0.86583,0.86602
2013.03.04 00:32:21.472,0.86583,0.86602
2013.03.04 00:32:21.652,0.86583,0.86602
2013.03.04 00:32:21.902,0.86583,0.86602
2013.03.04 00:32:22.202,0.86583,0.86602
2013.03.04 00:32:29.852,0.86581,0.86602
2013.03.04 00:32:30.273,0.8658,0.866
2013.03.04 00:32:31.014,0.8658,0.866
2013.03.04 00:32:51.623,0.86578,0.86597
2013.03.04 00:32:51.694,0.86578,0.86596
2013.03.04 00:32:51.824,0.86578,0.86596
2013.03.04 00:32:52.025,0.86578,0.86596
2013.03.04 00:32:52.465,0.86577,0.86594
2013.03.04 00:32:52.713,0.86577,0.86596
2013.03.04 00:32:53.262,0.86577,0.86596
2013.03.04 00:32:55.963,0.86577,0.86594
2013.03.04 00:32:57.214,0.86577,0.86594
2013.03.04 00:32:57.741,0.86577,0.86594
2013.03.04 00:32:58.502,0.86577,0.86594
2013.03.04 00:33:06.894,0.86577,0.86596
2013.03.04 00:33:06.963,0.86578,0.86596
2013.03.04 00:33:07.465,0.86579,0.86597
2013.03.04 00:33:08.004,0.86579,0.86597
2013.03.04 00:33:08.504,0.86579,0.86596
2013.03.04 00:33:08.829,0.86577,0.86594
2013.03.04 00:33:09.164,0.86573,0.86593
2013.03.04 00:33:23.394,0.86574,0.86592
2013.03.04 00:33:23.523,0.86574,0.86592
2013.03.04 00:33:26.492,0.86573,0.86591
2013.03.04 00:33:26.732,0.86573,0.86591
2013.03.04 00:33:53.834,0.86572,0.86591
2013.03.04 00:33:54.384,0.86574,0.86592
2013.03.04 00:33:54.632,0.86575,0.86593
2013.03.04 00:33:56.153,0.86574,0.86594
2013.03.04 00:33:56.600,0.86574,0.86594
2013.03.04 00:33:57.142,0.86574,0.86593
2013.03.04 00:33:58.878,0.86574,0.86593
2013.03.04 00:33:59.003,0.86574,0.86593
2013.03.04 00:34:00.422,0.86575,0.86594
2013.03.04 00:34:00.662,0.86575,0.86594
2013.03.04 00:34:04.532,0.86572,0.86592
2013.03.04 00:34:04.593,0.86571,0.86591
2013.03.04 00:34:05.362,0.8657,0.86591
2013.03.04 00:34:14.575,0.8657,0.86588
2013.03.04 00:34:15.098,0.86568,0.86586
2013.03.04 00:34:15.424,0.86566,0.86584
2013.03.04 00:34:15.553,0.86566,0.86582
2013.03.04 00:34:15.622,0.86565,0.86582
2013.03.04 00:34:23.654,0.86566,0.86584
2013.03.04 00:34:28.605,0.86564,0.86583
2013.03.04 00:34:29.213,0.86564,0.86583
2013.03.04 00:34:29.383,0.86564,0.86583
2013.03.04 00:34:29.622,0.86564,0.86583
2013.03.04 00:34:45.993,0.86565,0.86583
2013.03.04 00:34:46.244,0.86566,0.86585
2013.03.04 00:34:46.493,0.86568,0.86585
2013.03.04 00:34:46.564,0.86568,0.86585
2013.03.04 00:34:50.652,0.86568,0.86588
2013.03.04 00:34:56.993,0.86568,0.86588
2013.03.04 00:35:00.342,0.86568,0.86588
2013.03.04 00:35:02.703,0.86569,0.86588
2013.03.04 00:35:03.263,0.86573,0.8659
2013.03.04 00:35:04.574,0.86571,0.8659
2013.03.04 00:35:13.724,0.86572,0.86589
2013.03.04 00:35:13.852,0.86572,0.86589
2013.03.04 00:35:18.941,0.86572,0.86589
2013.03.04 00:35:19.722,0.86572,0.86589
2013.03.04 00:35:19.902,0.86571,0.86589
2013.03.04 00:35:20.835,0.8657,0.8659
2013.03.04 00:35:21.023,0.86572,0.86591
2013.03.04 00:35:21.572,0.86572,0.86591
2013.03.04 00:35:25.833,0.86573,0.86591
2013.03.04 00:35:26.091,0.86572,0.86591
2013.03.04 00:35:29.825,0.86572,0.86591
2013.03.04 00:35:30.015,0.86573,0.86591
2013.03.04 00:35:30.263,0.86575,0.86591
2013.03.04 00:35:30.684,0.86575,0.86595
2013.03.04 00:35:31.233,0.86579,0.86597
2013.03.04 00:35:31.739,0.86579,0.86597
2013.03.04 00:35:36.043,0.8658,0.866
2013.03.04 00:35:41.443,0.86583,0.86601
2013.03.04 00:35:41.515,0.86583,0.86601
2013.03.04 00:35:41.942,0.86584,0.86602
2013.03.04 00:35:42.003,0.86585,0.86602
2013.03.04 00:35:42.243,0.86585,0.86602
2013.03.04 00:35:42.302,0.86585,0.86604
2013.03.04 00:35:42.423,0.86584,0.86604
2013.03.04 00:35:44.146,0.86584,0.86596
2013.03.04 00:35:44.273,0.86584,0.86596
2013.03.04 00:35:44.463,0.86584,0.86598
2013.03.04 00:35:44.533,0.86584,0.86598
2013.03.04 00:35:44.712,0.86584,0.86598
2013.03.04 00:35:44.953,0.86584,0.86598
2013.03.04 00:35:45.903,0.8658,0.86598
2013.03.04 00:35:46.152,0.8658,0.86598
2013.03.04 00:35:46.464,0.86579,0.86598
2013.03.04 00:35:48.932,0.8658,0.86598
2013.03.04 00:35:49.473,0.8658,0.86598
2013.03.04 00:35:51.032,0.86579,0.86598
2013.03.04 00:35:51.356,0.86579,0.86595
2013.03.04 00:35:51.485,0.86578,0.86595
2013.03.04 00:35:51.613,0.86577,0.86593
2013.03.04 00:35:52.306,0.86576,0.86593
2013.03.04 00:35:52.382,0.86574,0.86591
2013.03.04 00:36:08.285,0.86573,0.8659
2013.03.04 00:36:08.818,0.86574,0.86591
2013.03.04 00:36:08.953,0.86574,0.86594
2013.03.04 00:36:09.743,0.86575,0.86594
2013.03.04 00:36:09.814,0.86576,0.86595
2013.03.04 00:36:12.672,0.86578,0.86596
2013.03.04 00:36:13.233,0.86578,0.86596
2013.03.04 00:36:13.902,0.86578,0.86596
2013.03.04 00:36:17.921,0.86578,0.86596
2013.03.04 00:36:18.058,0.86578,0.86596
2013.03.04 00:36:18.495,0.86574,0.86594
2013.03.04 00:36:19.412,0.86574,0.86594
2013.03.04 00:36:22.225,0.86574,0.86594
2013.03.04 00:36:23.864,0.86575,0.86594
2013.03.04 00:36:23.993,0.86577,0.86594
2013.03.04 00:36:24.363,0.8658,0.86596
2013.03.04 00:36:25.023,0.8658,0.86598
2013.03.04 00:36:25.093,0.8658,0.86598
2013.03.04 00:36:26.413,0.8658,0.86598
2013.03.04 00:36:27.942,0.8658,0.866
2013.03.04 00:36:30.943,0.8658,0.866
2013.03.04 00:36:42.373,0.8658,0.866
2013.03.04 00:36:43.136,0.86579,0.86596
2013.03.04 00:36:43.652,0.86579,0.86596
2013.03.04 00:36:47.792,0.86579,0.86596
2013.03.04 00:36:49.422,0.86579,0.86596
2013.03.04 00:36:49.662,0.86578,0.86596
2013.03.04 00:36:49.843,0.86578,0.86596
2013.03.04 00:36:52.075,0.86577,0.86592
2013.03.04 00:36:52.503,0.86575,0.86593
2013.03.04 00:36:52.636,0.86575,0.86592
2013.03.04 00:36:53.183,0.86575,0.86592
2013.03.04 00:36:55.943,0.86575,0.86592
2013.03.04 00:36:57.114,0.86573,0.86589
2013.03.04 00:36:57.183,0.86573,0.86589
2013.03.04 00:36:57.373,0.86571,0.86589
2013.03.04 00:36:58.122,0.86572,0.86589
2013.03.04 00:37:05.942,0.86572,0.86589
2013.03.04 00:37:12.462,0.86572,0.86589
2013.03.04 00:37:12.994,0.8657,0.86589
2013.03.04 00:37:13.069,0.8657,0.86589
2013.03.04 00:37:13.444,0.86572,0.8659
2013.03.04 00:37:13.694,0.86572,0.86589
2013.03.04 00:37:16.594,0.86574,0.86589
2013.03.04 00:37:17.236,0.86574,0.86589
2013.03.04 00:37:17.943,0.86572,0.86589
2013.03.04 00:37:24.322,0.86573,0.86589
2013.03.04 00:37:28.053,0.86572,0.86589
2013.03.04 00:37:28.614,0.86572,0.86589
2013.03.04 00:37:30.139,0.86572,0.86589
2013.03.04 00:37:33.133,0.86572,0.86589
2013.03.04 00:37:37.893,0.86573,0.86589
2013.03.04 00:37:43.284,0.86573,0.86589
2013.03.04 00:37:52.632,0.86573,0.86592
2013.03.04 00:37:54.795,0.86573,0.86592
2013.03.04 00:37:58.813,0.86573,0.86592
2013.03.04 00:38:01.756,0.86573,0.86592
2013.03.04 00:38:03.368,0.86573,0.86592
2013.03.04 00:38:06.612,0.86573,0.86592
2013.03.04 00:38:08.925,0.86573,0.86592
2013.03.04 00:38:15.493,0.86573,0.86592
2013.03.04 00:38:48.811,0.86573,0.86593
2013.03.04 00:38:53.131,0.86571,0.86592
2013.03.04 00:38:53.684,0.86572,0.86592
2013.03.04 00:39:00.510,0.86573,0.86593
2013.03.04 00:39:02.891,0.86572,0.86592
2013.03.04 00:39:03.509,0.86572,0.86591
2013.03.04 00:39:04.157,0.86576,0.86594
2013.03.04 00:39:04.473,0.86577,0.86595
2013.03.04 00:39:06.382,0.86578,0.86595
2013.03.04 00:39:42.683,0.86577,0.86592
2013.03.04 00:39:42.873,0.86577,0.86592
2013.03.04 00:39:43.360,0.86579,0.86594
2013.03.04 00:40:03.856,0.8658,0.86596
2013.03.04 00:40:11.175,0.86581,0.86597
2013.03.04 00:40:18.564,0.86578,0.86596
2013.03.04 00:40:24.644,0.86578,0.86596
2013.03.04 00:40:25.208,0.86578,0.86596
2013.03.04 00:40:30.903,0.86579,0.86596
2013.03.04 00:40:32.133,0.86581,0.86598
2013.03.04 00:40:32.434,0.86582,0.86598
2013.03.04 00:40:33.874,0.86582,0.86598
2013.03.04 00:40:34.133,0.86583,0.86598
2013.03.04 00:40:34.204,0.86583,0.866
2013.03.04 00:40:53.894,0.86584,0.86601
2013.03.04 00:40:54.615,0.86584,0.86602
2013.03.04 00:41:02.187,0.86584,0.86602
2013.03.04 00:41:04.725,0.86585,0.86601
2013.03.04 00:41:05.773,0.86586,0.86602
2013.03.04 00:41:07.654,0.86586,0.86602
2013.03.04 00:41:08.165,0.86587,0.86603
2013.03.04 00:41:09.333,0.86585,0.86603
2013.03.04 00:41:11.816,0.86585,0.86601
2013.03.04 00:41:11.944,0.86584,0.866
2013.03.04 00:41:14.706,0.86583,0.866
2013.03.04 00:41:15.472,0.86585,0.86601
2013.03.04 00:41:32.145,0.86585,0.86602
2013.03.04 00:41:33.343,0.86583,0.866
2013.03.04 00:41:33.472,0.86583,0.866
2013.03.04 00:41:34.152,0.86583,0.86598
2013.03.04 00:41:34.663,0.86582,0.86596
2013.03.04 00:41:42.493,0.86581,0.86597
2013.03.04 00:41:42.853,0.8658,0.86596
2013.03.04 00:41:53.083,0.8658,0.86594
2013.03.04 00:41:53.204,0.86579,0.86593
2013.03.04 00:41:58.933,0.86578,0.86592
2013.03.04 00:42:05.917,0.86577,0.8659
2013.03.04 00:42:05.986,0.86576,0.8659
2013.03.04 00:42:06.184,0.86573,0.86588
2013.03.04 00:42:09.924,0.8657,0.86586
2013.03.04 00:42:09.995,0.8657,0.86586
2013.03.04 00:42:10.743,0.86569,0.86583
2013.03.04 00:42:11.593,0.86567,0.86583
2013.03.04 00:42:11.714,0.86567,0.86581
2013.03.04 00:42:14.143,0.86566,0.86583
2013.03.04 00:42:14.203,0.86568,0.86583
2013.03.04 00:42:17.204,0.86566,0.86582
2013.03.04 00:42:17.564,0.86566,0.8658
2013.03.04 00:42:18.123,0.86563,0.8658
2013.03.04 00:42:18.433,0.86568,0.86583
2013.03.04 00:42:18.993,0.86567,0.86583
2013.03.04 00:42:19.515,0.86567,0.86581
2013.03.04 00:42:34.570,0.86567,0.86581
2013.03.04 00:42:42.773,0.86566,0.8658
2013.03.04 00:42:45.263,0.86565,0.8658
2013.03.04 00:42:49.313,0.86565,0.86579
2013.03.04 00:42:52.653,0.86563,0.86577
2013.03.04 00:42:53.094,0.86564,0.8658
2013.03.04 00:42:53.437,0.86564,0.8658
2013.03.04 00:42:53.965,0.86565,0.86578
2013.03.04 00:42:54.333,0.86562,0.86578
2013.03.04 00:43:00.693,0.86562,0.86579
2013.03.04 00:43:00.873,0.86562,0.86578
2013.03.04 00:43:03.444,0.86562,0.86578
2013.03.04 00:43:03.514,0.86563,0.86579
2013.03.04 00:43:03.727,0.86564,0.8658
2013.03.04 00:43:04.546,0.86566,0.86582
2013.03.04 00:43:11.393,0.86566,0.8658
2013.03.04 00:43:11.643,0.86563,0.8658
2013.03.04 00:43:17.864,0.86563,0.86578
2013.03.04 00:43:17.935,0.86563,0.86578
2013.03.04 00:43:20.423,0.86561,0.86577
2013.03.04 00:43:23.216,0.86558,0.86572
2013.03.04 00:43:23.284,0.86558,0.86572
2013.03.04 00:43:23.834,0.86558,0.86572
2013.03.04 00:43:25.373,0.86557,0.86572
2013.03.04 00:43:25.673,0.86559,0.86577
2013.03.04 00:43:27.689,0.8656,0.86577
2013.03.04 00:43:27.984,0.8656,0.86577
2013.03.04 00:43:28.176,0.8656,0.86576
2013.03.04 00:43:28.526,0.86559,0.86574
2013.03.04 00:43:28.666,0.86558,0.86572
2013.03.04 00:43:28.794,0.86558,0.86572
2013.03.04 00:43:29.344,0.86558,0.86574
2013.03.04 00:43:34.324,0.86556,0.86572
2013.03.04 00:43:34.696,0.86556,0.86567
2013.03.04 00:43:35.004,0.86554,0.86566
2013.03.04 00:43:35.075,0.86554,0.86565
2013.03.04 00:43:35.145,0.86552,0.86562
2013.03.04 00:43:35.215,0.86548,0.86562
2013.03.04 00:43:35.285,0.86547,0.86562
2013.03.04 00:43:38.535,0.86546,0.86562
2013.03.04 00:43:38.858,0.86547,0.86563
2013.03.04 00:43:39.163,0.86549,0.86563
2013.03.04 00:43:39.405,0.86551,0.86567
2013.03.04 00:43:39.594,0.86551,0.86568
2013.03.04 00:43:40.834,0.8655,0.86568
2013.03.04 00:43:41.215,0.86554,0.8657
2013.03.04 00:43:41.704,0.86554,0.86572
2013.03.04 00:43:41.774,0.86554,0.86572
2013.03.04 00:43:44.154,0.86557,0.86572
2013.03.04 00:43:46.956,0.86555,0.86571
2013.03.04 00:43:47.028,0.86555,0.86571
2013.03.04 00:43:47.095,0.86555,0.86571
2013.03.04 00:43:47.163,0.86555,0.8657
2013.03.04 00:43:47.405,0.86549,0.86562
2013.03.04 00:43:47.593,0.86549,0.86564
2013.03.04 00:43:48.139,0.86548,0.86565
2013.03.04 00:43:48.425,0.86548,0.86565
2013.03.04 00:43:53.004,0.86547,0.86565
2013.03.04 00:43:53.534,0.86548,0.86566
2013.03.04 00:43:53.603,0.86548,0.86565
2013.03.04 00:44:04.144,0.86545,0.86561
2013.03.04 00:44:04.274,0.86544,0.86558
2013.03.04 00:44:04.654,0.86541,0.86559
2013.03.04 00:44:04.723,0.86541,0.86559
2013.03.04 00:44:09.266,0.86541,0.86559
2013.03.04 00:44:11.674,0.86541,0.86559
2013.03.04 00:44:21.086,0.8654,0.86554
2013.03.04 00:44:21.214,0.86538,0.8655
2013.03.04 00:44:21.755,0.86536,0.8655
2013.03.04 00:44:22.076,0.86536,0.8655
2013.03.04 00:44:22.157,0.86536,0.8655
2013.03.04 00:44:22.227,0.86536,0.8655
2013.03.04 00:44:22.544,0.86539,0.86553
2013.03.04 00:44:22.724,0.86539,0.86556
2013.03.04 00:44:22.853,0.86544,0.86559
2013.03.04 00:44:23.153,0.86544,0.86559
2013.03.04 00:44:23.393,0.86545,0.86563
2013.03.04 00:44:23.814,0.86545,0.86562
2013.03.04 00:44:23.933,0.86545,0.86555
2013.03.04 00:44:24.173,0.86547,0.8656
2013.03.04 00:44:24.235,0.86547,0.86562
2013.03.04 00:44:24.305,0.86547,0.86562
2013.03.04 00:44:24.854,0.86546,0.86562
2013.03.04 00:44:25.167,0.86546,0.8656
2013.03.04 00:44:25.475,0.86541,0.86555
2013.03.04 00:44:25.798,0.86541,0.86555
2013.03.04 00:44:26.103,0.86541,0.86555
2013.03.04 00:44:26.404,0.86541,0.86555
2013.03.04 00:44:26.943,0.86541,0.86555
2013.03.04 00:44:27.184,0.86539,0.86555
2013.03.04 00:44:27.304,0.86539,0.86554
2013.03.04 00:44:27.843,0.86536,0.86552
2013.03.04 00:44:28.144,0.86536,0.86549
2013.03.04 00:44:28.693,0.86536,0.86549
2013.03.04 00:44:28.975,0.86532,0.86549
2013.03.04 00:44:29.165,0.86532,0.86549
2013.03.04 00:44:29.354,0.86534,0.86551
2013.03.04 00:44:29.425,0.86534,0.86551
2013.03.04 00:44:29.555,0.86534,0.86551
2013.03.04 00:44:31.215,0.86535,0.86551
2013.03.04 00:44:31.284,0.86535,0.86552
2013.03.04 00:44:33.983,0.86536,0.86552
2013.03.04 00:44:36.804,0.86537,0.86553
2013.03.04 00:44:37.114,0.86536,0.86553
2013.03.04 00:44:37.293,0.86536,0.86555
2013.03.04 00:44:37.354,0.86536,0.86556
2013.03.04 00:44:37.484,0.86537,0.86553
2013.03.04 00:44:37.853,0.86537,0.86553
2013.03.04 00:44:39.004,0.86538,0.86556
2013.03.04 00:44:39.545,0.86538,0.86554
2013.03.04 00:44:39.614,0.86538,0.86554
2013.03.04 00:44:39.854,0.86538,0.86555
2013.03.04 00:44:40.154,0.86539,0.86558
2013.03.04 00:44:40.514,0.86539,0.86559
2013.03.04 00:44:40.815,0.86541,0.86559
2013.03.04 00:44:40.889,0.86545,0.86562
2013.03.04 00:44:41.161,0.86541,0.86558
2013.03.04 00:44:41.473,0.86541,0.86558
2013.03.04 00:44:41.833,0.86541,0.86559
2013.03.04 00:44:42.374,0.86538,0.86557
2013.03.04 00:44:42.804,0.8654,0.86558
2013.03.04 00:44:42.934,0.8654,0.86558
2013.03.04 00:44:43.173,0.86542,0.86558
2013.03.04 00:44:43.444,0.86542,0.8656
2013.03.04 00:44:44.002,0.86542,0.8656
2013.03.04 00:44:45.144,0.86545,0.8656
2013.03.04 00:44:45.471,0.86543,0.86557
2013.03.04 00:44:45.973,0.86543,0.86558
2013.03.04 00:44:46.886,0.86539,0.86556
2013.03.04 00:44:47.224,0.86537,0.86553
2013.03.04 00:44:47.793,0.86541,0.86555
2013.03.04 00:44:48.046,0.86539,0.86553
2013.03.04 00:44:48.673,0.86537,0.86553
2013.03.04 00:44:48.994,0.86538,0.86557
2013.03.04 00:44:49.494,0.8654,0.86557
2013.03.04 00:44:50.057,0.86541,0.86557
2013.03.04 00:44:50.804,0.8654,0.86557
2013.03.04 00:44:51.175,0.86541,0.86561
2013.03.04 00:44:51.487,0.86541,0.86562
2013.03.04 00:44:51.915,0.86542,0.86561
2013.03.04 00:44:51.985,0.86545,0.86562
2013.03.04 00:44:52.113,0.86545,0.86562
2013.03.04 00:44:52.474,0.86543,0.86561
2013.03.04 00:44:52.724,0.8654,0.86559
2013.03.04 00:44:53.046,0.8654,0.86558
2013.03.04 00:44:53.114,0.86538,0.86557
2013.03.04 00:44:53.674,0.86538,0.86558
2013.03.04 00:44:53.794,0.86541,0.8656
2013.03.04 00:44:53.853,0.86541,0.8656
2013.03.04 00:44:54.796,0.86543,0.86562
2013.03.04 00:44:55.596,0.86544,0.86562
2013.03.04 00:44:55.786,0.86544,0.86562
2013.03.04 00:44:56.094,0.86547,0.86565
2013.03.04 00:44:56.153,0.86547,0.86565
2013.03.04 00:44:56.584,0.86547,0.86567
2013.03.04 00:44:56.913,0.86549,0.86567
2013.03.04 00:44:57.436,0.86547,0.86565
2013.03.04 00:44:57.506,0.86549,0.86567
2013.03.04 00:44:57.774,0.86548,0.86568
2013.03.04 00:44:57.915,0.86547,0.86567
2013.03.04 00:44:58.891,0.86549,0.86566
2013.03.04 00:44:59.852,0.86547,0.86566
2013.03.04 00:45:00.036,0.86547,0.86566
2013.03.04 00:45:00.483,0.86547,0.86567
2013.03.04 00:45:00.784,0.86547,0.86567
2013.03.04 00:45:01.323,0.8655,0.86568
2013.03.04 00:45:02.543,0.86552,0.8657
2013.03.04 00:45:02.724,0.86552,0.86572
2013.03.04 00:45:03.105,0.86552,0.86572
2013.03.04 00:45:03.233,0.86552,0.86572
2013.03.04 00:45:03.593,0.86552,0.8657
2013.03.04 00:45:04.274,0.86552,0.86571
2013.03.04 00:45:04.644,0.86555,0.86572
2013.03.04 00:45:05.003,0.86558,0.86572
2013.03.04 00:45:05.184,0.86556,0.86572
2013.03.04 00:45:05.444,0.86553,0.86572
2013.03.04 00:45:05.764,0.86554,0.86572
2013.03.04 00:45:05.954,0.86554,0.86572
2013.03.04 00:45:06.203,0.86555,0.86575
2013.03.04 00:45:06.384,0.86555,0.86575
2013.03.04 00:45:06.778,0.86555,0.86575
2013.03.04 00:45:07.565,0.86554,0.86574
2013.03.04 00:45:08.083,0.86557,0.86576
2013.03.04 00:45:08.469,0.86558,0.86577
2013.03.04 00:45:08.539,0.86558,0.86577
2013.03.04 00:45:10.764,0.86558,0.86577
2013.03.04 00:45:11.275,0.8656,0.8658
2013.03.04 00:45:11.345,0.86562,0.8658
2013.03.04 00:45:11.416,0.86562,0.8658
2013.03.04 00:45:11.489,0.86562,0.8658
2013.03.04 00:45:12.035,0.86564,0.8658
2013.03.04 00:45:12.285,0.86558,0.86575
2013.03.04 00:45:12.414,0.86558,0.86577
2013.03.04 00:45:12.654,0.86558,0.86576
2013.03.04 00:45:12.954,0.86558,0.86573
2013.03.04 00:45:13.143,0.86556,0.86575
2013.03.04 00:45:13.985,0.86557,0.86575
2013.03.04 00:45:15.264,0.86557,0.86576
2013.03.04 00:45:16.664,0.86555,0.86574
2013.03.04 00:45:16.785,0.8655,0.8657
2013.03.04 00:45:17.224,0.86549,0.86566
2013.03.04 00:45:17.354,0.86548,0.86566
2013.03.04 00:45:24.894,0.86546,0.86559
2013.03.04 00:45:25.075,0.8654,0.86558
2013.03.04 00:45:25.206,0.86539,0.86555
2013.03.04 00:45:25.455,0.86537,0.86554
2013.03.04 00:45:25.647,0.86532,0.8655
2013.03.04 00:45:25.905,0.8653,0.8655
2013.03.04 00:45:25.975,0.8653,0.8655
2013.03.04 00:45:26.524,0.86529,0.86548
2013.03.04 00:45:27.065,0.86528,0.86548
2013.03.04 00:45:27.268,0.86528,0.86547
2013.03.04 00:45:27.824,0.86526,0.86544
2013.03.04 00:45:28.014,0.86526,0.86544
2013.03.04 00:45:29.569,0.86525,0.86545
2013.03.04 00:45:33.676,0.86523,0.86542
2013.03.04 00:45:34.116,0.86521,0.86542
2013.03.04 00:45:34.669,0.86521,0.86542
2013.03.04 00:45:35.214,0.86521,0.86541
2013.03.04 00:45:37.084,0.8652,0.8654
2013.03.04 00:45:37.515,0.86519,0.86536
2013.03.04 00:45:37.726,0.86516,0.86535
2013.03.04 00:45:40.903,0.86516,0.86538
2013.03.04 00:45:49.107,0.86517,0.86541
2013.03.04 00:45:49.425,0.8652,0.86541
2013.03.04 00:45:49.855,0.86518,0.86536
2013.03.04 00:45:50.103,0.86516,0.86535
2013.03.04 00:45:53.310,0.86513,0.86531
2013.03.04 00:45:53.644,0.86508,0.8653
2013.03.04 00:45:54.375,0.86508,0.8653
2013.03.04 00:45:54.625,0.86509,0.86528
2013.03.04 00:45:55.293,0.86509,0.8653
2013.03.04 00:45:55.809,0.8651,0.86531
2013.03.04 00:45:56.173,0.86509,0.8653
2013.03.04 00:46:00.843,0.86508,0.8653
2013.03.04 00:46:01.384,0.8651,0.86532
2013.03.04 00:46:01.645,0.8651,0.86529
2013.03.04 00:46:01.966,0.8651,0.86524
2013.03.04 00:46:02.037,0.86505,0.86522
2013.03.04 00:46:02.167,0.86505,0.86521
2013.03.04 00:46:02.704,0.86503,0.86521
2013.03.04 00:46:03.445,0.86502,0.86519
2013.03.04 00:46:03.935,0.865,0.86519
2013.03.04 00:46:04.124,0.86501,0.86519
2013.03.04 00:46:04.684,0.86501,0.86519
2013.03.04 00:46:05.647,0.86503,0.86521
2013.03.04 00:46:06.814,0.86503,0.86519
2013.03.04 00:46:06.874,0.86502,0.86519
2013.03.04 00:46:07.304,0.86501,0.86522
2013.03.04 00:46:07.495,0.86501,0.86519
2013.03.04 00:46:07.745,0.86501,0.86519
2013.03.04 00:46:08.055,0.86503,0.86519
2013.03.04 00:46:08.366,0.86503,0.86521
2013.03.04 00:46:08.435,0.86503,0.86522
2013.03.04 00:46:09.424,0.86503,0.86521
2013.03.04 00:46:16.186,0.86503,0.86522
2013.03.04 00:46:17.305,0.86503,0.86522
2013.03.04 00:46:20.614,0.86503,0.86519
2013.03.04 00:46:20.996,0.865,0.86516
2013.03.04 00:46:21.244,0.865,0.86516
2013.03.04 00:46:21.435,0.86497,0.86516
2013.03.04 00:46:21.503,0.86497,0.86516
2013.03.04 00:46:22.514,0.86496,0.86516
2013.03.04 00:46:24.844,0.86494,0.86512
2013.03.04 00:46:25.155,0.86494,0.86512
2013.03.04 00:46:25.344,0.86493,0.86512
2013.03.04 00:46:26.183,0.8649,0.8651
2013.03.04 00:46:26.560,0.86491,0.86508
2013.03.04 00:46:26.865,0.86489,0.86508
2013.03.04 00:46:27.654,0.86489,0.86509
2013.03.04 00:46:27.715,0.86491,0.8651
2013.03.04 00:46:27.845,0.86493,0.86512
2013.03.04 00:46:27.913,0.86492,0.8651
2013.03.04 00:46:28.218,0.86493,0.86512
2013.03.04 00:46:28.405,0.86493,0.86512
2013.03.04 00:46:28.664,0.86492,0.86511
2013.03.04 00:46:29.654,0.86492,0.86511
2013.03.04 00:46:30.194,0.86493,0.86513
2013.03.04 00:46:33.214,0.86493,0.8651
2013.03.04 00:46:33.714,0.86492,0.86512
2013.03.04 00:46:34.144,0.86492,0.86512
2013.03.04 00:46:34.465,0.86493,0.86512
2013.03.04 00:46:40.311,0.86494,0.86512
2013.03.04 00:46:40.874,0.86496,0.86514
2013.03.04 00:46:41.359,0.86497,0.86517
2013.03.04 00:46:41.763,0.86497,0.86517
2013.03.04 00:46:42.305,0.86502,0.8652
2013.03.04 00:46:43.968,0.86502,0.86521
2013.03.04 00:46:44.107,0.86504,0.86522
2013.03.04 00:46:44.615,0.86509,0.86524
2013.03.04 00:46:44.687,0.86509,0.86524
2013.03.04 00:46:44.906,0.86509,0.86526
2013.03.04 00:46:46.103,0.86508,0.86526
2013.03.04 00:46:52.135,0.86507,0.86524
2013.03.04 00:46:52.205,0.86506,0.86524
2013.03.04 00:46:52.754,0.86507,0.86525
2013.03.04 00:46:52.944,0.86507,0.86523
2013.03.04 00:46:53.194,0.86507,0.86526
2013.03.04 00:46:53.555,0.86507,0.86523
2013.03.04 00:46:53.745,0.86506,0.86523
2013.03.04 00:46:55.373,0.86506,0.86524
2013.03.04 00:46:56.455,0.86506,0.86524
2013.03.04 00:46:57.184,0.86508,0.86524
2013.03.04 00:46:57.724,0.86508,0.86526
2013.03.04 00:46:58.545,0.86508,0.86526
2013.03.04 00:46:59.241,0.86508,0.86526
2013.03.04 00:47:00.166,0.8651,0.86526
2013.03.04 00:47:00.670,0.86512,0.86526
2013.03.04 00:47:01.213,0.86511,0.86526
2013.03.04 00:47:09.594,0.86511,0.86528
2013.03.04 00:47:13.735,0.86512,0.86526
2013.03.04 00:47:20.314,0.86512,0.86528
2013.03.04 00:47:20.719,0.86514,0.86532
2013.03.04 00:47:20.785,0.86515,0.86532
2013.03.04 00:47:20.855,0.86515,0.86533
2013.03.04 00:47:20.925,0.86515,0.86533
2013.03.04 00:47:21.485,0.86515,0.86533
2013.03.04 00:47:22.035,0.86515,0.86533
2013.03.04 00:47:22.683,0.86515,0.86533
2013.03.04 00:47:30.864,0.86515,0.86533
2013.03.04 00:47:31.044,0.86514,0.86532
2013.03.04 00:47:36.410,0.86514,0.86531
2013.03.04 00:47:59.974,0.86513,0.86531
2013.03.04 00:48:00.094,0.86513,0.86531
2013.03.04 00:48:01.954,0.86513,0.86533
2013.03.04 00:48:02.503,0.86514,0.86533
2013.03.04 00:48:04.604,0.86518,0.86536
2013.03.04 00:48:04.735,0.86518,0.86536
2013.03.04 00:48:04.805,0.86519,0.86536
2013.03.04 00:48:05.054,0.86519,0.86536
2013.03.04 00:48:05.114,0.86519,0.86537
2013.03.04 00:48:09.675,0.8652,0.86538
2013.03.04 00:48:09.864,0.86522,0.8654
2013.03.04 00:48:11.874,0.86522,0.8654
2013.03.04 00:48:12.308,0.86525,0.86542
2013.03.04 00:48:12.746,0.86527,0.86545
2013.03.04 00:48:12.876,0.86527,0.86545
2013.03.04 00:48:13.415,0.86527,0.86545
2013.03.04 00:48:15.103,0.86527,0.86545
2013.03.04 00:48:15.715,0.86527,0.86544
2013.03.04 00:48:17.424,0.86526,0.86543
2013.03.04 00:48:18.535,0.86526,0.86541
2013.03.04 00:48:18.604,0.86526,0.86541
2013.03.04 00:48:19.153,0.86526,0.86541
2013.03.04 00:48:19.855,0.86526,0.86542
2013.03.04 00:48:22.165,0.86526,0.86541
2013.03.04 00:48:26.065,0.86526,0.8654
2013.03.04 00:48:26.665,0.86523,0.86538
2013.03.04 00:48:26.923,0.86521,0.86538
2013.03.04 00:48:27.674,0.86519,0.86537
2013.03.04 00:48:28.278,0.8652,0.86538
2013.03.04 00:48:28.585,0.8652,0.86538
2013.03.04 00:48:28.843,0.8652,0.86538
2013.03.04 00:48:28.903,0.8652,0.86538
2013.03.04 00:48:29.631,0.8652,0.86538
2013.03.04 00:48:32.133,0.8652,0.86539
2013.03.04 00:48:33.233,0.86523,0.8654
2013.03.04 00:48:34.903,0.86523,0.8654
2013.03.04 00:48:35.447,0.86523,0.8654
2013.03.04 00:48:36.114,0.86523,0.8654
2013.03.04 00:48:36.754,0.86524,0.86541
2013.03.04 00:48:38.764,0.86525,0.86543
2013.03.04 00:48:39.069,0.86525,0.86543
2013.03.04 00:48:39.573,0.86524,0.86543
2013.03.04 00:48:40.083,0.86524,0.86543
2013.03.04 00:48:41.044,0.86525,0.86542
2013.03.04 00:48:41.594,0.86523,0.8654
2013.03.04 00:48:41.715,0.86523,0.86539
2013.03.04 00:48:42.146,0.86521,0.86538
2013.03.04 00:48:44.715,0.86521,0.86538
2013.03.04 00:48:45.374,0.86523,0.8654
2013.03.04 00:48:45.446,0.86523,0.8654
2013.03.04 00:48:45.956,0.86523,0.86539
2013.03.04 00:48:47.613,0.86523,0.86542
2013.03.04 00:48:50.114,0.86523,0.86542
2013.03.04 00:48:53.323,0.86523,0.86542
2013.03.04 00:48:54.244,0.86524,0.86542
2013.03.04 00:48:55.955,0.86525,0.86542
2013.03.04 00:48:56.507,0.86524,0.86542
2013.03.04 00:48:59.264,0.86524,0.86542
2013.03.04 00:48:59.838,0.86524,0.86541
2013.03.04 00:49:00.874,0.86522,0.8654
2013.03.04 00:49:00.934,0.86522,0.8654
2013.03.04 00:49:06.515,0.86522,0.86539
2013.03.04 00:49:07.015,0.86526,0.86542
2013.03.04 00:49:07.205,0.86526,0.86542
2013.03.04 00:49:07.514,0.86525,0.86543
2013.03.04 00:49:08.426,0.86523,0.86539
2013.03.04 00:49:08.854,0.86521,0.86539
2013.03.04 00:49:08.976,0.86521,0.86538
2013.03.04 00:49:09.589,0.86518,0.86538
2013.03.04 00:49:17.024,0.86518,0.86538
2013.03.04 00:49:19.967,0.86518,0.86538
2013.03.04 00:49:20.845,0.8652,0.86538
2013.03.04 00:49:21.095,0.86522,0.8654
2013.03.04 00:49:21.405,0.86523,0.86541
2013.03.04 00:49:21.955,0.86523,0.86541
2013.03.04 00:49:22.502,0.86524,0.86543
2013.03.04 00:49:23.485,0.86527,0.86543
2013.03.04 00:49:23.794,0.86527,0.86545
2013.03.04 00:49:24.343,0.86528,0.86546
2013.03.04 00:49:24.883,0.86528,0.86546
2013.03.04 00:49:26.693,0.86528,0.86546
2013.03.04 00:49:31.473,0.86528,0.86547
2013.03.04 00:49:32.329,0.86527,0.86546
2013.03.04 00:49:32.400,0.86527,0.86544
2013.03.04 00:49:33.184,0.86527,0.86543
2013.03.04 00:49:33.543,0.86527,0.86543
2013.03.04 00:49:34.935,0.86523,0.86541
2013.03.04 00:49:35.245,0.86526,0.86545
2013.03.04 00:49:35.437,0.86527,0.86545
2013.03.04 00:49:35.625,0.86527,0.86545
2013.03.04 00:49:35.753,0.86526,0.86544
2013.03.04 00:49:36.056,0.86527,0.86545
2013.03.04 00:49:36.605,0.86529,0.86546
2013.03.04 00:49:37.164,0.86529,0.86547
2013.03.04 00:49:37.465,0.86526,0.86546
2013.03.04 00:49:38.024,0.86525,0.86543
2013.03.04 00:49:38.084,0.86525,0.86543
2013.03.04 00:49:38.624,0.86525,0.86543
2013.03.04 00:49:39.534,0.86524,0.86542
2013.03.04 00:49:39.714,0.86523,0.86542
2013.03.04 00:49:40.254,0.86522,0.8654
2013.03.04 00:49:40.983,0.86522,0.86541
2013.03.04 00:49:41.352,0.86522,0.8654
2013.03.04 00:49:41.413,0.86522,0.8654
2013.03.04 00:49:49.393,0.86522,0.86541
2013.03.04 00:49:50.365,0.86521,0.86541
2013.03.04 00:49:50.794,0.86524,0.86542
2013.03.04 00:49:51.213,0.86524,0.86544
2013.03.04 00:49:51.454,0.86524,0.86544
2013.03.04 00:49:51.634,0.86524,0.86544
2013.03.04 00:49:52.553,0.86524,0.86544
2013.03.04 00:49:52.734,0.86524,0.86544
2013.03.04 00:49:56.713,0.86522,0.86541
2013.03.04 00:49:56.834,0.86522,0.8654
2013.03.04 00:49:57.074,0.86522,0.8654
2013.03.04 00:49:57.293,0.86522,0.8654
2013.03.04 00:49:58.313,0.86519,0.86539
2013.03.04 00:49:59.324,0.86519,0.86539
2013.03.04 00:50:02.551,0.86522,0.86541
2013.03.04 00:50:03.093,0.86525,0.86542
2013.03.04 00:50:03.153,0.86525,0.86542
2013.03.04 00:50:09.096,0.86528,0.86545
2013.03.04 00:50:09.227,0.86528,0.86545
2013.03.04 00:50:09.424,0.86531,0.86545
2013.03.04 00:50:09.624,0.86531,0.86545
2013.03.04 00:50:13.025,0.86532,0.8655
2013.03.04 00:50:14.978,0.86532,0.86552
2013.03.04 00:50:16.077,0.86531,0.86551
2013.03.04 00:50:33.641,0.86531,0.8655
2013.03.04 00:50:33.711,0.86531,0.8655
2013.03.04 00:50:36.123,0.86532,0.86549
2013.03.04 00:50:37.000,0.86532,0.8655
2013.03.04 00:50:37.385,0.86532,0.8655
2013.03.04 00:50:39.484,0.86532,0.86551
2013.03.04 00:50:40.244,0.86532,0.86551
2013.03.04 00:50:40.626,0.86532,0.86548
2013.03.04 00:50:40.815,0.86533,0.86548
2013.03.04 00:51:19.194,0.86533,0.86551
2013.03.04 00:51:19.314,0.86533,0.86552
2013.03.04 00:51:19.433,0.86533,0.86552
2013.03.04 00:51:19.733,0.86533,0.86552
2013.03.04 00:51:23.175,0.86532,0.86551
2013.03.04 00:51:24.254,0.86532,0.86551
2013.03.04 00:51:30.894,0.86533,0.86552
2013.03.04 00:51:31.444,0.86536,0.86552
2013.03.04 00:51:32.775,0.86535,0.86552
2013.03.04 00:51:32.845,0.86535,0.86552
2013.03.04 00:51:33.204,0.86535,0.86552
2013.03.04 00:51:33.324,0.86535,0.86552
2013.03.04 00:51:34.155,0.86535,0.86552
2013.03.04 00:51:34.379,0.86538,0.86556
2013.03.04 00:51:34.448,0.86538,0.86556
2013.03.04 00:51:34.755,0.86538,0.86557
2013.03.04 00:51:39.535,0.86538,0.86555
2013.03.04 00:51:40.004,0.86537,0.86555
2013.03.04 00:51:42.475,0.86536,0.86554
2013.03.04 00:51:46.105,0.86536,0.86555
2013.03.04 00:51:48.585,0.86536,0.86554
2013.03.04 00:51:49.881,0.86534,0.86552
2013.03.04 00:51:50.725,0.86534,0.86551
2013.03.04 00:51:50.913,0.86534,0.86552
2013.03.04 00:51:51.155,0.86534,0.86552
2013.03.04 00:51:51.283,0.86534,0.86552
2013.03.04 00:51:51.405,0.86534,0.86552
2013.03.04 00:51:51.935,0.86534,0.8655
2013.03.04 00:51:52.484,0.86534,0.86552
2013.03.04 00:51:53.816,0.86534,0.86551
2013.03.04 00:51:54.378,0.86536,0.86552
2013.03.04 00:51:55.615,0.86536,0.86552
2013.03.04 00:51:55.685,0.86536,0.86552
2013.03.04 00:51:55.816,0.86536,0.86552
2013.03.04 00:51:56.065,0.86534,0.86552
2013.03.04 00:51:56.256,0.86534,0.86551
2013.03.04 00:51:58.455,0.86532,0.8655
2013.03.04 00:51:58.825,0.86534,0.86551
2013.03.04 00:51:58.897,0.86534,0.86551
2013.03.04 00:51:59.036,0.86534,0.86552
2013.03.04 00:51:59.585,0.86536,0.86553
2013.03.04 00:51:59.805,0.86538,0.86553
2013.03.04 00:52:00.964,0.86538,0.86555
2013.03.04 00:52:01.204,0.86538,0.86555
2013.03.04 00:52:06.494,0.86539,0.86556
2013.03.04 00:52:17.465,0.8654,0.86557
2013.03.04 00:52:19.086,0.8654,0.86558
2013.03.04 00:52:24.674,0.86542,0.86558
2013.03.04 00:52:25.224,0.86543,0.86562
2013.03.04 00:52:28.924,0.86543,0.86562
2013.03.04 00:52:36.984,0.86543,0.86562
2013.03.04 00:52:37.165,0.86543,0.86562
2013.03.04 00:52:37.404,0.86543,0.86562
2013.03.04 00:52:43.586,0.86545,0.86563
2013.03.04 00:52:43.775,0.86546,0.86563
2013.03.04 00:52:49.406,0.86548,0.86564
2013.03.04 00:52:49.535,0.86545,0.86564
2013.03.04 00:52:49.655,0.86545,0.86564
2013.03.04 00:52:49.716,0.86545,0.86564
2013.03.04 00:52:49.846,0.86543,0.86562
2013.03.04 00:52:52.265,0.86542,0.86559
2013.03.04 00:52:52.768,0.86541,0.86559
2013.03.04 00:52:52.835,0.8654,0.86559
2013.03.04 00:53:01.365,0.8654,0.86558
2013.03.04 00:53:01.966,0.86543,0.86559
2013.03.04 00:53:02.573,0.86543,0.86561
2013.03.04 00:53:02.694,0.86543,0.86561
2013.03.04 00:53:02.815,0.86543,0.86561
2013.03.04 00:53:03.126,0.86543,0.86561
2013.03.04 00:53:03.494,0.86542,0.86561
2013.03.04 00:53:03.674,0.86543,0.86561
2013.03.04 00:53:03.917,0.86543,0.86561
2013.03.04 00:53:04.163,0.86543,0.86561
2013.03.04 00:53:04.884,0.86542,0.86561
2013.03.04 00:53:05.124,0.86543,0.86561
2013.03.04 00:53:09.403,0.86543,0.86561
2013.03.04 00:53:13.824,0.86541,0.86558
2013.03.04 00:53:14.386,0.86539,0.86557
2013.03.04 00:53:14.455,0.86539,0.86557
2013.03.04 00:53:17.524,0.86537,0.86556
2013.03.04 00:53:18.390,0.86537,0.86554
2013.03.04 00:53:27.414,0.86537,0.86554
2013.03.04 00:53:29.074,0.86537,0.86554
2013.03.04 00:53:34.494,0.86536,0.86554
2013.03.04 00:53:48.980,0.86536,0.86552
2013.03.04 00:53:52.123,0.86534,0.86552
2013.03.04 00:53:52.250,0.86534,0.86552
2013.03.04 00:53:52.495,0.86534,0.86552
2013.03.04 00:53:53.425,0.86534,0.86552
2013.03.04 00:53:54.414,0.86534,0.86552
2013.03.04 00:53:55.174,0.86534,0.86552
2013.03.04 00:53:55.674,0.86535,0.86552
2013.03.04 00:53:56.214,0.86535,0.86552
2013.03.04 00:54:01.414,0.86535,0.86552
2013.03.04 00:54:02.195,0.86533,0.86551
2013.03.04 00:54:02.254,0.86533,0.86551
2013.03.04 00:54:03.054,0.86533,0.86551
2013.03.04 00:54:06.767,0.86533,0.86551
2013.03.04 00:54:10.864,0.86533,0.86551
2013.03.04 00:54:11.414,0.86533,0.86551
2013.03.04 00:54:12.634,0.86533,0.86551
2013.03.04 00:54:14.415,0.86533,0.86551
2013.03.04 00:54:18.797,0.86533,0.86552
2013.03.04 00:54:19.369,0.86534,0.86554
2013.03.04 00:54:20.718,0.86533,0.86552
2013.03.04 00:54:20.789,0.86533,0.86552
2013.03.04 00:54:26.124,0.86533,0.86552
2013.03.04 00:54:26.663,0.86532,0.86551
2013.03.04 00:54:27.208,0.86533,0.86551
2013.03.04 00:54:27.726,0.86534,0.86552
2013.03.04 00:54:41.165,0.86537,0.86555
2013.03.04 00:54:41.466,0.86536,0.86556
2013.03.04 00:54:41.537,0.86536,0.86556
2013.03.04 00:54:41.786,0.86536,0.86555
2013.03.04 00:54:42.078,0.86535,0.86554
2013.03.04 00:54:43.526,0.86535,0.86554
2013.03.04 00:54:47.575,0.86534,0.86552
2013.03.04 00:54:48.124,0.86532,0.86551
2013.03.04 00:54:48.664,0.8653,0.86548
2013.03.04 00:54:49.567,0.8653,0.86548
2013.03.04 00:54:50.086,0.86531,0.8655
2013.03.04 00:54:51.435,0.86531,0.8655
2013.03.04 00:54:52.204,0.86531,0.8655
2013.03.04 00:54:52.933,0.86531,0.8655
2013.03.04 00:54:54.204,0.86531,0.8655
2013.03.04 00:54:59.156,0.86531,0.8655
2013.03.04 00:54:59.706,0.8653,0.86547
2013.03.04 00:55:00.446,0.86539,0.86551
2013.03.04 00:55:00.576,0.86537,0.86554
2013.03.04 00:55:00.896,0.86538,0.86555
2013.03.04 00:55:01.266,0.86536,0.86555
2013.03.04 00:55:01.396,0.86539,0.86558
2013.03.04 00:55:01.906,0.86537,0.86557
2013.03.04 00:55:02.634,0.86536,0.86555
2013.03.04 00:55:03.174,0.86535,0.86556
2013.03.04 00:55:03.596,0.86537,0.86555
2013.03.04 00:55:03.786,0.86534,0.86553
2013.03.04 00:55:04.156,0.86532,0.86546
2013.03.04 00:55:04.225,0.86532,0.86546
2013.03.04 00:55:04.664,0.86529,0.86544
2013.03.04 00:55:05.676,0.86527,0.86546
2013.03.04 00:55:06.223,0.86529,0.86547
2013.03.04 00:55:07.645,0.86527,0.86548
2013.03.04 00:55:10.677,0.86529,0.86548
2013.03.04 00:55:10.747,0.8653,0.86548
2013.03.04 00:55:11.076,0.86531,0.86548
2013.03.04 00:55:11.447,0.86535,0.86554
2013.03.04 00:55:11.696,0.86536,0.86552
2013.03.04 00:55:11.766,0.86535,0.86551
2013.03.04 00:55:12.075,0.86532,0.86551
2013.03.04 00:55:12.435,0.86531,0.86551
2013.03.04 00:55:12.914,0.8653,0.8655
2013.03.04 00:55:15.435,0.86529,0.86551
2013.03.04 00:55:15.755,0.86533,0.86551
2013.03.04 00:55:16.256,0.86532,0.86551
2013.03.04 00:55:16.444,0.86532,0.8655
2013.03.04 00:55:17.085,0.86531,0.8655
2013.03.04 00:55:18.585,0.86532,0.86551
2013.03.04 00:55:21.136,0.86535,0.86551
2013.03.04 00:55:21.265,0.86535,0.86551
2013.03.04 00:55:21.584,0.86535,0.86551
2013.03.04 00:55:26.050,0.86535,0.86554
2013.03.04 00:55:26.174,0.86535,0.86554
2013.03.04 00:55:26.413,0.86535,0.86554
2013.03.04 00:55:26.775,0.86535,0.86554
2013.03.04 00:55:27.084,0.86532,0.86552
2013.03.04 00:55:28.076,0.86534,0.8655
2013.03.04 00:55:28.444,0.86535,0.86554
2013.03.04 00:55:28.804,0.86535,0.86555
2013.03.04 00:55:28.986,0.86535,0.86555
2013.03.04 00:55:29.297,0.86535,0.86554
2013.03.04 00:55:29.691,0.86532,0.86549
2013.03.04 00:55:29.761,0.86532,0.86549
2013.03.04 00:55:29.885,0.86527,0.86547
2013.03.04 00:55:30.374,0.86526,0.86545
2013.03.04 00:55:30.625,0.86525,0.86544
2013.03.04 00:55:31.553,0.86525,0.86544
2013.03.04 00:55:32.734,0.86524,0.86541
2013.03.04 00:55:33.275,0.86521,0.8654
2013.03.04 00:55:33.434,0.86521,0.86539
2013.03.04 00:55:33.556,0.8652,0.86539
2013.03.04 00:55:36.114,0.8652,0.86538
2013.03.04 00:55:36.374,0.8652,0.86539
2013.03.04 00:55:36.556,0.86522,0.86542
2013.03.04 00:55:37.048,0.86525,0.86543
2013.03.04 00:55:37.115,0.86526,0.86544
2013.03.04 00:55:37.296,0.86527,0.86544
2013.03.04 00:55:37.545,0.86528,0.86547
2013.03.04 00:55:37.664,0.86528,0.86547
2013.03.04 00:55:37.964,0.86528,0.86547
2013.03.04 00:55:38.204,0.86527,0.86547
2013.03.04 00:55:38.444,0.86528,0.86547
2013.03.04 00:55:38.624,0.86528,0.86547
2013.03.04 00:55:38.984,0.86528,0.86547
2013.03.04 00:55:39.163,0.86527,0.86547
2013.03.04 00:55:39.403,0.86528,0.86547
2013.03.04 00:55:39.644,0.86527,0.86547
2013.03.04 00:55:39.954,0.86528,0.86547
2013.03.04 00:55:40.195,0.86528,0.86546
2013.03.04 00:55:40.584,0.86526,0.86546
2013.03.04 00:55:40.765,0.86526,0.86544
2013.03.04 00:55:41.313,0.86525,0.86544
2013.03.04 00:55:42.954,0.86525,0.86544
2013.03.04 00:55:43.014,0.86526,0.86544
2013.03.04 00:55:43.794,0.86526,0.86544
2013.03.04 00:55:46.446,0.86524,0.86543
2013.03.04 00:55:46.814,0.86524,0.86544
2013.03.04 00:55:47.398,0.86526,0.86545
2013.03.04 00:55:48.524,0.86527,0.86545
2013.03.04 00:55:48.897,0.86528,0.86547
2013.03.04 00:55:49.087,0.8653,0.86548
2013.03.04 00:55:49.156,0.8653,0.86548
2013.03.04 00:55:49.466,0.86532,0.86548
2013.03.04 00:55:49.537,0.86528,0.86543
2013.03.04 00:55:49.856,0.86528,0.86543
2013.03.04 00:55:50.185,0.86526,0.86543
2013.03.04 00:55:50.257,0.86524,0.86543
2013.03.04 00:55:50.686,0.86523,0.86542
2013.03.04 00:55:51.187,0.86523,0.86541
2013.03.04 00:55:51.735,0.86523,0.86541
2013.03.04 00:55:53.705,0.86526,0.86544
2013.03.04 00:55:53.778,0.86526,0.86546
2013.03.04 00:55:54.836,0.86528,0.86547
2013.03.04 00:55:54.911,0.86529,0.86548
2013.03.04 00:56:01.060,0.86532,0.86551
2013.03.04 00:56:01.387,0.86537,0.86553
2013.03.04 00:56:01.895,0.86535,0.86553
2013.03.04 00:56:02.444,0.86535,0.86553
2013.03.04 00:56:02.876,0.86533,0.86552
2013.03.04 00:56:03.425,0.86532,0.86549
2013.03.04 00:56:03.735,0.8653,0.86549
2013.03.04 00:56:04.105,0.86531,0.86549
2013.03.04 00:56:04.617,0.86532,0.8655
2013.03.04 00:56:08.949,0.86531,0.8655
2013.03.04 00:56:14.425,0.86531,0.86551
2013.03.04 00:56:14.559,0.86532,0.86552
2013.03.04 00:56:14.981,0.86536,0.86552
2013.03.04 00:56:15.176,0.86532,0.86552
2013.03.04 00:56:15.437,0.86536,0.86552
2013.03.04 00:56:15.649,0.86532,0.86552
2013.03.04 00:56:15.956,0.86535,0.86552
2013.03.04 00:56:16.207,0.86533,0.86552
2013.03.04 00:56:16.547,0.86536,0.86552
2013.03.04 00:56:16.735,0.86533,0.86552
2013.03.04 00:56:16.984,0.86535,0.86552
2013.03.04 00:56:17.164,0.86532,0.86552
2013.03.04 00:56:17.406,0.86535,0.86552
2013.03.04 00:56:17.716,0.86536,0.86554
2013.03.04 00:56:18.204,0.86534,0.86554
2013.03.04 00:56:20.724,0.86533,0.86552
2013.03.04 00:56:26.437,0.86533,0.86551
2013.03.04 00:56:28.185,0.86531,0.86549
2013.03.04 00:56:28.507,0.8653,0.86549
2013.03.04 00:56:28.865,0.86529,0.86549
2013.03.04 00:56:43.676,0.8653,0.86549
2013.03.04 00:56:44.226,0.86532,0.86551
2013.03.04 00:56:46.925,0.86534,0.86554
2013.03.04 00:56:47.054,0.86534,0.86554
2013.03.04 00:56:47.924,0.86534,0.86554
2013.03.04 00:56:48.263,0.86534,0.86554
2013.03.04 00:56:48.794,0.86534,0.86554
2013.03.04 00:56:49.359,0.86534,0.86554
2013.03.04 00:56:49.734,0.86534,0.86554
2013.03.04 00:56:50.494,0.86534,0.86554
2013.03.04 00:56:51.245,0.86534,0.86554
2013.03.04 00:56:51.495,0.86534,0.86554
2013.03.04 00:56:51.694,0.86534,0.86554
2013.03.04 00:56:51.815,0.86534,0.86554
2013.03.04 00:57:00.466,0.86536,0.86554
2013.03.04 00:57:01.796,0.86541,0.86557
2013.03.04 00:57:01.866,0.86541,0.86559
2013.03.04 00:57:02.415,0.86541,0.86559
2013.03.04 00:57:02.597,0.86542,0.86559
2013.03.04 00:57:02.965,0.86542,0.86559
2013.03.04 00:57:07.409,0.86542,0.8656
2013.03.04 00:57:07.536,0.86549,0.86563
2013.03.04 00:57:07.935,0.86546,0.86563
2013.03.04 00:57:08.007,0.86547,0.86563
2013.03.04 00:57:08.557,0.86549,0.86563
2013.03.04 00:57:10.839,0.86544,0.86565
2013.03.04 00:57:11.049,0.86544,0.86563
2013.03.04 00:57:11.485,0.86543,0.86559
2013.03.04 00:57:11.904,0.86543,0.8656
2013.03.04 00:57:12.205,0.86543,0.8656
2013.03.04 00:57:12.445,0.86543,0.8656
2013.03.04 00:57:12.815,0.86542,0.8656
2013.03.04 00:57:12.875,0.86543,0.8656
2013.03.04 00:57:13.235,0.86543,0.8656
2013.03.04 00:57:13.476,0.86543,0.8656
2013.03.04 00:57:13.655,0.86543,0.8656
2013.03.04 00:57:13.775,0.86543,0.8656
2013.03.04 00:57:14.135,0.86543,0.8656
2013.03.04 00:57:14.316,0.86543,0.8656
2013.03.04 00:57:14.446,0.86543,0.8656
2013.03.04 00:57:14.645,0.86543,0.8656
2013.03.04 00:57:15.006,0.86543,0.8656
2013.03.04 00:57:15.196,0.86543,0.8656
2013.03.04 00:57:15.445,0.86543,0.8656
2013.03.04 00:57:15.626,0.86543,0.8656
2013.03.04 00:57:15.955,0.86543,0.8656
2013.03.04 00:57:16.200,0.86542,0.8656
2013.03.04 00:57:16.385,0.86543,0.8656
2013.03.04 00:57:16.625,0.86543,0.8656
2013.03.04 00:57:16.984,0.86543,0.8656
2013.03.04 00:57:17.164,0.86542,0.8656
2013.03.04 00:57:17.405,0.86543,0.8656
2013.03.04 00:57:17.704,0.86543,0.8656
2013.03.04 00:57:17.945,0.86543,0.8656
2013.03.04 00:57:18.185,0.86542,0.8656
2013.03.04 00:57:18.365,0.86543,0.8656
2013.03.04 00:57:18.726,0.86543,0.86562
2013.03.04 00:57:19.044,0.86544,0.86562
2013.03.04 00:57:19.164,0.86543,0.86562
2013.03.04 00:57:19.404,0.86544,0.86562
2013.03.04 00:57:19.704,0.86543,0.86562
2013.03.04 00:57:19.944,0.86544,0.86562
2013.03.04 00:57:20.124,0.86543,0.86562
2013.03.04 00:57:20.494,0.86544,0.86562
2013.03.04 00:57:20.675,0.86543,0.86562
2013.03.04 00:57:21.045,0.86544,0.86562
2013.03.04 00:57:21.285,0.86543,0.86562
2013.03.04 00:57:21.464,0.86543,0.86562
2013.03.04 00:57:21.717,0.86543,0.86562
2013.03.04 00:57:21.906,0.86543,0.86562
2013.03.04 00:57:22.157,0.86543,0.86562
2013.03.04 00:57:22.464,0.86543,0.86562
2013.03.04 00:57:22.705,0.86543,0.86562
2013.03.04 00:57:22.884,0.86543,0.86562
2013.03.04 00:57:23.124,0.86543,0.86562
2013.03.04 00:57:23.485,0.86543,0.86562
2013.03.04 00:57:23.846,0.86543,0.86562
2013.03.04 00:57:24.090,0.86543,0.86562
2013.03.04 00:57:24.217,0.86543,0.86562
2013.03.04 00:57:24.415,0.86543,0.86562
2013.03.04 00:57:24.654,0.86543,0.86562
2013.03.04 00:57:24.954,0.86543,0.86562
2013.03.04 00:57:25.195,0.86543,0.86562
2013.03.04 00:57:25.377,0.86543,0.86562
2013.03.04 00:57:25.745,0.86543,0.86562
2013.03.04 00:57:25.994,0.86543,0.86562
2013.03.04 00:57:26.177,0.86543,0.86562
2013.03.04 00:57:26.364,0.86543,0.86562
2013.03.04 00:57:26.725,0.86543,0.86562
2013.03.04 00:57:26.925,0.86543,0.86562
2013.03.04 00:57:27.164,0.86543,0.86562
2013.03.04 00:57:27.403,0.86543,0.86562
2013.03.04 00:57:27.705,0.86543,0.86562
2013.03.04 00:57:27.944,0.86543,0.86562
2013.03.04 00:57:28.187,0.86543,0.86562
2013.03.04 00:57:28.494,0.86543,0.86562
2013.03.04 00:57:28.794,0.86543,0.86562
2013.03.04 00:57:28.915,0.86543,0.86562
2013.03.04 00:57:29.154,0.86543,0.86562
2013.03.04 00:57:29.455,0.86543,0.86562
2013.03.04 00:57:29.695,0.86543,0.86562
2013.03.04 00:57:29.934,0.86543,0.86562
2013.03.04 00:57:30.115,0.86543,0.86562
2013.03.04 00:57:30.446,0.86543,0.86562
2013.03.04 00:57:30.695,0.86543,0.86562
2013.03.04 00:57:30.878,0.86543,0.86562
2013.03.04 00:57:31.256,0.86543,0.86563
2013.03.04 00:57:31.444,0.86543,0.86563
2013.03.04 00:57:31.685,0.86543,0.86562
2013.03.04 00:57:31.925,0.86543,0.86562
2013.03.04 00:57:32.234,0.86543,0.86562
2013.03.04 00:57:32.415,0.86543,0.86562
2013.03.04 00:57:32.654,0.86543,0.86563
2013.03.04 00:57:32.896,0.86543,0.86563
2013.03.04 00:57:33.209,0.86543,0.86562
2013.03.04 00:57:33.455,0.86543,0.86562
2013.03.04 00:57:33.755,0.86543,0.86563
2013.03.04 00:57:34.018,0.86543,0.86563
2013.03.04 00:57:34.208,0.86543,0.86562
2013.03.04 00:57:34.395,0.86543,0.86562
2013.03.04 00:57:34.644,0.86543,0.86563
2013.03.04 00:57:35.006,0.86543,0.86563
2013.03.04 00:57:35.185,0.86543,0.86563
2013.03.04 00:57:35.424,0.86543,0.86563
2013.03.04 00:57:35.615,0.86543,0.86563
2013.03.04 00:57:35.984,0.86543,0.86563
2013.03.04 00:57:36.165,0.86543,0.86563
2013.03.04 00:57:36.414,0.86543,0.86562
2013.03.04 00:57:36.716,0.86543,0.86562
2013.03.04 00:57:36.964,0.86543,0.86563
2013.03.04 00:57:37.145,0.86543,0.86562
2013.03.04 00:57:37.395,0.86543,0.86563
2013.03.04 00:57:37.706,0.86543,0.86563
2013.03.04 00:57:37.954,0.86543,0.86562
2013.03.04 00:57:38.134,0.86543,0.86562
2013.03.04 00:57:38.384,0.86543,0.86563
2013.03.04 00:57:38.685,0.86543,0.86562
2013.03.04 00:57:38.925,0.86543,0.86563
2013.03.04 00:57:39.165,0.86543,0.86562
2013.03.04 00:57:39.454,0.86543,0.86562
2013.03.04 00:57:39.715,0.86543,0.86561
2013.03.04 00:57:39.894,0.86543,0.86561
2013.03.04 00:57:40.134,0.86543,0.86562
2013.03.04 00:57:40.468,0.86543,0.86562
2013.03.04 00:57:40.714,0.86543,0.86562
2013.03.04 00:57:40.895,0.86543,0.86562
2013.03.04 00:57:41.265,0.86543,0.86562
2013.03.04 00:57:41.445,0.86543,0.86561
2013.03.04 00:57:41.694,0.86543,0.86561
2013.03.04 00:57:41.934,0.86543,0.86561
2013.03.04 00:57:42.235,0.86543,0.86561
2013.03.04 00:57:42.474,0.86543,0.86561
2013.03.04 00:57:42.664,0.86543,0.86561
2013.03.04 00:57:42.904,0.86543,0.86561
2013.03.04 00:57:43.205,0.86543,0.86561
2013.03.04 00:57:43.444,0.86543,0.86561
2013.03.04 00:57:43.756,0.86543,0.86561
2013.03.04 00:57:43.884,0.86543,0.86561
2013.03.04 00:57:44.185,0.86543,0.86561
2013.03.04 00:57:44.419,0.86543,0.86561
2013.03.04 00:57:44.668,0.86543,0.86561
2013.03.04 00:57:44.974,0.86543,0.86561
2013.03.04 00:57:45.215,0.86543,0.86561
2013.03.04 00:57:45.410,0.86543,0.86561
2013.03.04 00:57:45.654,0.86543,0.86561
2013.03.04 00:57:45.954,0.86543,0.86561
2013.03.04 00:57:46.194,0.86543,0.86561
2013.03.04 00:57:46.439,0.86543,0.86561
2013.03.04 00:57:46.624,0.86543,0.86561
2013.03.04 00:57:47.415,0.86543,0.86561
2013.03.04 00:57:47.716,0.86543,0.86561
2013.03.04 00:57:47.966,0.86543,0.86561
2013.03.04 00:57:48.155,0.86543,0.86561
2013.03.04 00:57:48.396,0.86543,0.86561
2013.03.04 00:57:48.706,0.86543,0.86561
2013.03.04 00:57:48.934,0.86543,0.86561
2013.03.04 00:57:49.175,0.86543,0.86561
2013.03.04 00:57:49.415,0.86543,0.86561
2013.03.04 00:57:49.741,0.86543,0.86561
2013.03.04 00:57:49.935,0.86543,0.86561
2013.03.04 00:57:50.176,0.86543,0.86561
2013.03.04 00:57:50.487,0.86543,0.86561
2013.03.04 00:57:50.616,0.86543,0.86561
2013.03.04 00:57:50.688,0.86543,0.86561
2013.03.04 00:57:53.225,0.86543,0.86561
2013.03.04 00:57:53.475,0.86543,0.86561
2013.03.04 00:57:53.656,0.86543,0.86561
2013.03.04 00:57:53.906,0.86543,0.86561
2013.03.04 00:57:54.215,0.86543,0.86561
2013.03.04 00:57:54.464,0.86543,0.86561
2013.03.04 00:57:54.645,0.86543,0.86561
2013.03.04 00:57:54.859,0.86543,0.86561
2013.03.04 00:57:55.225,0.86543,0.86561
2013.03.04 00:57:55.405,0.86543,0.86561
2013.03.04 00:57:55.645,0.86543,0.86561
2013.03.04 00:57:55.954,0.86543,0.86561
2013.03.04 00:57:56.195,0.86543,0.86561
2013.03.04 00:57:56.446,0.86543,0.86561
2013.03.04 00:57:56.635,0.86543,0.86561
2013.03.04 00:57:56.994,0.86543,0.86561
2013.03.04 00:57:57.175,0.86543,0.86561
2013.03.04 00:57:57.415,0.86543,0.86561
2013.03.04 00:57:57.654,0.86543,0.86561
2013.03.04 00:57:57.954,0.86543,0.86561
2013.03.04 00:57:58.195,0.86543,0.86561
2013.03.04 00:57:58.496,0.86543,0.86561
2013.03.04 00:57:58.757,0.86543,0.86561
2013.03.04 00:57:58.945,0.86543,0.86561
2013.03.04 00:57:59.195,0.86543,0.86561
2013.03.04 00:57:59.375,0.86543,0.86561
2013.03.04 00:57:59.758,0.86543,0.86561
2013.03.04 00:57:59.945,0.86543,0.86561
2013.03.04 00:58:00.185,0.86543,0.86561
2013.03.04 00:58:00.245,0.86543,0.86561
2013.03.04 00:58:00.555,0.86543,0.86561
2013.03.04 00:58:00.735,0.86543,0.86561
2013.03.04 00:58:00.925,0.86543,0.86561
2013.03.04 00:58:01.165,0.86543,0.86561
2013.03.04 00:58:01.475,0.86543,0.86561
2013.03.04 00:58:01.718,0.86543,0.86561
2013.03.04 00:58:01.905,0.86543,0.86561
2013.03.04 00:58:02.266,0.86543,0.86561
2013.03.04 00:58:02.455,0.86543,0.86561
2013.03.04 00:58:02.699,0.86543,0.86561
2013.03.04 00:58:02.884,0.86543,0.86561
2013.03.04 00:58:03.124,0.86543,0.86561
2013.03.04 00:58:03.485,0.86543,0.86561
2013.03.04 00:58:03.848,0.86543,0.86561
2013.03.04 00:58:03.975,0.86543,0.86561
2013.03.04 00:58:04.154,0.86543,0.86561
2013.03.04 00:58:04.395,0.86543,0.86561
2013.03.04 00:58:04.973,0.86543,0.86561
2013.03.04 00:58:05.297,0.86543,0.86561
2013.03.04 00:58:05.425,0.86543,0.86561
2013.03.04 00:58:05.725,0.86543,0.86561
2013.03.04 00:58:05.915,0.86543,0.86561
2013.03.04 00:58:06.165,0.86543,0.86561
2013.03.04 00:58:06.404,0.86543,0.86561
2013.03.04 00:58:06.706,0.86543,0.86561
2013.03.04 00:58:06.955,0.86543,0.86561
2013.03.04 00:58:07.135,0.86543,0.86561
2013.03.04 00:58:07.494,0.86543,0.86561
2013.03.04 00:58:07.674,0.86543,0.86561
2013.03.04 00:58:07.915,0.86543,0.86561
2013.03.04 00:58:08.155,0.86543,0.86561
2013.03.04 00:58:08.455,0.86543,0.86561
2013.03.04 00:58:08.694,0.86543,0.86561
2013.03.04 00:58:08.934,0.86543,0.86561
2013.03.04 00:58:09.234,0.86543,0.86561
2013.03.04 00:58:09.475,0.86543,0.86561
2013.03.04 00:58:09.786,0.86543,0.86561
2013.03.04 00:58:09.915,0.86543,0.86561
2013.03.04 00:58:10.215,0.86543,0.86561
2013.03.04 00:58:10.464,0.86543,0.86561
2013.03.04 00:58:10.717,0.86543,0.86561
2013.03.04 00:58:11.276,0.86544,0.86562
2013.03.04 00:58:11.654,0.86543,0.86561
2013.03.04 00:58:11.895,0.86543,0.86561
2013.03.04 00:58:12.194,0.86543,0.86561
2013.03.04 00:58:12.435,0.86543,0.86561
2013.03.04 00:58:12.675,0.86543,0.86561
2013.03.04 00:58:12.974,0.86543,0.86561
2013.03.04 00:58:14.174,0.86544,0.86562
2013.03.04 00:58:14.535,0.86544,0.86562
2013.03.04 00:58:14.654,0.86544,0.86562
2013.03.04 00:58:15.175,0.86544,0.86562
2013.03.04 00:58:15.728,0.86544,0.86562
2013.03.04 00:58:16.475,0.86544,0.86562
2013.03.04 00:58:17.004,0.86544,0.86562
2013.03.04 00:58:17.185,0.86544,0.86562
2013.03.04 00:58:17.914,0.86544,0.86562
2013.03.04 00:58:18.094,0.86544,0.86562
2013.03.04 00:58:18.275,0.86543,0.86562
2013.03.04 00:58:18.454,0.86544,0.86562
2013.03.04 00:58:18.694,0.86543,0.86562
2013.03.04 00:58:18.934,0.86544,0.86562
2013.03.04 00:58:19.234,0.86543,0.86562
2013.03.04 00:58:19.454,0.86544,0.86562
2013.03.04 00:58:19.694,0.86543,0.86562
2013.03.04 00:58:19.934,0.86544,0.86562
2013.03.04 00:58:20.234,0.86543,0.86562
2013.03.04 00:58:20.444,0.86544,0.86562
2013.03.04 00:58:20.684,0.86543,0.86562
2013.03.04 00:58:20.924,0.86544,0.86562
2013.03.04 00:58:21.244,0.86543,0.86562
2013.03.04 00:58:21.435,0.86544,0.86562
2013.03.04 00:58:21.655,0.86543,0.86562
2013.03.04 00:58:21.895,0.86544,0.86562
2013.03.04 00:58:22.194,0.86544,0.86562
2013.03.04 00:58:22.434,0.86544,0.86562
2013.03.04 00:58:22.736,0.86544,0.86562
2013.03.04 00:58:22.805,0.86544,0.86562
2013.03.04 00:58:22.985,0.86545,0.86562
2013.03.04 00:58:23.225,0.86544,0.86562
2013.03.04 00:58:23.412,0.86545,0.86562
2013.03.04 00:58:23.654,0.86544,0.86562
2013.03.04 00:58:23.954,0.86544,0.86562
2013.03.04 00:58:24.194,0.86544,0.86562
2013.03.04 00:58:24.435,0.86544,0.86562
2013.03.04 00:58:24.624,0.86544,0.86562
2013.03.04 00:58:24.995,0.86544,0.86562
2013.03.04 00:58:25.357,0.86544,0.86562
2013.03.04 00:58:25.428,0.86544,0.86562
2013.03.04 00:58:25.614,0.86544,0.86562
2013.03.04 00:58:25.974,0.86544,0.86562
2013.03.04 00:58:26.214,0.86544,0.86562
2013.03.04 00:58:26.394,0.86544,0.86562
2013.03.04 00:58:26.634,0.86544,0.86562
2013.03.04 00:58:26.934,0.86544,0.86562
2013.03.04 00:58:27.174,0.86544,0.86562
2013.03.04 00:58:27.414,0.86544,0.86562
2013.03.04 00:58:27.714,0.86544,0.86562
2013.03.04 00:58:27.955,0.86544,0.86562
2013.03.04 00:58:28.195,0.86544,0.86562
2013.03.04 00:58:28.374,0.86544,0.86562
2013.03.04 00:58:28.734,0.86544,0.86562
2013.03.04 00:58:28.934,0.86544,0.86562
2013.03.04 00:58:29.184,0.86544,0.86562
2013.03.04 00:58:29.384,0.86544,0.86562
2013.03.04 00:58:29.684,0.86544,0.86562
2013.03.04 00:58:29.945,0.86544,0.86562
2013.03.04 00:58:30.184,0.86544,0.86562
2013.03.04 00:58:30.509,0.86544,0.86562
2013.03.04 00:58:30.695,0.86544,0.86562
2013.03.04 00:58:30.934,0.86544,0.86562
2013.03.04 00:58:31.125,0.86544,0.86562
2013.03.04 00:58:31.485,0.86544,0.86562
2013.03.04 00:58:31.724,0.86542,0.86562
2013.03.04 00:58:31.904,0.86542,0.86562
2013.03.04 00:58:32.145,0.86543,0.86562
2013.03.04 00:58:32.465,0.86544,0.86562
2013.03.04 00:58:32.705,0.86542,0.86562
2013.03.04 00:58:32.884,0.86542,0.86562
2013.03.04 00:58:33.244,0.86543,0.86562
2013.03.04 00:58:33.424,0.86544,0.86562
2013.03.04 00:58:33.664,0.86543,0.86562
2013.03.04 00:58:33.904,0.86544,0.86562
2013.03.04 00:58:34.204,0.86543,0.86562
2013.03.04 00:58:34.444,0.86544,0.86562
2013.03.04 00:58:34.685,0.86542,0.86562
2013.03.04 00:58:34.885,0.86544,0.86562
2013.03.04 00:58:35.196,0.86543,0.86562
2013.03.04 00:58:35.444,0.86544,0.86562
2013.03.04 00:58:35.635,0.86544,0.86562
2013.03.04 00:58:35.996,0.86544,0.86562
2013.03.04 00:58:36.195,0.86542,0.86562
2013.03.04 00:58:36.455,0.86544,0.86562
2013.03.04 00:58:36.635,0.86544,0.86562
2013.03.04 00:58:36.975,0.86544,0.86562
2013.03.04 00:58:37.214,0.86543,0.86562
2013.03.04 00:58:37.394,0.86544,0.86562
2013.03.04 00:58:37.634,0.86542,0.8656
2013.03.04 00:58:37.934,0.86543,0.8656
2013.03.04 00:58:38.174,0.86542,0.8656
2013.03.04 00:58:38.414,0.86542,0.8656
2013.03.04 00:58:38.714,0.86542,0.8656
2013.03.04 00:58:38.964,0.86542,0.8656
2013.03.04 00:58:39.144,0.86542,0.8656
2013.03.04 00:58:39.385,0.86543,0.8656
2013.03.04 00:58:39.744,0.86542,0.8656
2013.03.04 00:58:39.925,0.86543,0.8656
2013.03.04 00:58:40.165,0.86543,0.8656
2013.03.04 00:58:40.355,0.86543,0.8656
2013.03.04 00:58:40.724,0.86543,0.8656
2013.03.04 00:58:40.905,0.86543,0.8656
2013.03.04 00:58:41.156,0.86543,0.8656
2013.03.04 00:58:41.465,0.86543,0.8656
2013.03.04 00:58:41.705,0.86543,0.86562
2013.03.04 00:58:41.963,0.86543,0.86562
2013.03.04 00:58:42.264,0.86543,0.86562
2013.03.04 00:58:42.504,0.86543,0.86562
2013.03.04 00:58:42.685,0.86543,0.86562
2013.03.04 00:58:42.945,0.86543,0.86562
2013.03.04 00:58:43.255,0.86542,0.86562
2013.03.04 00:58:43.485,0.86543,0.86562
2013.03.04 00:58:44.177,0.86544,0.86564
2013.03.04 00:58:44.247,0.86546,0.86564
2013.03.04 00:58:44.536,0.86546,0.86564
2013.03.04 00:58:44.666,0.86546,0.86565
2013.03.04 00:58:44.914,0.86546,0.86565
2013.03.04 00:58:45.215,0.86546,0.86565
2013.03.04 00:58:45.435,0.86546,0.86565
2013.03.04 00:58:45.795,0.86546,0.86565
2013.03.04 00:58:45.916,0.86546,0.86565
2013.03.04 00:58:46.235,0.86546,0.86565
2013.03.04 00:58:46.424,0.86546,0.86566
2013.03.04 00:58:46.664,0.86546,0.86566
2013.03.04 00:58:47.025,0.86546,0.86566
2013.03.04 00:58:47.206,0.86546,0.86566
2013.03.04 00:58:47.454,0.86546,0.86566
2013.03.04 00:58:47.634,0.86546,0.86566
2013.03.04 00:58:47.994,0.86546,0.86566
2013.03.04 00:58:48.200,0.86546,0.86566
2013.03.04 00:58:48.444,0.86546,0.86566
2013.03.04 00:58:48.624,0.86546,0.86566
2013.03.04 00:58:48.984,0.86546,0.86566
2013.03.04 00:58:49.285,0.86546,0.86566
2013.03.04 00:58:49.405,0.86546,0.86566
2013.03.04 00:58:49.782,0.86546,0.86566
2013.03.04 00:58:49.965,0.86546,0.86566
2013.03.04 00:58:50.205,0.86546,0.86566
2013.03.04 00:58:50.384,0.86546,0.86566
2013.03.04 00:58:50.745,0.86546,0.86566
2013.03.04 00:58:50.961,0.86546,0.86566
2013.03.04 00:58:51.144,0.86546,0.86566
2013.03.04 00:58:51.385,0.86546,0.86566
2013.03.04 00:58:51.744,0.86546,0.86566
2013.03.04 00:58:51.964,0.86548,0.86566
2013.03.04 00:58:52.134,0.86547,0.86566
2013.03.04 00:58:52.374,0.86548,0.86566
2013.03.04 00:58:52.684,0.86546,0.86566
2013.03.04 00:58:52.924,0.86548,0.86566
2013.03.04 00:58:53.285,0.86546,0.86566
2013.03.04 00:58:53.465,0.86548,0.86565
2013.03.04 00:58:53.705,0.86546,0.86566
2013.03.04 00:58:53.944,0.86548,0.86565
2013.03.04 00:58:54.124,0.86546,0.86565
2013.03.04 00:58:54.495,0.86548,0.86565
2013.03.04 00:58:54.685,0.86546,0.86566
2013.03.04 00:58:54.934,0.86548,0.86565
2013.03.04 00:58:55.115,0.86547,0.86565
2013.03.04 00:58:55.474,0.86548,0.86566
2013.03.04 00:58:55.664,0.86547,0.86566
2013.03.04 00:58:55.905,0.86546,0.86566
2013.03.04 00:58:56.215,0.86545,0.86565
2013.03.04 00:58:56.435,0.86545,0.86565
2013.03.04 00:58:56.644,0.86545,0.86565
2013.03.04 00:58:56.884,0.86545,0.86565
2013.03.04 00:58:57.245,0.86545,0.86565
2013.03.04 00:58:57.424,0.86545,0.86565
2013.03.04 00:58:57.664,0.86545,0.86565
2013.03.04 00:58:58.024,0.86545,0.86565
2013.03.04 00:58:58.204,0.86545,0.86565
2013.03.04 00:58:58.445,0.86545,0.86565
2013.03.04 00:58:58.624,0.86545,0.86565
2013.03.04 00:58:59.044,0.86545,0.86565
2013.03.04 00:58:59.226,0.86545,0.86565
2013.03.04 00:58:59.415,0.86545,0.86565
2013.03.04 00:58:59.655,0.86545,0.86565
2013.03.04 00:58:59.954,0.86545,0.86565
2013.03.04 00:59:00.195,0.86545,0.86565
2013.03.04 00:59:00.384,0.86545,0.86565
2013.03.04 00:59:00.625,0.86545,0.86565
2013.03.04 00:59:00.987,0.86545,0.86565
2013.03.04 00:59:01.185,0.86545,0.86565
2013.03.04 00:59:01.724,0.86545,0.86565
2013.03.04 00:59:01.944,0.86545,0.86565
2013.03.04 00:59:02.185,0.86545,0.86565
2013.03.04 00:59:02.366,0.86547,0.86565
2013.03.04 00:59:02.735,0.86547,0.86565
2013.03.04 00:59:02.925,0.86547,0.86565
2013.03.04 00:59:03.165,0.86547,0.86565
2013.03.04 00:59:03.414,0.86547,0.86565
2013.03.04 00:59:03.714,0.86547,0.86565
2013.03.04 00:59:03.954,0.86547,0.86565
2013.03.04 00:59:04.134,0.86547,0.86565
2013.03.04 00:59:04.498,0.86547,0.86565
2013.03.04 00:59:04.684,0.86547,0.86565
2013.03.04 00:59:04.945,0.86547,0.86565
2013.03.04 00:59:05.267,0.86547,0.86565
2013.03.04 00:59:05.455,0.86547,0.86565
2013.03.04 00:59:05.695,0.86547,0.86565
2013.03.04 00:59:05.885,0.86547,0.86565
2013.03.04 00:59:06.385,0.86546,0.86564
2013.03.04 00:59:06.445,0.86546,0.86563
2013.03.04 00:59:06.768,0.86543,0.8656
2013.03.04 00:59:07.325,0.86543,0.8656
2013.03.04 00:59:08.699,0.86543,0.86559
2013.03.04 00:59:12.788,0.86543,0.8656
2013.03.04 00:59:13.155,0.86543,0.86563
2013.03.04 00:59:13.404,0.86544,0.86564
2013.03.04 00:59:13.724,0.86544,0.86564
2013.03.04 00:59:13.965,0.86544,0.86564
2013.03.04 00:59:14.204,0.86544,0.86564
2013.03.04 00:59:14.384,0.86544,0.86564
2013.03.04 00:59:14.744,0.86544,0.86564
2013.03.04 00:59:14.924,0.86544,0.86564
2013.03.04 00:59:15.166,0.86544,0.86564
2013.03.04 00:59:15.354,0.86544,0.86564
2013.03.04 00:59:15.714,0.86544,0.86564
2013.03.04 00:59:15.925,0.86544,0.86564
2013.03.04 00:59:16.175,0.86544,0.86564
2013.03.04 00:59:16.474,0.86544,0.86564
2013.03.04 00:59:16.724,0.86544,0.86564
2013.03.04 00:59:16.905,0.86544,0.86564
2013.03.04 00:59:17.237,0.86544,0.86564
2013.03.04 00:59:17.498,0.86544,0.86564
2013.03.04 00:59:17.684,0.86544,0.86564
2013.03.04 00:59:17.934,0.86544,0.86564
2013.03.04 00:59:18.235,0.86544,0.86564
2013.03.04 00:59:18.485,0.86544,0.86564
2013.03.04 00:59:18.674,0.86544,0.86564
2013.03.04 00:59:18.914,0.86544,0.86564
2013.03.04 00:59:19.244,0.86544,0.86564
2013.03.04 00:59:19.486,0.86544,0.86564
2013.03.04 00:59:19.795,0.86546,0.86565
2013.03.04 00:59:19.915,0.86546,0.86565
2013.03.04 00:59:20.114,0.86546,0.86566
2013.03.04 00:59:20.293,0.86546,0.86566
2013.03.04 00:59:20.476,0.86546,0.86566
2013.03.04 00:59:20.675,0.86546,0.86566
2013.03.04 00:59:20.916,0.86546,0.86566
2013.03.04 00:59:21.235,0.86546,0.86566
2013.03.04 00:59:21.475,0.86546,0.86566
2013.03.04 00:59:21.655,0.86546,0.86566
2013.03.04 00:59:21.894,0.86546,0.86566
2013.03.04 00:59:22.224,0.86546,0.86566
2013.03.04 00:59:22.434,0.86546,0.86566
2013.03.04 00:59:22.675,0.86546,0.86566
2013.03.04 00:59:22.854,0.86546,0.86566
2013.03.04 00:59:23.214,0.86546,0.86566
2013.03.04 00:59:23.460,0.86546,0.86566
2013.03.04 00:59:23.765,0.86546,0.86566
2013.03.04 00:59:24.004,0.86546,0.86566
2013.03.04 00:59:24.354,0.86546,0.86566
2013.03.04 00:59:24.415,0.86546,0.86566
2013.03.04 00:59:24.655,0.86546,0.86566
2013.03.04 00:59:24.965,0.86548,0.86566
2013.03.04 00:59:25.085,0.86549,0.86567
2013.03.04 00:59:26.755,0.86549,0.86568
2013.03.04 00:59:26.935,0.86549,0.86568
2013.03.04 00:59:27.118,0.8655,0.86568
2013.03.04 00:59:28.374,0.8655,0.86568
2013.03.04 00:59:28.435,0.8655,0.86569
2013.03.04 00:59:31.787,0.8655,0.8657
2013.03.04 00:59:32.161,0.8655,0.86567
2013.03.04 01:00:08.698,0.86548,0.86566
2013.03.04 01:00:11.704,0.86548,0.86568
2013.03.04 01:00:47.705,0.86549,0.86568
2013.03.04 01:00:47.826,0.86549,0.86568
2013.03.04 01:00:48.378,0.86554,0.86569
2013.03.04 01:00:48.687,0.86554,0.86572
2013.03.04 01:00:51.036,0.86554,0.86572
2013.03.04 01:00:51.662,0.86553,0.86571
2013.03.04 01:00:55.178,0.86554,0.86571
2013.03.04 01:00:55.634,0.86554,0.86572
2013.03.04 01:00:55.875,0.86554,0.86572
2013.03.04 01:00:56.236,0.86554,0.86572
2013.03.04 01:00:56.437,0.86554,0.86572
2013.03.04 01:00:56.635,0.86554,0.86572
2013.03.04 01:00:56.947,0.86553,0.8657
2013.03.04 01:00:57.016,0.86553,0.8657
2013.03.04 01:01:01.736,0.86553,0.86569
2013.03.04 01:01:02.285,0.86553,0.86569
2013.03.04 01:01:02.748,0.86554,0.86571
2013.03.04 01:01:03.658,0.86554,0.86571
2013.03.04 01:01:03.728,0.86554,0.86571
2013.03.04 01:01:03.917,0.86553,0.86573
2013.03.04 01:01:04.469,0.86553,0.86573
2013.03.04 01:01:05.695,0.86553,0.86573
2013.03.04 01:01:06.245,0.86553,0.86573
2013.03.04 01:01:06.806,0.86553,0.86573
2013.03.04 01:01:07.308,0.86553,0.86573
2013.03.04 01:01:08.215,0.86555,0.86574
2013.03.04 01:01:08.516,0.86555,0.86574
2013.03.04 01:01:09.064,0.86553,0.86573
2013.03.04 01:01:09.786,0.86553,0.86573
2013.03.04 01:01:10.196,0.86554,0.86572
2013.03.04 01:01:10.332,0.86552,0.86572
2013.03.04 01:01:10.886,0.8655,0.86569
2013.03.04 01:01:11.305,0.8655,0.86569
2013.03.04 01:01:11.855,0.8655,0.86569
2013.03.04 01:01:15.104,0.8655,0.86568
2013.03.04 01:01:15.370,0.8655,0.86569
2013.03.04 01:01:15.497,0.86552,0.86569
2013.03.04 01:01:15.823,0.86552,0.86569
2013.03.04 01:01:15.946,0.86552,0.86568
2013.03.04 01:01:16.077,0.86553,0.86573
2013.03.04 01:01:16.386,0.86553,0.86573
2013.03.04 01:01:16.895,0.86553,0.86573
2013.03.04 01:01:17.934,0.86553,0.86573
2013.03.04 01:01:18.458,0.86553,0.86573
2013.03.04 01:01:18.996,0.86553,0.86573
2013.03.04 01:01:19.205,0.86553,0.86573
2013.03.04 01:01:19.724,0.86553,0.86573
2013.03.04 01:01:21.251,0.86553,0.86573
2013.03.04 01:01:21.874,0.86553,0.86573
2013.03.04 01:01:22.703,0.86555,0.86573
2013.03.04 01:01:22.895,0.86555,0.86573
2013.03.04 01:01:23.185,0.86555,0.86573
2013.03.04 01:01:23.965,0.86555,0.86573
2013.03.04 01:01:24.985,0.86555,0.86573
2013.03.04 01:01:25.486,0.86555,0.86573
2013.03.04 01:01:26.405,0.86555,0.86573
2013.03.04 01:01:26.715,0.86555,0.86573
2013.03.04 01:01:27.267,0.86555,0.86573
2013.03.04 01:01:27.945,0.86555,0.86573
2013.03.04 01:01:28.496,0.86555,0.86573
2013.03.04 01:01:29.047,0.86555,0.86573
2013.03.04 01:01:29.175,0.86555,0.86573
2013.03.04 01:01:29.716,0.86555,0.86573
2013.03.04 01:01:30.456,0.86555,0.86573
2013.03.04 01:01:31.005,0.86555,0.86573
2013.03.04 01:01:31.816,0.86554,0.86573
2013.03.04 01:01:32.006,0.86554,0.86573
2013.03.04 01:01:32.685,0.86554,0.86573
2013.03.04 01:01:33.416,0.86554,0.86573
2013.03.04 01:01:33.665,0.86553,0.86573
2013.03.04 01:01:34.405,0.86553,0.86573
2013.03.04 01:01:35.216,0.86553,0.86573
2013.03.04 01:01:35.405,0.86553,0.86573
2013.03.04 01:01:35.645,0.86553,0.86573
2013.03.04 01:01:36.205,0.86553,0.86573
2013.03.04 01:01:36.716,0.86553,0.86573
2013.03.04 01:01:37.245,0.86553,0.86573
2013.03.04 01:01:37.795,0.86553,0.86573
2013.03.04 01:01:37.925,0.86553,0.86573
2013.03.04 01:01:38.195,0.86553,0.86573
2013.03.04 01:01:38.925,0.86553,0.86573
2013.03.04 01:01:39.706,0.86553,0.86573
2013.03.04 01:01:40.208,0.86553,0.86573
2013.03.04 01:01:40.755,0.86553,0.86573
2013.03.04 01:01:40.816,0.86553,0.86573
2013.03.04 01:01:40.948,0.86555,0.86573
2013.03.04 01:01:41.158,0.86555,0.86573
2013.03.04 01:01:41.377,0.86555,0.86573
2013.03.04 01:01:41.811,0.86555,0.86575
2013.03.04 01:01:44.465,0.86555,0.86573
2013.03.04 01:01:44.706,0.86554,0.86573
2013.03.04 01:01:44.826,0.86552,0.86573
2013.03.04 01:01:44.897,0.86553,0.86573
2013.03.04 01:01:45.146,0.86553,0.86571
2013.03.04 01:01:45.705,0.86551,0.86569
2013.03.04 01:01:49.635,0.86548,0.86568
2013.03.04 01:01:49.755,0.86548,0.86568
2013.03.04 01:01:51.668,0.86548,0.86568
2013.03.04 01:01:54.905,0.86548,0.86567
2013.03.04 01:01:55.415,0.86548,0.86567
2013.03.04 01:02:07.105,0.86548,0.86567
2013.03.04 01:02:07.656,0.86546,0.86565
2013.03.04 01:02:08.231,0.86546,0.86564
2013.03.04 01:02:10.017,0.86546,0.86564
2013.03.04 01:02:27.995,0.86546,0.86564
2013.03.04 01:02:28.178,0.86544,0.86563
2013.03.04 01:02:28.485,0.86543,0.86563
2013.03.04 01:02:30.997,0.86546,0.86565
2013.03.04 01:02:31.186,0.86548,0.86565
2013.03.04 01:02:31.505,0.86548,0.86565
2013.03.04 01:02:31.686,0.86548,0.86565
2013.03.04 01:02:35.206,0.86548,0.86565
2013.03.04 01:02:51.325,0.86548,0.86567
2013.03.04 01:02:51.445,0.86548,0.86567
2013.03.04 01:03:14.141,0.86551,0.8657
2013.03.04 01:03:14.533,0.86552,0.8657
2013.03.04 01:03:14.927,0.86552,0.86572
2013.03.04 01:03:17.876,0.86551,0.86568
2013.03.04 01:03:17.936,0.86549,0.86566
2013.03.04 01:03:18.486,0.86549,0.86566
2013.03.04 01:03:30.927,0.86547,0.86565
2013.03.04 01:03:31.476,0.86546,0.86565
2013.03.04 01:03:32.656,0.86545,0.86564
2013.03.04 01:03:32.897,0.86544,0.86562
2013.03.04 01:03:32.967,0.86543,0.86562
2013.03.04 01:03:34.325,0.86543,0.86561
2013.03.04 01:03:37.266,0.86543,0.86562
2013.03.04 01:03:37.815,0.86543,0.86562
2013.03.04 01:03:38.187,0.86543,0.86564
2013.03.04 01:03:38.332,0.86545,0.86565
2013.03.04 01:03:38.456,0.86547,0.86565
2013.03.04 01:03:47.800,0.86547,0.86565
2013.03.04 01:03:51.097,0.86545,0.86564
2013.03.04 01:03:51.166,0.86544,0.86563
2013.03.04 01:03:51.675,0.86545,0.86562
2013.03.04 01:03:54.006,0.86544,0.86564
2013.03.04 01:03:54.138,0.86548,0.86564
2013.03.04 01:03:54.206,0.86554,0.86568
2013.03.04 01:03:54.276,0.86554,0.86568
2013.03.04 01:03:54.456,0.86556,0.8657
2013.03.04 01:03:54.647,0.86556,0.86572
2013.03.04 01:04:05.813,0.86558,0.86572
2013.03.04 01:04:07.797,0.86558,0.86574
2013.03.04 01:04:07.866,0.86558,0.86574
2013.03.04 01:04:15.076,0.86558,0.86574
2013.03.04 01:04:28.915,0.86557,0.86572
2013.03.04 01:04:29.276,0.86557,0.86573
2013.03.04 01:04:31.854,0.86557,0.86572
2013.03.04 01:04:37.256,0.86557,0.86573
2013.03.04 01:04:38.676,0.86558,0.86575
2013.03.04 01:04:44.215,0.86562,0.86578
2013.03.04 01:04:50.728,0.86562,0.86578
2013.03.04 01:04:50.870,0.86562,0.86578
2013.03.04 01:04:52.166,0.86562,0.86579
2013.03.04 01:04:52.705,0.86562,0.8658
2013.03.04 01:04:52.945,0.86562,0.8658
2013.03.04 01:05:08.957,0.86563,0.86581
2013.03.04 01:05:09.145,0.86563,0.86581
2013.03.04 01:05:09.225,0.86563,0.86581
2013.03.04 01:05:09.369,0.86563,0.8658
2013.03.04 01:05:09.746,0.8656,0.86579
2013.03.04 01:05:10.372,0.8656,0.86579
2013.03.04 01:05:25.935,0.86561,0.86579
2013.03.04 01:05:26.475,0.86561,0.86579
2013.03.04 01:05:28.316,0.86561,0.86581
2013.03.04 01:05:28.617,0.86563,0.86582
2013.03.04 01:05:28.879,0.86564,0.86583
