Time,Bid,Ask
2013.03.05 00:00:00.141,0.86153,0.8617
2013.03.05 00:00:00.806,0.86152,0.8617
2013.03.05 00:00:01.355,0.86151,0.8617
2013.03.05 00:00:02.224,0.86151,0.8617
2013.03.05 00:00:02.912,0.86151,0.86169
2013.03.05 00:00:03.303,0.86151,0.86171
2013.03.05 00:00:03.844,0.8615,0.86169
2013.03.05 00:00:05.604,0.8615,0.8617
2013.03.05 00:00:06.119,0.8615,0.86169
2013.03.05 00:00:08.514,0.8615,0.86168
2013.03.05 00:00:09.074,0.8615,0.86168
2013.03.05 00:00:23.415,0.86151,0.86168
2013.03.05 00:00:27.508,0.86151,0.86167
2013.03.05 00:00:34.427,0.86149,0.86166
2013.03.05 00:00:35.028,0.86149,0.86166
2013.03.05 00:00:35.340,0.86153,0.86166
2013.03.05 00:00:36.206,0.86155,0.86169
2013.03.05 00:00:36.508,0.86157,0.86172
2013.03.05 00:00:36.576,0.86157,0.86172
2013.03.05 00:00:36.708,0.86155,0.86172
2013.03.05 00:00:37.401,0.86156,0.86169
2013.03.05 00:00:38.507,0.86156,0.86171
2013.03.05 00:00:38.697,0.86156,0.86173
2013.03.05 00:00:39.606,0.86156,0.86174
2013.03.05 00:00:39.906,0.86158,0.86174
2013.03.05 00:00:40.277,0.86159,0.86177
2013.03.05 00:00:40.815,0.86159,0.86177
2013.03.05 00:00:41.246,0.8616,0.86178
2013.03.05 00:00:47.346,0.86161,0.86176
2013.03.05 00:00:47.878,0.8616,0.86175
2013.03.05 00:00:49.676,0.8616,0.86176
2013.03.05 00:00:49.927,0.8616,0.86175
2013.03.05 00:00:54.437,0.8616,0.86177
2013.03.05 00:00:55.717,0.8616,0.86177
2013.03.05 00:00:56.039,0.8616,0.86174
2013.03.05 00:00:56.618,0.86158,0.86173
2013.03.05 00:00:56.926,0.86157,0.86172
2013.03.05 00:00:57.357,0.86157,0.86173
2013.03.05 00:00:57.961,0.86157,0.86173
2013.03.05 00:01:01.366,0.86157,0.86169
2013.03.05 00:01:01.678,0.86153,0.86159
2013.03.05 00:01:01.927,0.86153,0.86159
2013.03.05 00:01:02.297,0.86146,0.86159
2013.03.05 00:01:02.429,0.86145,0.86159
2013.03.05 00:01:02.497,0.86145,0.86159
2013.03.05 00:01:02.707,0.86145,0.86158
2013.03.05 00:01:03.257,0.86147,0.86158
2013.03.05 00:01:03.449,0.86148,0.86158
2013.03.05 00:01:03.817,0.86149,0.86163
2013.03.05 00:01:04.070,0.86148,0.86162
2013.03.05 00:01:04.681,0.86148,0.86155
2013.03.05 00:01:04.754,0.86143,0.86155
2013.03.05 00:01:06.472,0.86144,0.86156
2013.03.05 00:01:06.936,0.86148,0.86156
2013.03.05 00:01:07.297,0.86147,0.8616
2013.03.05 00:01:07.487,0.8615,0.8616
2013.03.05 00:01:07.679,0.86147,0.8616
2013.03.05 00:01:08.297,0.86149,0.86161
2013.03.05 00:01:10.937,0.8615,0.86161
2013.03.05 00:01:11.056,0.8615,0.86156
2013.03.05 00:01:11.736,0.8615,0.86156
2013.03.05 00:01:12.120,0.8615,0.8616
2013.03.05 00:01:13.109,0.8615,0.86156
2013.03.05 00:01:16.521,0.8615,0.86157
2013.03.05 00:01:16.828,0.8615,0.86157
2013.03.05 00:01:17.466,0.8615,0.86161
2013.03.05 00:01:18.169,0.86152,0.86161
2013.03.05 00:01:19.247,0.86154,0.86163
2013.03.05 00:01:19.316,0.86154,0.86165
2013.03.05 00:01:19.388,0.86154,0.86167
2013.03.05 00:01:20.685,0.86154,0.86167
2013.03.05 00:01:23.066,0.86155,0.86167
2013.03.05 00:01:28.536,0.86155,0.86168
2013.03.05 00:01:29.116,0.86155,0.86168
2013.03.05 00:01:29.727,0.86155,0.86167
2013.03.05 00:01:30.623,0.86155,0.86166
2013.03.05 00:01:31.127,0.86155,0.86166
2013.03.05 00:01:31.706,0.86155,0.86166
2013.03.05 00:01:32.551,0.86155,0.86166
2013.03.05 00:01:33.161,0.86155,0.86166
2013.03.05 00:01:33.844,0.86155,0.86166
2013.03.05 00:01:34.368,0.86155,0.86166
2013.03.05 00:01:35.527,0.86155,0.86166
2013.03.05 00:01:36.187,0.86155,0.86166
2013.03.05 00:01:37.148,0.86154,0.86166
2013.03.05 00:01:37.220,0.86149,0.86159
2013.03.05 00:01:37.289,0.86145,0.86158
2013.03.05 00:01:37.358,0.86145,0.86158
2013.03.05 00:01:37.680,0.86151,0.86161
2013.03.05 00:01:37.748,0.86149,0.86162
2013.03.05 00:01:38.296,0.86149,0.86162
2013.03.05 00:01:39.417,0.8615,0.86162
2013.03.05 00:01:39.738,0.8615,0.86162
2013.03.05 00:01:40.296,0.86151,0.86162
2013.03.05 00:01:43.328,0.86151,0.86162
2013.03.05 00:01:43.836,0.86151,0.86162
2013.03.05 00:01:45.411,0.86153,0.86163
2013.03.05 00:01:45.481,0.86154,0.86167
2013.03.05 00:01:45.548,0.86154,0.86167
2013.03.05 00:01:45.677,0.86154,0.86169
2013.03.05 00:01:45.870,0.86153,0.86169
2013.03.05 00:01:46.179,0.86154,0.86167
2013.03.05 00:01:50.737,0.86154,0.86169
2013.03.05 00:01:54.089,0.86154,0.86169
2013.03.05 00:02:01.718,0.86154,0.86166
2013.03.05 00:02:02.049,0.86151,0.86166
2013.03.05 00:02:02.359,0.86153,0.86166
2013.03.05 00:02:02.668,0.86157,0.86169
2013.03.05 00:02:03.050,0.86157,0.8617
2013.03.05 00:02:03.117,0.86157,0.8617
2013.03.05 00:02:03.247,0.86153,0.86168
2013.03.05 00:02:03.438,0.86153,0.86167
2013.03.05 00:02:03.568,0.86153,0.86165
2013.03.05 00:02:04.318,0.86151,0.86165
2013.03.05 00:02:04.649,0.86151,0.8616
2013.03.05 00:02:04.717,0.86148,0.8616
2013.03.05 00:02:04.787,0.86147,0.8616
2013.03.05 00:02:05.349,0.86146,0.8616
2013.03.05 00:02:16.378,0.86149,0.86163
2013.03.05 00:02:16.629,0.86152,0.86168
2013.03.05 00:02:17.177,0.86153,0.8617
2013.03.05 00:02:18.216,0.86155,0.8617
2013.03.05 00:02:18.690,0.86155,0.86169
2013.03.05 00:02:19.089,0.86153,0.86168
2013.03.05 00:02:19.708,0.86153,0.86167
2013.03.05 00:02:20.231,0.86153,0.86168
2013.03.05 00:02:29.037,0.86153,0.86169
2013.03.05 00:02:31.956,0.86154,0.8617
2013.03.05 00:02:32.396,0.86153,0.8617
2013.03.05 00:02:32.899,0.86156,0.8617
2013.03.05 00:02:39.936,0.86156,0.86174
2013.03.05 00:02:40.126,0.8616,0.86175
2013.03.05 00:02:40.438,0.86164,0.86178
2013.03.05 00:02:42.848,0.86164,0.8618
2013.03.05 00:02:42.917,0.86163,0.8618
2013.03.05 00:02:43.848,0.86162,0.8618
2013.03.05 00:02:46.878,0.86162,0.86177
2013.03.05 00:02:48.917,0.86162,0.86176
2013.03.05 00:02:49.467,0.8616,0.86176
2013.03.05 00:02:53.087,0.86161,0.86174
2013.03.05 00:02:57.387,0.86162,0.86174
2013.03.05 00:02:57.959,0.86162,0.86176
2013.03.05 00:03:10.706,0.86162,0.86175
2013.03.05 00:03:14.588,0.86161,0.86178
2013.03.05 00:03:15.168,0.86161,0.86177
2013.03.05 00:03:17.147,0.86161,0.86179
2013.03.05 00:03:18.357,0.86168,0.86179
2013.03.05 00:03:18.669,0.86169,0.86183
2013.03.05 00:03:18.978,0.86167,0.86183
2013.03.05 00:03:19.527,0.86167,0.86183
2013.03.05 00:03:19.716,0.86167,0.86183
2013.03.05 00:03:28.686,0.86166,0.8618
2013.03.05 00:03:29.148,0.86164,0.86179
2013.03.05 00:03:29.456,0.86164,0.86179
2013.03.05 00:03:30.106,0.86164,0.86179
2013.03.05 00:03:31.206,0.86164,0.8618
2013.03.05 00:03:31.848,0.86164,0.8618
2013.03.05 00:03:36.097,0.86164,0.8618
2013.03.05 00:03:36.166,0.86164,0.8618
2013.03.05 00:03:36.346,0.86164,0.8618
2013.03.05 00:03:36.406,0.86164,0.8618
2013.03.05 00:03:36.947,0.86167,0.8618
2013.03.05 00:03:37.186,0.86165,0.8618
2013.03.05 00:03:41.592,0.86168,0.8618
2013.03.05 00:03:42.097,0.86168,0.86182
2013.03.05 00:03:45.597,0.86168,0.86182
2013.03.05 00:03:45.668,0.86166,0.86179
2013.03.05 00:03:46.225,0.86165,0.86178
2013.03.05 00:03:47.296,0.86163,0.86178
2013.03.05 00:03:50.846,0.86163,0.86178
2013.03.05 00:03:51.357,0.86165,0.8618
2013.03.05 00:03:54.747,0.86165,0.86181
2013.03.05 00:03:59.727,0.86165,0.8618
2013.03.05 00:04:06.366,0.86166,0.86179
2013.03.05 00:04:10.427,0.86165,0.86179
2013.03.05 00:04:11.017,0.86166,0.86179
2013.03.05 00:04:15.286,0.86166,0.86179
2013.03.05 00:04:16.367,0.86166,0.86179
2013.03.05 00:04:17.968,0.86166,0.8618
2013.03.05 00:04:19.526,0.86165,0.86179
2013.03.05 00:04:20.056,0.86165,0.86179
2013.03.05 00:04:26.316,0.86164,0.86179
2013.03.05 00:04:28.406,0.86164,0.86178
2013.03.05 00:04:31.486,0.86165,0.86179
2013.03.05 00:04:40.536,0.86163,0.86177
2013.03.05 00:04:43.109,0.86163,0.86177
2013.03.05 00:04:50.981,0.86165,0.86177
2013.03.05 00:04:53.166,0.86165,0.86179
2013.03.05 00:04:56.157,0.86165,0.86179
2013.03.05 00:04:56.718,0.86165,0.86178
2013.03.05 00:04:58.336,0.86164,0.86178
2013.03.05 00:05:07.030,0.86163,0.86175
2013.03.05 00:05:07.101,0.86161,0.86175
2013.03.05 00:05:07.299,0.86159,0.86174
2013.03.05 00:05:07.560,0.86159,0.86173
2013.03.05 00:05:09.138,0.86156,0.86173
2013.03.05 00:05:10.207,0.86157,0.86173
2013.03.05 00:05:10.788,0.86157,0.86173
2013.03.05 00:05:13.127,0.86158,0.86172
2013.03.05 00:05:15.446,0.86158,0.86172
2013.03.05 00:05:19.151,0.86157,0.86172
2013.03.05 00:05:19.696,0.86157,0.86173
2013.03.05 00:05:20.249,0.86159,0.86173
2013.03.05 00:05:22.597,0.86159,0.86173
2013.03.05 00:05:26.232,0.86158,0.86174
2013.03.05 00:05:41.197,0.86158,0.86173
2013.03.05 00:05:41.737,0.86158,0.86175
2013.03.05 00:05:50.681,0.86158,0.86175
2013.03.05 00:05:52.877,0.86158,0.86175
2013.03.05 00:05:56.277,0.86159,0.86174
2013.03.05 00:05:57.428,0.86157,0.86174
2013.03.05 00:05:57.498,0.86157,0.86174
2013.03.05 00:05:57.688,0.86156,0.86173
2013.03.05 00:05:57.760,0.86157,0.86173
2013.03.05 00:05:58.308,0.86159,0.86176
2013.03.05 00:06:00.186,0.8616,0.86176
2013.03.05 00:06:02.186,0.8616,0.86175
2013.03.05 00:06:04.366,0.86159,0.86174
2013.03.05 00:06:06.406,0.86158,0.86174
2013.03.05 00:06:07.224,0.8616,0.86173
2013.03.05 00:06:08.396,0.8616,0.86174
2013.03.05 00:06:08.956,0.8616,0.86174
2013.03.05 00:06:16.416,0.8616,0.86174
2013.03.05 00:06:17.012,0.8616,0.86174
2013.03.05 00:06:21.359,0.8616,0.86174
2013.03.05 00:06:23.367,0.86163,0.86173
2013.03.05 00:06:23.438,0.86163,0.86174
2013.03.05 00:06:23.567,0.86161,0.86175
2013.03.05 00:06:24.119,0.8616,0.86173
2013.03.05 00:06:24.666,0.86158,0.86173
2013.03.05 00:06:31.067,0.86158,0.86173
2013.03.05 00:06:35.888,0.86158,0.86173
2013.03.05 00:06:44.489,0.86158,0.86173
2013.03.05 00:06:47.518,0.86158,0.86173
2013.03.05 00:06:47.706,0.86156,0.86172
2013.03.05 00:06:47.767,0.86156,0.8617
2013.03.05 00:06:51.287,0.86156,0.86169
2013.03.05 00:06:53.962,0.86156,0.86172
2013.03.05 00:06:55.707,0.86156,0.86172
2013.03.05 00:06:55.948,0.86156,0.86172
2013.03.05 00:06:59.220,0.86155,0.86171
2013.03.05 00:06:59.649,0.86155,0.86169
2013.03.05 00:06:59.778,0.86152,0.86169
2013.03.05 00:06:59.851,0.86152,0.86168
2013.03.05 00:07:00.536,0.86152,0.86168
2013.03.05 00:07:04.150,0.86155,0.86169
2013.03.05 00:07:04.900,0.86155,0.8617
2013.03.05 00:07:06.219,0.86155,0.86171
2013.03.05 00:07:06.422,0.86156,0.86173
2013.03.05 00:07:06.977,0.86156,0.86173
2013.03.05 00:07:07.521,0.86156,0.86173
2013.03.05 00:07:08.566,0.86156,0.86173
2013.03.05 00:07:09.208,0.86156,0.86173
2013.03.05 00:07:10.566,0.86156,0.86173
2013.03.05 00:07:11.094,0.86156,0.86173
2013.03.05 00:07:11.622,0.86156,0.86172
2013.03.05 00:07:12.940,0.86156,0.86172
2013.03.05 00:07:14.086,0.86155,0.86172
2013.03.05 00:07:15.199,0.86155,0.86171
2013.03.05 00:07:15.722,0.86154,0.86169
2013.03.05 00:07:16.051,0.86154,0.86169
2013.03.05 00:07:16.748,0.86154,0.86169
2013.03.05 00:07:17.269,0.86154,0.86169
2013.03.05 00:07:18.627,0.86154,0.86169
2013.03.05 00:07:18.948,0.86156,0.86172
2013.03.05 00:07:19.077,0.86156,0.86173
2013.03.05 00:07:19.197,0.86156,0.86173
2013.03.05 00:07:24.227,0.86157,0.86172
2013.03.05 00:07:24.928,0.86157,0.86172
2013.03.05 00:07:25.119,0.86157,0.86173
2013.03.05 00:07:25.432,0.86159,0.86174
2013.03.05 00:07:25.698,0.86159,0.86175
2013.03.05 00:07:26.019,0.86162,0.86176
2013.03.05 00:07:26.581,0.86165,0.86177
2013.03.05 00:07:26.831,0.86164,0.86179
2013.03.05 00:07:26.958,0.86165,0.86179
2013.03.05 00:07:27.148,0.86164,0.86179
2013.03.05 00:07:27.706,0.86164,0.86179
2013.03.05 00:07:38.797,0.86161,0.86178
2013.03.05 00:07:38.930,0.86158,0.86173
2013.03.05 00:07:39.258,0.86155,0.86169
2013.03.05 00:07:39.328,0.8615,0.86168
2013.03.05 00:07:39.397,0.86149,0.86168
2013.03.05 00:07:39.459,0.86149,0.86165
2013.03.05 00:07:39.708,0.86149,0.86165
2013.03.05 00:07:39.897,0.86149,0.86165
2013.03.05 00:07:40.317,0.86147,0.86165
2013.03.05 00:07:40.687,0.86147,0.86165
2013.03.05 00:07:40.746,0.86148,0.86164
2013.03.05 00:07:40.928,0.86147,0.86162
2013.03.05 00:07:42.098,0.86145,0.86162
2013.03.05 00:07:44.309,0.86145,0.86162
2013.03.05 00:07:45.577,0.86144,0.86161
2013.03.05 00:07:50.168,0.86143,0.86161
2013.03.05 00:07:56.435,0.86144,0.86162
2013.03.05 00:07:58.938,0.86146,0.86161
2013.03.05 00:08:07.359,0.86144,0.86161
2013.03.05 00:08:09.948,0.86144,0.86161
2013.03.05 00:08:10.541,0.86144,0.86162
2013.03.05 00:08:11.897,0.86144,0.86161
2013.03.05 00:08:23.486,0.86145,0.86161
2013.03.05 00:08:26.512,0.86145,0.86161
2013.03.05 00:08:27.029,0.86145,0.8616
2013.03.05 00:08:27.577,0.86142,0.8616
2013.03.05 00:08:27.708,0.86144,0.8616
2013.03.05 00:08:36.987,0.86145,0.8616
2013.03.05 00:09:04.939,0.86145,0.86159
2013.03.05 00:09:05.308,0.86145,0.86159
2013.03.05 00:09:05.833,0.86145,0.86159
2013.03.05 00:09:07.804,0.86143,0.86159
2013.03.05 00:09:10.707,0.86141,0.86159
2013.03.05 00:09:11.521,0.86141,0.86159
2013.03.05 00:09:32.436,0.86147,0.86159
2013.03.05 00:09:35.783,0.86147,0.8616
2013.03.05 00:09:36.443,0.86147,0.8616
2013.03.05 00:09:45.867,0.86147,0.86161
2013.03.05 00:09:46.166,0.86145,0.86161
2013.03.05 00:09:47.486,0.86145,0.86161
2013.03.05 00:09:47.549,0.86149,0.86161
2013.03.05 00:09:47.616,0.86149,0.86163
2013.03.05 00:09:48.117,0.86149,0.86163
2013.03.05 00:09:48.657,0.86148,0.86163
2013.03.05 00:09:49.206,0.86149,0.86163
2013.03.05 00:09:49.987,0.86148,0.86163
2013.03.05 00:09:50.550,0.86149,0.86163
2013.03.05 00:09:52.436,0.86148,0.86163
2013.03.05 00:09:53.266,0.86149,0.86163
2013.03.05 00:09:54.727,0.86148,0.86163
2013.03.05 00:09:55.256,0.86149,0.86163
2013.03.05 00:09:55.787,0.86148,0.86163
2013.03.05 00:09:56.337,0.86149,0.86163
2013.03.05 00:09:57.741,0.86148,0.86163
2013.03.05 00:09:58.816,0.86149,0.86163
2013.03.05 00:10:00.133,0.86149,0.86164
2013.03.05 00:10:00.670,0.86148,0.86164
2013.03.05 00:10:01.207,0.86149,0.86164
2013.03.05 00:10:01.829,0.86148,0.86165
2013.03.05 00:10:02.377,0.86149,0.86165
2013.03.05 00:10:04.167,0.86148,0.86162
2013.03.05 00:10:04.692,0.86149,0.86162
2013.03.05 00:10:06.573,0.86148,0.86161
2013.03.05 00:10:06.767,0.86149,0.86162
2013.03.05 00:10:07.222,0.86148,0.86164
2013.03.05 00:10:07.767,0.86149,0.86164
2013.03.05 00:10:10.838,0.86149,0.86164
2013.03.05 00:10:11.802,0.86148,0.86163
2013.03.05 00:10:14.472,0.86149,0.86163
2013.03.05 00:10:15.418,0.86148,0.86163
2013.03.05 00:10:16.279,0.86149,0.86163
2013.03.05 00:10:16.791,0.86148,0.86161
2013.03.05 00:10:17.327,0.86149,0.86161
2013.03.05 00:10:17.918,0.86149,0.86161
2013.03.05 00:10:18.596,0.86149,0.86162
2013.03.05 00:10:19.160,0.86148,0.86162
2013.03.05 00:10:19.415,0.86146,0.86162
2013.03.05 00:10:20.162,0.86147,0.86162
2013.03.05 00:10:20.228,0.86149,0.86162
2013.03.05 00:10:21.407,0.86148,0.86162
2013.03.05 00:10:22.197,0.86149,0.86162
2013.03.05 00:10:22.926,0.86149,0.86162
2013.03.05 00:10:23.568,0.86148,0.86162
2013.03.05 00:10:24.117,0.86149,0.86162
2013.03.05 00:10:24.769,0.86148,0.86162
2013.03.05 00:10:25.366,0.86149,0.86162
2013.03.05 00:10:27.207,0.86148,0.86162
2013.03.05 00:10:29.187,0.86149,0.86161
2013.03.05 00:10:30.847,0.86148,0.86161
2013.03.05 00:10:32.237,0.86149,0.86161
2013.03.05 00:10:34.149,0.86148,0.86161
2013.03.05 00:10:35.009,0.86149,0.86161
2013.03.05 00:10:35.522,0.86148,0.86161
2013.03.05 00:10:36.077,0.86149,0.86161
2013.03.05 00:10:38.198,0.86148,0.86162
2013.03.05 00:10:38.859,0.86149,0.86162
2013.03.05 00:10:39.467,0.86147,0.86162
2013.03.05 00:10:40.357,0.86147,0.86162
2013.03.05 00:10:40.536,0.86146,0.86162
2013.03.05 00:10:40.657,0.86147,0.86162
2013.03.05 00:10:41.217,0.86147,0.86162
2013.03.05 00:10:41.789,0.86147,0.86162
2013.03.05 00:10:42.237,0.86142,0.86161
2013.03.05 00:10:49.239,0.86143,0.86162
2013.03.05 00:10:54.676,0.86144,0.86162
2013.03.05 00:11:01.354,0.86145,0.86162
2013.03.05 00:11:03.233,0.86148,0.86166
2013.03.05 00:11:08.168,0.86149,0.86165
2013.03.05 00:11:08.699,0.86152,0.86166
2013.03.05 00:11:09.257,0.86152,0.86166
2013.03.05 00:11:10.256,0.86152,0.86166
2013.03.05 00:11:15.088,0.86152,0.86166
2013.03.05 00:11:15.828,0.86152,0.86169
2013.03.05 00:11:20.389,0.86151,0.86167
2013.03.05 00:11:22.667,0.86151,0.86166
2013.03.05 00:11:27.439,0.86151,0.86167
2013.03.05 00:11:45.268,0.86152,0.86168
2013.03.05 00:11:46.207,0.86152,0.8617
2013.03.05 00:11:52.378,0.86153,0.86169
2013.03.05 00:11:52.698,0.86152,0.86168
2013.03.05 00:11:54.647,0.86152,0.86166
2013.03.05 00:12:02.596,0.86149,0.86167
2013.03.05 00:12:03.211,0.86149,0.86166
2013.03.05 00:12:03.910,0.86149,0.86167
2013.03.05 00:12:15.106,0.86149,0.86167
2013.03.05 00:12:16.384,0.8615,0.86167
2013.03.05 00:12:20.147,0.8615,0.86167
2013.03.05 00:12:24.347,0.86149,0.86165
2013.03.05 00:12:30.956,0.86149,0.86165
2013.03.05 00:12:43.468,0.86149,0.86164
2013.03.05 00:12:44.466,0.86147,0.86164
2013.03.05 00:12:48.357,0.86147,0.86163
2013.03.05 00:12:48.727,0.86147,0.86162
2013.03.05 00:12:48.907,0.86147,0.86161
2013.03.05 00:12:49.267,0.86145,0.86161
2013.03.05 00:12:49.816,0.86144,0.86161
2013.03.05 00:12:49.937,0.86145,0.86161
2013.03.05 00:12:51.619,0.86147,0.86161
2013.03.05 00:12:52.120,0.86148,0.86165
2013.03.05 00:12:52.308,0.86151,0.86165
2013.03.05 00:12:52.429,0.86151,0.86166
2013.03.05 00:12:52.798,0.86152,0.86169
2013.03.05 00:12:55.437,0.86154,0.8617
2013.03.05 00:12:58.079,0.86154,0.86169
2013.03.05 00:12:58.577,0.86154,0.86171
2013.03.05 00:13:03.517,0.86153,0.86171
2013.03.05 00:13:08.334,0.86154,0.86171
2013.03.05 00:13:09.037,0.86154,0.86171
2013.03.05 00:13:09.770,0.86154,0.86171
2013.03.05 00:13:13.817,0.86154,0.8617
2013.03.05 00:13:14.443,0.86152,0.86169
2013.03.05 00:13:15.109,0.86157,0.86171
2013.03.05 00:13:15.417,0.86158,0.86173
2013.03.05 00:13:15.657,0.8616,0.86177
2013.03.05 00:13:16.197,0.8616,0.86177
2013.03.05 00:13:19.286,0.8616,0.86177
2013.03.05 00:13:21.648,0.8616,0.86176
2013.03.05 00:13:24.379,0.8616,0.86175
2013.03.05 00:13:25.338,0.86159,0.86175
2013.03.05 00:13:25.407,0.86159,0.86178
2013.03.05 00:13:25.648,0.86159,0.86176
2013.03.05 00:13:38.927,0.8616,0.86176
2013.03.05 00:13:39.287,0.86158,0.86174
2013.03.05 00:13:39.588,0.86156,0.8617
2013.03.05 00:13:42.907,0.86154,0.8617
2013.03.05 00:13:49.792,0.86152,0.8617
2013.03.05 00:13:52.947,0.86152,0.8617
2013.03.05 00:13:54.227,0.86153,0.8617
2013.03.05 00:13:58.958,0.86154,0.8617
2013.03.05 00:13:59.586,0.86155,0.8617
2013.03.05 00:14:14.158,0.86156,0.8617
2013.03.05 00:14:17.929,0.86155,0.8617
2013.03.05 00:14:26.988,0.86155,0.8617
2013.03.05 00:14:27.928,0.86154,0.86168
2013.03.05 00:14:28.472,0.86154,0.86168
2013.03.05 00:14:30.377,0.86154,0.86168
2013.03.05 00:14:31.115,0.86151,0.86167
2013.03.05 00:14:31.178,0.8615,0.86167
2013.03.05 00:14:31.667,0.86153,0.86166
2013.03.05 00:14:32.246,0.86152,0.86166
2013.03.05 00:14:34.817,0.86152,0.86164
2013.03.05 00:14:35.058,0.86152,0.86164
2013.03.05 00:14:44.900,0.86149,0.8616
2013.03.05 00:14:46.248,0.86149,0.8616
2013.03.05 00:14:46.687,0.86149,0.86159
2013.03.05 00:14:46.807,0.86147,0.86159
2013.03.05 00:14:47.180,0.86147,0.86159
2013.03.05 00:14:48.539,0.86142,0.86157
2013.03.05 00:14:48.739,0.8614,0.86155
2013.03.05 00:14:48.999,0.86139,0.86155
2013.03.05 00:14:49.649,0.86142,0.86155
2013.03.05 00:14:49.730,0.86138,0.86154
2013.03.05 00:14:54.419,0.86137,0.86152
2013.03.05 00:14:54.487,0.86137,0.86151
2013.03.05 00:14:54.667,0.86137,0.86151
2013.03.05 00:14:54.847,0.86136,0.86151
2013.03.05 00:14:58.689,0.86137,0.86154
2013.03.05 00:14:59.132,0.86138,0.86155
2013.03.05 00:14:59.878,0.86139,0.86155
2013.03.05 00:15:04.978,0.8614,0.86157
2013.03.05 00:15:06.063,0.8614,0.86158
2013.03.05 00:15:09.368,0.86142,0.86159
2013.03.05 00:15:09.888,0.86142,0.86159
2013.03.05 00:15:12.028,0.86143,0.86158
2013.03.05 00:15:32.628,0.86141,0.86158
2013.03.05 00:15:48.687,0.86141,0.86158
2013.03.05 00:15:49.357,0.86139,0.86157
2013.03.05 00:15:54.850,0.86139,0.86155
2013.03.05 00:15:56.848,0.86138,0.86155
2013.03.05 00:16:04.708,0.86138,0.86155
2013.03.05 00:16:23.553,0.86138,0.86155
2013.03.05 00:16:25.354,0.86138,0.86154
2013.03.05 00:16:25.965,0.86138,0.86154
2013.03.05 00:16:27.218,0.86138,0.86154
2013.03.05 00:16:27.746,0.86138,0.86154
2013.03.05 00:16:28.582,0.86138,0.86154
2013.03.05 00:16:38.507,0.86138,0.86154
2013.03.05 00:16:39.889,0.86139,0.86154
2013.03.05 00:16:40.447,0.86139,0.86154
2013.03.05 00:16:40.798,0.86143,0.86154
2013.03.05 00:16:41.133,0.86145,0.86159
2013.03.05 00:16:41.411,0.86145,0.8616
2013.03.05 00:16:41.485,0.86145,0.86159
2013.03.05 00:16:41.792,0.86145,0.86162
2013.03.05 00:16:41.979,0.86145,0.86162
2013.03.05 00:16:42.468,0.86148,0.86162
2013.03.05 00:16:58.677,0.86149,0.86164
2013.03.05 00:16:59.189,0.86149,0.86164
2013.03.05 00:17:00.498,0.86149,0.86164
2013.03.05 00:17:01.114,0.86149,0.86164
2013.03.05 00:17:02.899,0.86152,0.86166
2013.03.05 00:17:02.970,0.86153,0.86168
2013.03.05 00:17:03.279,0.86157,0.86171
2013.03.05 00:17:03.695,0.8616,0.86173
2013.03.05 00:17:03.841,0.86157,0.8617
2013.03.05 00:17:04.040,0.86155,0.86169
2013.03.05 00:17:04.239,0.86154,0.86169
2013.03.05 00:17:04.377,0.86153,0.86167
2013.03.05 00:17:04.918,0.8615,0.86167
2013.03.05 00:17:08.888,0.8615,0.86164
2013.03.05 00:17:09.249,0.86148,0.86162
2013.03.05 00:17:09.438,0.86145,0.8616
2013.03.05 00:17:10.310,0.86145,0.8616
2013.03.05 00:17:10.819,0.86146,0.8616
2013.03.05 00:17:10.950,0.86146,0.86163
2013.03.05 00:17:11.438,0.86146,0.86162
2013.03.05 00:17:11.497,0.86146,0.86162
2013.03.05 00:17:12.263,0.86145,0.86161
2013.03.05 00:17:13.820,0.86145,0.86161
2013.03.05 00:17:14.488,0.86147,0.86163
2013.03.05 00:17:15.391,0.86145,0.86162
2013.03.05 00:17:15.791,0.86144,0.8616
2013.03.05 00:17:15.977,0.86144,0.86159
2013.03.05 00:17:30.609,0.86144,0.86159
2013.03.05 00:17:31.212,0.86144,0.8616
2013.03.05 00:17:34.359,0.86148,0.86161
2013.03.05 00:17:34.549,0.86148,0.86162
2013.03.05 00:17:35.517,0.86144,0.86162
2013.03.05 00:17:38.628,0.86146,0.86162
2013.03.05 00:17:38.939,0.86145,0.86161
2013.03.05 00:17:39.448,0.86144,0.86161
2013.03.05 00:17:40.427,0.86143,0.8616
2013.03.05 00:17:40.548,0.86143,0.8616
2013.03.05 00:17:40.607,0.86143,0.8616
2013.03.05 00:17:41.132,0.86144,0.8616
2013.03.05 00:17:42.957,0.86143,0.8616
2013.03.05 00:17:43.017,0.86143,0.8616
2013.03.05 00:17:43.380,0.86143,0.86159
2013.03.05 00:17:43.689,0.8614,0.86157
2013.03.05 00:17:43.760,0.86139,0.86155
2013.03.05 00:17:44.270,0.86139,0.86155
2013.03.05 00:17:46.559,0.8614,0.86156
2013.03.05 00:17:46.809,0.86141,0.86157
2013.03.05 00:17:47.138,0.86143,0.8616
2013.03.05 00:17:47.459,0.86146,0.8616
2013.03.05 00:17:52.887,0.86143,0.8616
2013.03.05 00:17:53.247,0.86144,0.8616
2013.03.05 00:17:59.928,0.86143,0.86161
2013.03.05 00:18:00.373,0.86144,0.86161
2013.03.05 00:18:06.058,0.86143,0.86161
2013.03.05 00:18:08.801,0.86144,0.86161
2013.03.05 00:18:17.531,0.86145,0.86162
2013.03.05 00:18:17.600,0.86147,0.86162
2013.03.05 00:18:17.858,0.86149,0.86162
2013.03.05 00:18:18.014,0.86147,0.86162
2013.03.05 00:18:18.543,0.86146,0.86162
2013.03.05 00:18:19.048,0.86144,0.86161
2013.03.05 00:18:21.469,0.86144,0.8616
2013.03.05 00:18:21.539,0.86144,0.8616
2013.03.05 00:18:22.854,0.86143,0.86159
2013.03.05 00:18:23.369,0.86143,0.86159
2013.03.05 00:18:38.381,0.86142,0.86159
2013.03.05 00:18:39.406,0.86144,0.8616
2013.03.05 00:18:48.011,0.86144,0.86161
2013.03.05 00:19:01.234,0.86142,0.8616
2013.03.05 00:19:04.889,0.86143,0.8616
2013.03.05 00:19:04.958,0.86143,0.8616
2013.03.05 00:19:05.928,0.86141,0.86157
2013.03.05 00:19:06.109,0.86139,0.86155
2013.03.05 00:19:08.619,0.86137,0.86155
2013.03.05 00:19:08.688,0.86136,0.86155
2013.03.05 00:19:08.878,0.86137,0.86155
2013.03.05 00:19:08.938,0.86137,0.86155
2013.03.05 00:19:17.011,0.86137,0.86155
2013.03.05 00:19:17.093,0.86137,0.86155
2013.03.05 00:19:19.557,0.86136,0.86153
2013.03.05 00:19:25.166,0.86137,0.86154
2013.03.05 00:19:25.709,0.86135,0.86151
2013.03.05 00:19:26.019,0.86136,0.86153
2013.03.05 00:19:32.180,0.86137,0.86153
2013.03.05 00:19:33.339,0.86139,0.86155
2013.03.05 00:19:33.647,0.86139,0.86156
2013.03.05 00:19:35.408,0.8614,0.86156
2013.03.05 00:19:35.752,0.86138,0.86155
2013.03.05 00:19:36.099,0.86136,0.86152
2013.03.05 00:19:36.363,0.86133,0.8615
2013.03.05 00:19:39.109,0.86132,0.86149
2013.03.05 00:19:42.598,0.86132,0.86149
2013.03.05 00:19:45.588,0.86132,0.86149
2013.03.05 00:19:45.958,0.86131,0.86148
2013.03.05 00:19:48.450,0.86131,0.86148
2013.03.05 00:19:50.343,0.86131,0.86148
2013.03.05 00:19:50.898,0.86131,0.86148
2013.03.05 00:20:02.899,0.86128,0.86146
2013.03.05 00:20:02.972,0.86128,0.86146
2013.03.05 00:20:05.282,0.86128,0.86144
2013.03.05 00:20:10.786,0.8613,0.86146
2013.03.05 00:20:11.938,0.86129,0.86146
2013.03.05 00:20:14.460,0.86128,0.86146
2013.03.05 00:20:14.840,0.86127,0.8614
2013.03.05 00:20:15.029,0.86123,0.8614
2013.03.05 00:20:15.578,0.86122,0.8614
2013.03.05 00:20:16.089,0.86122,0.8614
2013.03.05 00:20:16.819,0.86122,0.8614
2013.03.05 00:20:17.368,0.86124,0.86141
2013.03.05 00:20:17.869,0.86126,0.86143
2013.03.05 00:20:18.118,0.86126,0.86143
2013.03.05 00:20:18.659,0.86129,0.86145
2013.03.05 00:20:20.989,0.86128,0.86142
2013.03.05 00:20:21.548,0.86126,0.86142
2013.03.05 00:20:21.955,0.86123,0.86142
2013.03.05 00:20:24.817,0.86123,0.86141
2013.03.05 00:20:24.879,0.86123,0.86138
2013.03.05 00:20:25.259,0.8612,0.86136
2013.03.05 00:20:25.390,0.86119,0.86136
2013.03.05 00:20:25.817,0.86122,0.86136
2013.03.05 00:20:25.879,0.86122,0.86137
2013.03.05 00:20:28.738,0.86122,0.8614
2013.03.05 00:20:30.873,0.86123,0.8614
2013.03.05 00:20:32.470,0.86123,0.8614
2013.03.05 00:20:40.142,0.86122,0.8614
2013.03.05 00:20:40.864,0.86122,0.86139
2013.03.05 00:20:42.608,0.86122,0.8614
2013.03.05 00:20:52.797,0.86122,0.8614
2013.03.05 00:21:03.939,0.86122,0.86139
2013.03.05 00:21:08.619,0.86124,0.86141
2013.03.05 00:21:08.689,0.86125,0.86142
2013.03.05 00:21:09.190,0.86125,0.86144
2013.03.05 00:21:13.397,0.86126,0.86144
2013.03.05 00:21:17.539,0.86127,0.86144
2013.03.05 00:21:18.042,0.86128,0.86145
2013.03.05 00:21:22.638,0.86129,0.86145
2013.03.05 00:21:24.327,0.8613,0.86145
2013.03.05 00:21:30.949,0.8613,0.86145
2013.03.05 00:21:32.859,0.8613,0.86144
2013.03.05 00:21:34.488,0.8613,0.86144
2013.03.05 00:21:37.160,0.86128,0.86144
2013.03.05 00:21:37.350,0.86127,0.86142
2013.03.05 00:21:38.258,0.86127,0.86144
2013.03.05 00:21:39.597,0.86127,0.86144
2013.03.05 00:21:40.884,0.86127,0.86144
2013.03.05 00:21:43.558,0.86127,0.86144
2013.03.05 00:21:43.990,0.86127,0.86144
2013.03.05 00:21:45.410,0.86126,0.86142
2013.03.05 00:21:45.860,0.86126,0.86142
2013.03.05 00:21:45.935,0.86129,0.86143
2013.03.05 00:21:51.968,0.86129,0.86144
2013.03.05 00:21:52.737,0.86129,0.86143
2013.03.05 00:21:56.402,0.86128,0.86142
2013.03.05 00:22:01.919,0.86129,0.86143
2013.03.05 00:22:24.130,0.86128,0.86142
2013.03.05 00:22:26.597,0.86129,0.86142
2013.03.05 00:22:40.279,0.86128,0.8614
2013.03.05 00:22:42.508,0.86129,0.86142
2013.03.05 00:22:43.489,0.86129,0.86142
2013.03.05 00:22:46.999,0.86128,0.86142
2013.03.05 00:22:47.509,0.86128,0.86142
2013.03.05 00:22:48.237,0.86126,0.8614
2013.03.05 00:22:48.320,0.86124,0.8614
2013.03.05 00:22:48.460,0.86122,0.86139
2013.03.05 00:22:49.758,0.86122,0.86139
2013.03.05 00:22:50.558,0.86122,0.86139
2013.03.05 00:22:53.221,0.86124,0.86139
2013.03.05 00:22:53.650,0.86126,0.86141
2013.03.05 00:22:54.439,0.86127,0.86144
2013.03.05 00:22:54.569,0.86127,0.86144
2013.03.05 00:23:06.637,0.86127,0.86143
2013.03.05 00:23:09.997,0.86127,0.86143
2013.03.05 00:23:10.569,0.86127,0.86143
2013.03.05 00:23:13.658,0.86127,0.86143
2013.03.05 00:23:13.788,0.86127,0.86143
2013.03.05 00:23:13.910,0.86124,0.86141
2013.03.05 00:23:14.100,0.86123,0.86139
2013.03.05 00:23:14.588,0.86122,0.86139
2013.03.05 00:23:15.170,0.86121,0.86139
2013.03.05 00:23:21.345,0.86121,0.86139
2013.03.05 00:23:25.667,0.86122,0.86139
2013.03.05 00:23:26.091,0.86122,0.86139
2013.03.05 00:23:26.369,0.86129,0.86141
2013.03.05 00:23:26.560,0.86129,0.86143
2013.03.05 00:23:27.109,0.86128,0.86144
2013.03.05 00:23:31.530,0.86133,0.86145
2013.03.05 00:23:31.731,0.86132,0.86146
2013.03.05 00:23:32.235,0.86129,0.86146
2013.03.05 00:23:33.023,0.86129,0.86146
2013.03.05 00:23:33.306,0.86129,0.86145
2013.03.05 00:23:35.539,0.86133,0.86145
2013.03.05 00:23:35.681,0.86131,0.86147
2013.03.05 00:23:36.229,0.86129,0.86145
2013.03.05 00:23:36.599,0.86129,0.86145
2013.03.05 00:23:37.190,0.86129,0.86145
2013.03.05 00:23:38.818,0.86129,0.86144
2013.03.05 00:23:39.239,0.8613,0.86145
2013.03.05 00:23:45.938,0.86129,0.86145
2013.03.05 00:23:47.908,0.86129,0.86146
2013.03.05 00:23:52.838,0.86129,0.86144
2013.03.05 00:23:53.431,0.86129,0.86145
2013.03.05 00:23:58.319,0.86131,0.86145
2013.03.05 00:23:58.388,0.86132,0.86145
2013.03.05 00:23:58.689,0.86132,0.86144
2013.03.05 00:23:59.249,0.8613,0.86144
2013.03.05 00:24:02.260,0.8613,0.86146
2013.03.05 00:24:04.530,0.86129,0.86144
2013.03.05 00:24:33.388,0.86129,0.86144
2013.03.05 00:24:34.368,0.86129,0.86144
2013.03.05 00:24:36.523,0.86129,0.86144
2013.03.05 00:24:37.207,0.86129,0.86144
2013.03.05 00:24:40.811,0.86129,0.86143
2013.03.05 00:24:43.198,0.86129,0.86142
2013.03.05 00:24:46.010,0.86129,0.86143
2013.03.05 00:24:52.449,0.86129,0.86144
2013.03.05 00:25:06.688,0.86129,0.86143
2013.03.05 00:25:07.359,0.86129,0.86143
2013.03.05 00:25:07.868,0.86129,0.86143
2013.03.05 00:25:09.033,0.86127,0.86142
2013.03.05 00:25:09.099,0.86126,0.8614
2013.03.05 00:25:09.219,0.86125,0.8614
2013.03.05 00:25:09.539,0.86124,0.86138
2013.03.05 00:25:09.668,0.86122,0.86136
2013.03.05 00:25:15.510,0.86122,0.86137
2013.03.05 00:25:16.044,0.86122,0.86135
2013.03.05 00:25:20.229,0.86122,0.86137
2013.03.05 00:25:20.759,0.86122,0.86135
2013.03.05 00:25:26.291,0.86122,0.86137
2013.03.05 00:25:26.798,0.8612,0.86136
2013.03.05 00:25:27.369,0.86119,0.86135
2013.03.05 00:25:29.807,0.86119,0.86134
2013.03.05 00:25:32.758,0.86119,0.86134
2013.03.05 00:25:33.129,0.86117,0.86134
2013.03.05 00:25:38.098,0.86117,0.86134
2013.03.05 00:25:40.339,0.86117,0.86132
2013.03.05 00:25:40.413,0.86116,0.86132
2013.03.05 00:25:40.958,0.86116,0.86131
2013.03.05 00:25:44.710,0.86116,0.86131
2013.03.05 00:25:44.960,0.86114,0.86129
2013.03.05 00:25:45.510,0.86113,0.86127
2013.03.05 00:25:49.137,0.86112,0.86126
2013.03.05 00:25:49.668,0.86111,0.86127
2013.03.05 00:26:04.863,0.86111,0.86127
2013.03.05 00:26:04.940,0.86112,0.86127
2013.03.05 00:26:05.489,0.86112,0.86126
2013.03.05 00:26:08.431,0.86111,0.86125
2013.03.05 00:26:08.979,0.86109,0.86124
2013.03.05 00:26:09.049,0.86109,0.86122
2013.03.05 00:26:11.985,0.86109,0.86121
2013.03.05 00:26:12.402,0.86108,0.86122
2013.03.05 00:26:13.258,0.86108,0.86122
2013.03.05 00:26:14.730,0.86108,0.8612
2013.03.05 00:26:17.679,0.86108,0.86118
2013.03.05 00:26:18.109,0.8611,0.86121
2013.03.05 00:26:28.839,0.8611,0.86122
2013.03.05 00:26:29.986,0.8611,0.86122
2013.03.05 00:26:30.538,0.8611,0.86124
2013.03.05 00:26:30.661,0.86111,0.86124
2013.03.05 00:26:30.981,0.86113,0.86126
2013.03.05 00:26:31.048,0.86113,0.86126
2013.03.05 00:26:31.749,0.86111,0.86127
2013.03.05 00:26:32.608,0.86111,0.86126
2013.03.05 00:26:32.672,0.86113,0.86126
2013.03.05 00:26:33.467,0.86113,0.86127
2013.03.05 00:26:34.478,0.86113,0.86127
2013.03.05 00:26:34.958,0.8611,0.86126
2013.03.05 00:26:35.401,0.8611,0.86126
2013.03.05 00:26:39.469,0.86113,0.86126
2013.03.05 00:26:39.899,0.86113,0.86126
2013.03.05 00:26:42.254,0.8611,0.86122
2013.03.05 00:26:42.319,0.8611,0.86123
2013.03.05 00:26:42.750,0.86111,0.86125
2013.03.05 00:26:42.819,0.86112,0.86126
2013.03.05 00:26:42.948,0.8611,0.86126
2013.03.05 00:26:44.419,0.8611,0.86126
2013.03.05 00:26:45.901,0.8611,0.86126
2013.03.05 00:26:46.438,0.8611,0.86127
2013.03.05 00:26:56.458,0.86111,0.86126
2013.03.05 00:26:56.999,0.86109,0.86126
2013.03.05 00:26:59.581,0.86109,0.86126
2013.03.05 00:26:59.650,0.86109,0.86127
2013.03.05 00:27:00.409,0.86112,0.86129
2013.03.05 00:27:04.558,0.86111,0.86129
2013.03.05 00:27:04.618,0.86113,0.86129
2013.03.05 00:27:05.158,0.86113,0.8613
2013.03.05 00:27:05.972,0.86113,0.8613
2013.03.05 00:27:13.629,0.86114,0.86131
2013.03.05 00:27:16.409,0.86113,0.86131
2013.03.05 00:27:17.199,0.86115,0.86131
2013.03.05 00:27:28.090,0.86115,0.86131
2013.03.05 00:27:28.399,0.86115,0.86131
2013.03.05 00:27:28.950,0.86115,0.86133
2013.03.05 00:27:29.971,0.86115,0.86132
2013.03.05 00:27:32.040,0.86115,0.86131
2013.03.05 00:27:39.169,0.86113,0.8613
2013.03.05 00:27:39.240,0.86112,0.8613
2013.03.05 00:27:39.770,0.86112,0.8613
2013.03.05 00:27:40.271,0.86111,0.86129
2013.03.05 00:27:40.399,0.8611,0.86129
2013.03.05 00:27:41.008,0.8611,0.86128
2013.03.05 00:27:41.743,0.8611,0.86128
2013.03.05 00:27:42.170,0.86112,0.86128
2013.03.05 00:27:42.838,0.86112,0.86128
2013.03.05 00:27:50.429,0.86112,0.86127
2013.03.05 00:27:55.189,0.86113,0.86127
2013.03.05 00:27:58.548,0.86114,0.86129
2013.03.05 00:27:59.259,0.86115,0.8613
2013.03.05 00:28:07.171,0.86116,0.86131
2013.03.05 00:28:07.429,0.86116,0.86133
2013.03.05 00:28:07.489,0.8612,0.86133
2013.03.05 00:28:07.729,0.86119,0.86133
2013.03.05 00:28:08.348,0.86119,0.86134
2013.03.05 00:28:09.851,0.86118,0.86131
2013.03.05 00:28:09.979,0.86116,0.86131
2013.03.05 00:28:10.109,0.86116,0.86131
2013.03.05 00:28:12.475,0.86117,0.86133
2013.03.05 00:28:12.732,0.86119,0.86135
2013.03.05 00:28:17.422,0.86122,0.86136
2013.03.05 00:28:30.308,0.86122,0.86137
2013.03.05 00:28:40.479,0.86122,0.86137
2013.03.05 00:28:40.549,0.8612,0.86136
2013.03.05 00:28:40.908,0.86122,0.86136
2013.03.05 00:28:41.100,0.86122,0.86136
2013.03.05 00:28:43.890,0.86123,0.86138
2013.03.05 00:29:09.228,0.86122,0.86137
2013.03.05 00:29:10.149,0.86124,0.86141
2013.03.05 00:29:10.389,0.86125,0.86142
2013.03.05 00:29:12.439,0.86125,0.8614
2013.03.05 00:29:16.426,0.86125,0.86142
2013.03.05 00:29:20.159,0.86125,0.86142
2013.03.05 00:29:22.384,0.86125,0.86143
2013.03.05 00:29:22.691,0.86125,0.86143
2013.03.05 00:29:34.876,0.86126,0.86138
2013.03.05 00:29:34.998,0.86126,0.86141
2013.03.05 00:29:37.871,0.86127,0.86143
2013.03.05 00:29:37.947,0.8613,0.86144
2013.03.05 00:29:38.401,0.86135,0.86147
2013.03.05 00:29:38.949,0.86135,0.86147
2013.03.05 00:29:50.774,0.86135,0.86151
2013.03.05 00:29:50.913,0.86135,0.86149
2013.03.05 00:29:51.219,0.86135,0.86149
2013.03.05 00:29:51.829,0.86135,0.86149
2013.03.05 00:29:56.779,0.86135,0.86149
2013.03.05 00:30:01.589,0.86135,0.86149
2013.03.05 00:30:01.721,0.86135,0.86149
2013.03.05 00:30:02.150,0.86135,0.86147
2013.03.05 00:30:02.470,0.86133,0.86148
2013.03.05 00:30:02.602,0.86135,0.86149
2013.03.05 00:30:02.750,0.86135,0.8615
2013.03.05 00:30:03.164,0.86138,0.86153
2013.03.05 00:30:03.351,0.86139,0.86153
2013.03.05 00:30:03.776,0.86143,0.86159
2013.03.05 00:30:04.279,0.86142,0.86158
2013.03.05 00:30:04.722,0.86142,0.86159
2013.03.05 00:30:05.230,0.86142,0.86158
2013.03.05 00:30:05.762,0.86142,0.86158
2013.03.05 00:30:05.951,0.86142,0.86157
2013.03.05 00:30:06.620,0.8614,0.86156
2013.03.05 00:30:07.132,0.86139,0.86156
2013.03.05 00:30:07.651,0.86139,0.86155
2013.03.05 00:30:07.983,0.86139,0.86156
2013.03.05 00:30:09.050,0.86138,0.86155
2013.03.05 00:30:09.602,0.86138,0.86155
2013.03.05 00:30:09.870,0.86138,0.86155
2013.03.05 00:30:11.092,0.86136,0.86153
2013.03.05 00:30:11.651,0.86136,0.86152
2013.03.05 00:30:12.522,0.86138,0.86152
2013.03.05 00:30:12.840,0.86138,0.86157
2013.03.05 00:30:13.821,0.86137,0.86155
2013.03.05 00:30:15.463,0.86138,0.86155
2013.03.05 00:30:16.067,0.86138,0.86154
2013.03.05 00:30:16.870,0.86138,0.86155
2013.03.05 00:30:17.429,0.8614,0.86158
2013.03.05 00:30:27.550,0.8614,0.86158
2013.03.05 00:30:29.979,0.86139,0.86157
2013.03.05 00:30:30.351,0.86139,0.86155
2013.03.05 00:30:30.909,0.86137,0.86154
2013.03.05 00:30:31.421,0.86137,0.86153
2013.03.05 00:30:32.650,0.86137,0.86153
2013.03.05 00:30:33.140,0.86137,0.86152
2013.03.05 00:30:33.659,0.86136,0.86151
2013.03.05 00:30:34.340,0.86136,0.86152
2013.03.05 00:30:34.862,0.86136,0.86152
2013.03.05 00:30:35.422,0.86136,0.86152
2013.03.05 00:30:35.938,0.86136,0.8615
2013.03.05 00:30:37.239,0.86136,0.8615
2013.03.05 00:30:37.430,0.86135,0.86148
2013.03.05 00:30:37.946,0.86135,0.86148
2013.03.05 00:30:38.478,0.86135,0.86148
2013.03.05 00:30:39.140,0.86136,0.86148
2013.03.05 00:30:39.631,0.86135,0.8615
2013.03.05 00:30:40.181,0.86135,0.86149
2013.03.05 00:30:40.451,0.86133,0.86146
2013.03.05 00:30:40.715,0.86132,0.86145
2013.03.05 00:30:40.781,0.86131,0.86143
2013.03.05 00:30:41.309,0.86131,0.86143
2013.03.05 00:30:42.729,0.86131,0.86145
2013.03.05 00:30:46.911,0.8613,0.86145
2013.03.05 00:30:47.660,0.8613,0.86144
2013.03.05 00:30:48.213,0.8613,0.86143
2013.03.05 00:30:48.720,0.8613,0.86142
2013.03.05 00:30:49.484,0.86127,0.86142
2013.03.05 00:30:49.770,0.86127,0.8614
2013.03.05 00:30:52.739,0.86126,0.86139
2013.03.05 00:30:58.136,0.86126,0.86141
2013.03.05 00:30:58.484,0.86126,0.86142
2013.03.05 00:30:59.050,0.86126,0.8614
2013.03.05 00:30:59.239,0.86126,0.8614
2013.03.05 00:31:02.044,0.86126,0.8614
2013.03.05 00:31:03.591,0.86125,0.86138
2013.03.05 00:31:05.743,0.86124,0.86138
2013.03.05 00:31:07.651,0.86123,0.86137
2013.03.05 00:31:09.330,0.8612,0.86137
2013.03.05 00:31:10.682,0.86123,0.86137
2013.03.05 00:31:14.440,0.86122,0.86138
2013.03.05 00:31:14.512,0.86121,0.86138
2013.03.05 00:31:15.080,0.86124,0.86138
2013.03.05 00:31:15.211,0.86125,0.86141
2013.03.05 00:31:15.758,0.86126,0.86142
2013.03.05 00:31:17.982,0.86126,0.86141
2013.03.05 00:31:19.389,0.86124,0.8614
2013.03.05 00:31:19.940,0.86126,0.86139
2013.03.05 00:31:20.489,0.86125,0.86139
2013.03.05 00:31:20.940,0.86124,0.86139
2013.03.05 00:31:21.159,0.86124,0.86139
2013.03.05 00:31:21.480,0.86124,0.86139
2013.03.05 00:31:21.991,0.86125,0.86139
2013.03.05 00:31:22.180,0.86124,0.86139
2013.03.05 00:31:22.489,0.86124,0.86139
2013.03.05 00:31:28.949,0.86126,0.8614
2013.03.05 00:31:29.494,0.86124,0.86137
2013.03.05 00:31:30.242,0.86124,0.86139
2013.03.05 00:31:30.315,0.86124,0.86138
2013.03.05 00:31:31.371,0.86119,0.86136
2013.03.05 00:31:31.900,0.86117,0.86134
2013.03.05 00:31:36.588,0.86117,0.86134
2013.03.05 00:31:39.500,0.86117,0.86134
2013.03.05 00:31:40.500,0.86117,0.86134
2013.03.05 00:31:41.306,0.86117,0.86134
2013.03.05 00:31:41.462,0.86117,0.86134
2013.03.05 00:31:41.674,0.86116,0.86134
2013.03.05 00:31:42.091,0.86116,0.86133
2013.03.05 00:31:42.490,0.86116,0.86132
2013.03.05 00:31:42.620,0.86116,0.86132
2013.03.05 00:31:43.180,0.86116,0.86132
2013.03.05 00:31:43.969,0.86116,0.86132
2013.03.05 00:31:46.610,0.86116,0.86132
2013.03.05 00:31:50.360,0.86117,0.86135
2013.03.05 00:31:50.759,0.86117,0.86131
2013.03.05 00:31:55.779,0.86118,0.86134
2013.03.05 00:31:56.299,0.86119,0.86136
2013.03.05 00:31:56.839,0.8612,0.86136
2013.03.05 00:31:57.081,0.86121,0.86136
2013.03.05 00:31:57.269,0.86122,0.86136
2013.03.05 00:31:59.772,0.86122,0.86136
2013.03.05 00:32:04.019,0.86123,0.86137
2013.03.05 00:32:04.540,0.86122,0.86135
2013.03.05 00:32:05.989,0.86122,0.86136
2013.03.05 00:32:06.421,0.86122,0.86136
2013.03.05 00:32:06.969,0.86122,0.86136
2013.03.05 00:32:07.619,0.8612,0.86132
2013.03.05 00:32:25.751,0.8612,0.86131
2013.03.05 00:32:29.480,0.8612,0.86131
2013.03.05 00:32:32.500,0.8612,0.86131
2013.03.05 00:32:33.110,0.8612,0.86135
2013.03.05 00:32:33.831,0.86121,0.86135
2013.03.05 00:32:33.919,0.86123,0.86136
2013.03.05 00:32:34.349,0.86123,0.86137
2013.03.05 00:32:34.410,0.86124,0.86137
2013.03.05 00:32:36.220,0.86124,0.86138
2013.03.05 00:32:36.469,0.86127,0.86138
2013.03.05 00:32:39.200,0.86127,0.86141
2013.03.05 00:32:39.940,0.86133,0.86141
2013.03.05 00:32:40.160,0.86133,0.86144
2013.03.05 00:32:40.748,0.86133,0.86144
2013.03.05 00:32:43.461,0.86129,0.86143
2013.03.05 00:32:46.871,0.86129,0.86143
2013.03.05 00:32:49.041,0.86129,0.86145
2013.03.05 00:32:52.112,0.86129,0.86145
2013.03.05 00:32:54.091,0.86129,0.86145
2013.03.05 00:32:54.699,0.86131,0.86146
2013.03.05 00:32:55.171,0.86133,0.86146
2013.03.05 00:32:55.311,0.86135,0.86151
2013.03.05 00:32:57.310,0.86135,0.86151
2013.03.05 00:32:58.055,0.86135,0.86151
2013.03.05 00:33:00.040,0.86135,0.86149
2013.03.05 00:33:00.491,0.8613,0.86145
2013.03.05 00:33:00.560,0.8613,0.86145
2013.03.05 00:33:02.340,0.8613,0.86145
2013.03.05 00:33:18.500,0.8613,0.86145
2013.03.05 00:33:30.779,0.86129,0.86144
2013.03.05 00:33:31.282,0.86129,0.86142
2013.03.05 00:33:31.411,0.86127,0.86141
2013.03.05 00:33:31.967,0.86125,0.8614
2013.03.05 00:33:32.390,0.86122,0.8614
2013.03.05 00:33:34.520,0.86122,0.86139
2013.03.05 00:33:40.219,0.86122,0.86138
2013.03.05 00:33:56.001,0.86123,0.86137
2013.03.05 00:33:56.411,0.86118,0.86134
2013.03.05 00:33:56.480,0.86118,0.86133
2013.03.05 00:34:01.930,0.86118,0.86132
2013.03.05 00:34:02.484,0.86118,0.86133
2013.03.05 00:34:02.552,0.86118,0.86135
2013.03.05 00:34:02.740,0.86119,0.86136
2013.03.05 00:34:03.543,0.86119,0.86137
2013.03.05 00:34:05.589,0.86119,0.86136
2013.03.05 00:34:06.690,0.86121,0.86136
2013.03.05 00:34:06.764,0.86121,0.86136
2013.03.05 00:34:07.071,0.86119,0.86133
2013.03.05 00:34:07.199,0.86118,0.86133
2013.03.05 00:34:07.271,0.86118,0.86136
2013.03.05 00:34:07.848,0.8612,0.86136
2013.03.05 00:34:12.370,0.86119,0.86136
2013.03.05 00:34:14.302,0.86123,0.86136
2013.03.05 00:34:14.810,0.86119,0.86134
2013.03.05 00:34:20.940,0.86118,0.86135
2013.03.05 00:34:21.379,0.86118,0.86134
2013.03.05 00:34:21.450,0.86118,0.86134
2013.03.05 00:34:22.271,0.86114,0.86132
2013.03.05 00:34:22.633,0.86114,0.86131
2013.03.05 00:34:22.822,0.86114,0.8613
2013.03.05 00:34:22.891,0.86114,0.86129
2013.03.05 00:34:23.381,0.86114,0.86128
2013.03.05 00:34:23.630,0.86114,0.8613
2013.03.05 00:34:23.880,0.86113,0.86129
2013.03.05 00:34:24.430,0.86113,0.86128
2013.03.05 00:34:24.939,0.86113,0.86128
2013.03.05 00:34:25.461,0.86114,0.86128
2013.03.05 00:34:26.201,0.86112,0.86128
2013.03.05 00:34:26.390,0.8611,0.86127
2013.03.05 00:34:26.580,0.8611,0.86127
2013.03.05 00:34:26.907,0.86107,0.86122
2013.03.05 00:34:26.975,0.86107,0.86124
2013.03.05 00:34:27.180,0.86107,0.86124
2013.03.05 00:34:28.540,0.86107,0.86124
2013.03.05 00:34:28.672,0.86107,0.86123
2013.03.05 00:34:31.993,0.86108,0.86122
2013.03.05 00:34:32.064,0.86107,0.86123
2013.03.05 00:34:32.624,0.86108,0.86123
2013.03.05 00:34:32.690,0.86108,0.86124
2013.03.05 00:34:36.490,0.86108,0.86124
2013.03.05 00:34:36.835,0.86108,0.86126
2013.03.05 00:34:37.389,0.86108,0.86126
2013.03.05 00:34:37.961,0.86108,0.86125
2013.03.05 00:34:39.011,0.8611,0.86128
2013.03.05 00:34:39.141,0.86114,0.86128
2013.03.05 00:34:40.385,0.86114,0.86127
2013.03.05 00:34:40.451,0.86113,0.86127
2013.03.05 00:34:40.519,0.86111,0.86127
2013.03.05 00:34:41.059,0.8611,0.86127
2013.03.05 00:34:48.191,0.86109,0.86124
2013.03.05 00:34:48.509,0.86107,0.86123
2013.03.05 00:34:48.630,0.86108,0.86123
2013.03.05 00:34:48.700,0.86108,0.86124
2013.03.05 00:34:49.789,0.8611,0.86127
2013.03.05 00:34:52.413,0.86112,0.86129
2013.03.05 00:34:55.990,0.86113,0.86129
2013.03.05 00:34:57.489,0.86112,0.86129
2013.03.05 00:34:57.888,0.86113,0.86129
2013.03.05 00:34:59.952,0.86111,0.86129
2013.03.05 00:35:00.697,0.86112,0.86129
2013.03.05 00:35:00.962,0.86115,0.86132
2013.03.05 00:35:08.280,0.86116,0.86132
2013.03.05 00:35:08.403,0.86115,0.86132
2013.03.05 00:35:12.610,0.86114,0.86132
2013.03.05 00:35:13.855,0.86115,0.86133
2013.03.05 00:35:17.119,0.86116,0.86133
2013.03.05 00:35:17.649,0.86118,0.86133
2013.03.05 00:35:18.189,0.86118,0.86134
2013.03.05 00:35:18.790,0.86118,0.86135
2013.03.05 00:35:19.350,0.86118,0.86135
2013.03.05 00:35:25.699,0.86119,0.86136
2013.03.05 00:35:25.832,0.86121,0.86139
2013.03.05 00:35:26.149,0.86124,0.86138
2013.03.05 00:35:26.929,0.8612,0.86137
2013.03.05 00:35:31.520,0.8612,0.86137
2013.03.05 00:35:32.610,0.8612,0.86136
2013.03.05 00:35:32.680,0.8612,0.86136
2013.03.05 00:35:37.578,0.86119,0.86138
2013.03.05 00:35:47.200,0.8612,0.86138
2013.03.05 00:35:48.567,0.86119,0.86137
2013.03.05 00:35:53.990,0.86119,0.86137
2013.03.05 00:35:54.549,0.86119,0.86137
2013.03.05 00:35:55.090,0.86119,0.86137
2013.03.05 00:35:55.398,0.86121,0.86137
2013.03.05 00:36:02.210,0.86123,0.86139
2013.03.05 00:36:02.605,0.86126,0.86141
2013.03.05 00:36:03.155,0.86126,0.86142
2013.03.05 00:36:03.710,0.86126,0.86143
2013.03.05 00:36:04.871,0.86126,0.86143
2013.03.05 00:36:07.502,0.86125,0.86142
2013.03.05 00:36:07.869,0.86122,0.8614
2013.03.05 00:36:08.490,0.86122,0.8614
2013.03.05 00:36:11.663,0.86122,0.8614
2013.03.05 00:36:11.860,0.86124,0.86142
2013.03.05 00:36:12.173,0.86126,0.86141
2013.03.05 00:36:14.170,0.86123,0.8614
2013.03.05 00:36:14.600,0.86121,0.86139
2013.03.05 00:36:14.669,0.86121,0.86139
2013.03.05 00:36:19.380,0.8612,0.86139
2013.03.05 00:36:20.110,0.86119,0.86136
2013.03.05 00:36:20.611,0.86119,0.86135
2013.03.05 00:36:20.680,0.86119,0.86135
2013.03.05 00:36:22.729,0.86118,0.86134
2013.03.05 00:36:24.450,0.86118,0.86133
2013.03.05 00:36:24.942,0.86118,0.86133
2013.03.05 00:36:25.501,0.86119,0.86135
2013.03.05 00:36:25.974,0.86119,0.86134
2013.03.05 00:36:26.613,0.86118,0.86132
2013.03.05 00:36:27.171,0.86118,0.86131
2013.03.05 00:36:29.010,0.86117,0.86131
2013.03.05 00:36:29.532,0.86117,0.86132
2013.03.05 00:36:29.728,0.86117,0.86132
2013.03.05 00:36:29.959,0.86117,0.86132
2013.03.05 00:36:30.459,0.86117,0.86132
2013.03.05 00:36:31.873,0.86117,0.86132
2013.03.05 00:36:33.020,0.86117,0.86132
2013.03.05 00:36:33.590,0.86117,0.86132
2013.03.05 00:36:34.260,0.86117,0.86132
2013.03.05 00:36:34.829,0.86117,0.86132
2013.03.05 00:36:35.369,0.86117,0.86133
2013.03.05 00:36:36.359,0.86117,0.86133
2013.03.05 00:36:36.860,0.86117,0.86133
2013.03.05 00:36:37.369,0.86117,0.86133
2013.03.05 00:36:39.113,0.86117,0.86133
2013.03.05 00:36:39.180,0.86116,0.86133
2013.03.05 00:36:39.441,0.86116,0.86133
2013.03.05 00:36:40.921,0.86116,0.86133
2013.03.05 00:36:41.349,0.86116,0.86129
2013.03.05 00:36:41.593,0.86111,0.86128
2013.03.05 00:36:42.150,0.86111,0.86128
2013.03.05 00:36:47.298,0.8611,0.86126
2013.03.05 00:36:47.912,0.8611,0.86122
2013.03.05 00:36:48.051,0.86107,0.86122
2013.03.05 00:36:49.480,0.86107,0.86121
2013.03.05 00:36:49.779,0.86107,0.86123
2013.03.05 00:36:50.020,0.86108,0.86124
2013.03.05 00:36:50.343,0.86108,0.86124
2013.03.05 00:36:50.671,0.86108,0.86124
2013.03.05 00:36:51.161,0.86108,0.86124
2013.03.05 00:36:53.949,0.86108,0.86126
2013.03.05 00:36:54.489,0.86109,0.86126
2013.03.05 00:37:01.940,0.86109,0.86126
2013.03.05 00:37:03.611,0.8611,0.86126
2013.03.05 00:37:04.122,0.86111,0.86125
2013.03.05 00:37:04.650,0.86111,0.86125
2013.03.05 00:37:05.910,0.86112,0.86127
2013.03.05 00:37:08.733,0.86111,0.86127
2013.03.05 00:37:08.802,0.86111,0.86125
2013.03.05 00:37:12.180,0.86109,0.86125
2013.03.05 00:37:12.803,0.86109,0.86125
2013.03.05 00:37:14.850,0.86108,0.86125
2013.03.05 00:37:15.240,0.86108,0.86125
2013.03.05 00:37:16.600,0.86108,0.86125
2013.03.05 00:37:16.730,0.86108,0.86124
2013.03.05 00:37:17.062,0.86106,0.86122
2013.03.05 00:37:18.511,0.86105,0.86122
2013.03.05 00:37:18.863,0.86106,0.86122
2013.03.05 00:37:19.608,0.86106,0.86122
2013.03.05 00:37:19.729,0.86106,0.86122
2013.03.05 00:37:20.033,0.86106,0.8612
2013.03.05 00:37:20.101,0.86105,0.86118
2013.03.05 00:37:20.413,0.86105,0.86121
2013.03.05 00:37:20.482,0.86106,0.86123
2013.03.05 00:37:20.850,0.86106,0.86123
2013.03.05 00:37:20.921,0.86106,0.86123
2013.03.05 00:37:37.349,0.86103,0.86117
2013.03.05 00:37:37.901,0.86105,0.8612
2013.03.05 00:37:37.971,0.86105,0.86121
2013.03.05 00:37:39.644,0.86106,0.86121
2013.03.05 00:37:44.190,0.86106,0.86121
2013.03.05 00:37:44.749,0.86106,0.8612
2013.03.05 00:37:45.260,0.86106,0.8612
2013.03.05 00:37:45.810,0.86107,0.86121
2013.03.05 00:37:46.601,0.86107,0.86123
2013.03.05 00:37:47.174,0.86109,0.86124
2013.03.05 00:37:47.849,0.86108,0.86123
2013.03.05 00:37:50.309,0.86109,0.86124
2013.03.05 00:37:54.649,0.86109,0.86124
2013.03.05 00:37:56.393,0.86109,0.86124
2013.03.05 00:37:59.649,0.86109,0.86124
2013.03.05 00:38:00.440,0.86109,0.86124
2013.03.05 00:38:00.770,0.8611,0.86127
2013.03.05 00:38:01.189,0.86111,0.86127
2013.03.05 00:38:04.321,0.86113,0.86127
2013.03.05 00:38:04.450,0.86113,0.86129
2013.03.05 00:38:04.689,0.86115,0.86129
2013.03.05 00:38:05.170,0.86115,0.86129
2013.03.05 00:38:05.480,0.86118,0.86132
2013.03.05 00:38:06.032,0.86118,0.86131
2013.03.05 00:38:06.232,0.86118,0.86134
2013.03.05 00:38:09.440,0.86116,0.86134
2013.03.05 00:38:20.429,0.86116,0.86131
2013.03.05 00:38:21.982,0.86117,0.86131
2013.03.05 00:38:28.034,0.86118,0.86132
2013.03.05 00:38:28.342,0.86114,0.86131
2013.03.05 00:38:28.901,0.86115,0.86132
2013.03.05 00:38:28.972,0.86115,0.86129
2013.03.05 00:38:29.531,0.86114,0.86129
2013.03.05 00:38:30.320,0.86114,0.86129
2013.03.05 00:38:32.132,0.86114,0.86129
2013.03.05 00:38:32.452,0.86117,0.86129
2013.03.05 00:38:32.650,0.86116,0.86129
2013.03.05 00:38:33.378,0.86114,0.86129
2013.03.05 00:38:33.802,0.86112,0.86127
2013.03.05 00:38:34.192,0.86112,0.86126
2013.03.05 00:38:34.740,0.8611,0.86126
2013.03.05 00:38:40.052,0.86109,0.86127
2013.03.05 00:38:49.342,0.86109,0.86126
2013.03.05 00:38:54.001,0.86109,0.86126
2013.03.05 00:39:04.560,0.86109,0.86125
2013.03.05 00:39:04.691,0.86109,0.86125
2013.03.05 00:39:05.380,0.86109,0.86125
2013.03.05 00:39:12.520,0.86109,0.86125
2013.03.05 00:39:13.065,0.86107,0.86126
2013.03.05 00:39:13.620,0.86108,0.86124
2013.03.05 00:39:14.149,0.86107,0.86123
2013.03.05 00:39:21.880,0.86107,0.86123
2013.03.05 00:39:25.489,0.86107,0.86124
2013.03.05 00:39:26.150,0.86107,0.86124
2013.03.05 00:39:30.459,0.86107,0.86125
2013.03.05 00:39:33.634,0.86106,0.86124
2013.03.05 00:39:37.070,0.86106,0.86124
2013.03.05 00:39:38.131,0.86106,0.86123
2013.03.05 00:39:38.691,0.86107,0.86123
2013.03.05 00:39:39.252,0.86106,0.86123
2013.03.05 00:39:39.321,0.86106,0.86122
2013.03.05 00:39:42.132,0.86107,0.86121
2013.03.05 00:39:43.542,0.86108,0.86123
2013.03.05 00:39:45.730,0.86106,0.86122
2013.03.05 00:39:52.640,0.86106,0.86121
2013.03.05 00:39:59.660,0.86105,0.8612
2013.03.05 00:40:00.871,0.86106,0.86122
2013.03.05 00:40:00.943,0.86105,0.86122
2013.03.05 00:40:01.792,0.86105,0.86122
2013.03.05 00:40:02.180,0.86105,0.86122
2013.03.05 00:40:03.014,0.86104,0.86122
2013.03.05 00:40:06.809,0.86104,0.86119
2013.03.05 00:40:07.353,0.86104,0.86119
2013.03.05 00:40:14.219,0.86105,0.86121
2013.03.05 00:40:15.860,0.86106,0.8612
2013.03.05 00:40:18.031,0.86108,0.86123
2013.03.05 00:40:18.870,0.86108,0.86123
2013.03.05 00:40:21.661,0.86108,0.86123
2013.03.05 00:40:26.004,0.86108,0.86123
2013.03.05 00:40:26.721,0.86108,0.86124
2013.03.05 00:40:27.230,0.86109,0.86124
2013.03.05 00:40:27.939,0.86109,0.86125
2013.03.05 00:40:28.851,0.8611,0.86124
2013.03.05 00:40:28.980,0.86111,0.86127
2013.03.05 00:40:39.870,0.86112,0.86127
2013.03.05 00:40:45.034,0.86112,0.86127
2013.03.05 00:40:50.860,0.86112,0.86127
2013.03.05 00:40:56.095,0.86115,0.86127
2013.03.05 00:40:56.220,0.86115,0.86129
2013.03.05 00:40:58.641,0.86115,0.8613
2013.03.05 00:40:59.023,0.86117,0.86133
2013.03.05 00:40:59.151,0.86117,0.86133
2013.03.05 00:40:59.761,0.86119,0.86134
2013.03.05 00:41:03.141,0.8612,0.86137
2013.03.05 00:41:17.550,0.86119,0.86136
2013.03.05 00:41:28.891,0.86119,0.86135
2013.03.05 00:41:30.774,0.86119,0.86132
2013.03.05 00:41:38.780,0.86117,0.86133
2013.03.05 00:41:39.272,0.86117,0.86129
2013.03.05 00:41:39.591,0.86114,0.86128
2013.03.05 00:41:44.001,0.86113,0.86128
2013.03.05 00:42:00.229,0.86112,0.86129
2013.03.05 00:42:01.021,0.86112,0.86128
2013.03.05 00:42:05.700,0.86113,0.86128
2013.03.05 00:42:07.110,0.86113,0.86127
2013.03.05 00:42:08.671,0.86112,0.86127
2013.03.05 00:42:08.922,0.86112,0.86125
2013.03.05 00:42:09.271,0.86111,0.86124
2013.03.05 00:42:09.821,0.86113,0.86128
2013.03.05 00:42:09.951,0.86113,0.86128
2013.03.05 00:42:11.010,0.86113,0.86128
2013.03.05 00:42:12.194,0.86114,0.86128
2013.03.05 00:42:14.724,0.86114,0.86128
2013.03.05 00:42:15.263,0.86113,0.86128
2013.03.05 00:42:16.050,0.86114,0.86127
2013.03.05 00:42:17.210,0.86114,0.86128
2013.03.05 00:42:17.347,0.86113,0.86128
2013.03.05 00:42:18.872,0.86113,0.86128
2013.03.05 00:42:36.816,0.86111,0.86128
2013.03.05 00:42:45.802,0.8611,0.86126
2013.03.05 00:42:46.330,0.8611,0.86124
2013.03.05 00:42:47.240,0.86108,0.86124
2013.03.05 00:42:47.929,0.86109,0.86124
2013.03.05 00:42:48.464,0.86109,0.86123
2013.03.05 00:42:50.279,0.86109,0.86124
2013.03.05 00:42:50.583,0.86109,0.86121
2013.03.05 00:42:50.651,0.86109,0.86121
2013.03.05 00:42:50.843,0.86109,0.86121
2013.03.05 00:42:50.912,0.86108,0.86123
2013.03.05 00:42:51.401,0.86108,0.8612
2013.03.05 00:42:51.532,0.86105,0.8612
2013.03.05 00:42:52.095,0.86104,0.86119
2013.03.05 00:42:52.611,0.86104,0.86119
2013.03.05 00:42:54.942,0.86104,0.86119
2013.03.05 00:42:55.431,0.86102,0.86116
2013.03.05 00:42:55.730,0.86104,0.86116
2013.03.05 00:42:55.969,0.86102,0.86116
2013.03.05 00:42:56.151,0.86102,0.86116
2013.03.05 00:42:56.430,0.86102,0.86116
2013.03.05 00:42:56.671,0.86103,0.86116
2013.03.05 00:42:57.219,0.86103,0.86117
2013.03.05 00:42:57.760,0.86103,0.86117
2013.03.05 00:42:58.821,0.86103,0.86117
2013.03.05 00:42:59.370,0.86105,0.86116
2013.03.05 00:43:00.100,0.86103,0.86117
2013.03.05 00:43:05.141,0.86104,0.86118
2013.03.05 00:43:06.260,0.86105,0.8612
2013.03.05 00:43:07.274,0.86105,0.86122
2013.03.05 00:43:07.415,0.86107,0.86122
2013.03.05 00:43:08.161,0.86109,0.86123
2013.03.05 00:43:08.221,0.8611,0.86127
2013.03.05 00:43:08.560,0.86113,0.86129
2013.03.05 00:43:09.370,0.86114,0.86127
2013.03.05 00:43:09.682,0.86115,0.86128
2013.03.05 00:43:09.811,0.86116,0.86131
2013.03.05 00:43:10.869,0.86116,0.86132
2013.03.05 00:43:11.111,0.86116,0.86132
2013.03.05 00:43:14.630,0.86114,0.86129
2013.03.05 00:43:33.011,0.86113,0.86128
2013.03.05 00:43:33.343,0.86119,0.86128
2013.03.05 00:43:33.851,0.86119,0.86128
2013.03.05 00:43:34.402,0.86113,0.86126
2013.03.05 00:43:34.471,0.86112,0.86127
2013.03.05 00:43:34.720,0.86112,0.86126
2013.03.05 00:43:35.198,0.86112,0.86125
2013.03.05 00:43:35.270,0.86112,0.86125
2013.03.05 00:43:44.232,0.86112,0.86122
2013.03.05 00:43:47.399,0.86112,0.86123
2013.03.05 00:43:48.710,0.86112,0.86121
2013.03.05 00:43:49.251,0.86112,0.8612
2013.03.05 00:43:49.320,0.8611,0.86119
2013.03.05 00:43:49.741,0.86112,0.86121
2013.03.05 00:43:49.930,0.86112,0.86121
2013.03.05 00:43:53.968,0.86112,0.86124
2013.03.05 00:43:54.120,0.86112,0.86124
2013.03.05 00:43:54.741,0.86112,0.86125
2013.03.05 00:44:01.380,0.86112,0.86125
2013.03.05 00:44:14.604,0.86112,0.86124
2013.03.05 00:44:16.351,0.86112,0.86124
2013.03.05 00:44:18.250,0.86112,0.86122
2013.03.05 00:44:46.690,0.86112,0.86121
2013.03.05 00:44:59.480,0.86112,0.86122
2013.03.05 00:44:59.961,0.86115,0.86125
2013.03.05 00:45:00.030,0.86115,0.86126
2013.03.05 00:45:00.589,0.86115,0.86127
2013.03.05 00:45:18.049,0.86115,0.86127
2013.03.05 00:45:20.990,0.86115,0.86127
2013.03.05 00:45:25.651,0.86116,0.86127
2013.03.05 00:45:25.842,0.86116,0.8613
2013.03.05 00:45:26.091,0.86116,0.8613
2013.03.05 00:45:26.589,0.86116,0.86133
2013.03.05 00:45:27.602,0.86116,0.86132
2013.03.05 00:45:28.102,0.86116,0.8613
2013.03.05 00:45:28.230,0.86114,0.8613
2013.03.05 00:45:31.792,0.86114,0.8613
2013.03.05 00:45:32.454,0.86114,0.8613
2013.03.05 00:45:33.500,0.86114,0.86128
2013.03.05 00:45:34.720,0.86114,0.86128
2013.03.05 00:45:41.870,0.86111,0.86125
2013.03.05 00:45:42.240,0.86114,0.86125
2013.03.05 00:45:42.430,0.86112,0.86125
2013.03.05 00:45:42.739,0.86115,0.86125
2013.03.05 00:45:42.970,0.86111,0.86125
2013.03.05 00:45:43.262,0.86115,0.86125
2013.03.05 00:45:43.511,0.86112,0.86125
2013.03.05 00:45:43.676,0.86113,0.86125
2013.03.05 00:45:43.939,0.86112,0.86125
2013.03.05 00:45:44.250,0.86114,0.86125
2013.03.05 00:45:44.430,0.86112,0.86125
2013.03.05 00:45:44.771,0.86114,0.86125
2013.03.05 00:45:44.960,0.86112,0.86125
2013.03.05 00:45:45.221,0.86115,0.86125
2013.03.05 00:45:45.479,0.86112,0.86125
2013.03.05 00:45:45.740,0.86114,0.86125
2013.03.05 00:45:45.950,0.86111,0.86125
2013.03.05 00:45:46.232,0.86115,0.86125
2013.03.05 00:45:46.560,0.86114,0.86125
2013.03.05 00:45:46.960,0.86112,0.86125
2013.03.05 00:45:47.170,0.86114,0.86125
2013.03.05 00:45:47.450,0.86112,0.86125
2013.03.05 00:45:47.611,0.86113,0.86125
2013.03.05 00:45:47.980,0.86112,0.86125
2013.03.05 00:45:48.174,0.86114,0.86125
2013.03.05 00:45:48.450,0.86111,0.86125
2013.03.05 00:45:48.621,0.86111,0.86125
2013.03.05 00:45:48.960,0.86111,0.86125
2013.03.05 00:45:49.180,0.86114,0.86125
2013.03.05 00:45:49.481,0.86111,0.86125
2013.03.05 00:45:49.628,0.86113,0.86125
2013.03.05 00:45:50.184,0.86115,0.86125
2013.03.05 00:45:56.642,0.86116,0.86126
2013.03.05 00:45:56.712,0.86116,0.86129
2013.03.05 00:45:56.911,0.86116,0.8613
2013.03.05 00:45:57.040,0.86119,0.86132
2013.03.05 00:45:57.574,0.86119,0.86134
2013.03.05 00:46:04.170,0.86119,0.86134
2013.03.05 00:46:07.613,0.86116,0.86133
2013.03.05 00:46:17.194,0.86116,0.86133
2013.03.05 00:46:18.650,0.86119,0.86132
2013.03.05 00:46:18.953,0.86119,0.86133
2013.03.05 00:46:19.470,0.86119,0.86133
2013.03.05 00:46:20.759,0.86119,0.86135
2013.03.05 00:46:22.556,0.86119,0.86135
2013.03.05 00:46:22.983,0.86121,0.86135
2013.03.05 00:46:23.303,0.86125,0.86139
2013.03.05 00:46:30.362,0.86127,0.8614
2013.03.05 00:46:30.622,0.86128,0.86146
2013.03.05 00:46:30.693,0.86133,0.86146
2013.03.05 00:46:30.952,0.86133,0.86147
2013.03.05 00:46:32.905,0.86131,0.86146
2013.03.05 00:46:34.651,0.86131,0.86147
2013.03.05 00:46:34.962,0.86131,0.86144
2013.03.05 00:46:35.270,0.86129,0.86144
2013.03.05 00:46:35.874,0.86129,0.86143
2013.03.05 00:46:35.945,0.86126,0.8614
2013.03.05 00:46:36.441,0.86125,0.8614
2013.03.05 00:46:45.048,0.86124,0.86139
2013.03.05 00:46:45.302,0.86123,0.86137
2013.03.05 00:46:50.161,0.86121,0.86137
2013.03.05 00:46:56.450,0.86119,0.86135
2013.03.05 00:46:56.630,0.86119,0.86135
2013.03.05 00:46:56.930,0.86121,0.86135
2013.03.05 00:46:57.109,0.8612,0.86135
2013.03.05 00:46:57.611,0.86119,0.86135
2013.03.05 00:46:57.921,0.86122,0.86135
2013.03.05 00:46:58.661,0.8612,0.86135
2013.03.05 00:46:58.981,0.8612,0.86135
2013.03.05 00:46:59.170,0.8612,0.86135
2013.03.05 00:46:59.481,0.86119,0.86135
2013.03.05 00:46:59.642,0.86119,0.86135
2013.03.05 00:46:59.941,0.86119,0.86134
2013.03.05 00:47:00.142,0.86119,0.86134
2013.03.05 00:47:00.450,0.86119,0.86134
2013.03.05 00:47:00.652,0.86119,0.86134
2013.03.05 00:47:00.962,0.8612,0.86134
2013.03.05 00:47:01.211,0.86121,0.86134
2013.03.05 00:47:01.520,0.8612,0.86134
2013.03.05 00:47:01.641,0.8612,0.86135
2013.03.05 00:47:02.161,0.86122,0.86136
2013.03.05 00:47:03.931,0.86123,0.86138
2013.03.05 00:47:04.190,0.86124,0.86138
2013.03.05 00:47:06.182,0.86124,0.86138
2013.03.05 00:47:06.691,0.86122,0.86138
2013.03.05 00:47:07.241,0.86122,0.86138
2013.03.05 00:47:09.297,0.86123,0.86139
2013.03.05 00:47:09.422,0.86123,0.8614
2013.03.05 00:47:10.101,0.86123,0.8614
2013.03.05 00:47:10.912,0.86123,0.86138
2013.03.05 00:47:11.471,0.86123,0.8614
2013.03.05 00:47:13.826,0.86125,0.8614
2013.03.05 00:47:13.897,0.86125,0.86142
2013.03.05 00:47:14.246,0.86127,0.86142
2013.03.05 00:47:14.551,0.86128,0.86142
2013.03.05 00:47:15.100,0.86127,0.8614
2013.03.05 00:47:15.228,0.86125,0.8614
2013.03.05 00:47:17.716,0.86126,0.8614
2013.03.05 00:47:18.181,0.86128,0.86144
2013.03.05 00:47:18.321,0.86129,0.86144
2013.03.05 00:47:18.462,0.86133,0.86144
2013.03.05 00:47:23.484,0.86133,0.86148
2013.03.05 00:47:23.676,0.86133,0.86146
2013.03.05 00:47:23.992,0.8613,0.86148
2013.03.05 00:47:24.552,0.86131,0.86149
2013.03.05 00:47:26.170,0.86131,0.86149
2013.03.05 00:47:27.794,0.86131,0.86148
2013.03.05 00:47:27.921,0.86132,0.8615
2013.03.05 00:47:28.441,0.86135,0.86151
2013.03.05 00:47:30.781,0.86135,0.86151
2013.03.05 00:47:32.053,0.86135,0.86151
2013.03.05 00:47:32.564,0.86133,0.86149
2013.03.05 00:47:41.652,0.86132,0.86149
2013.03.05 00:47:42.150,0.86131,0.86149
2013.03.05 00:47:42.451,0.86133,0.86149
2013.03.05 00:47:42.631,0.86132,0.86149
2013.03.05 00:47:43.143,0.86131,0.86149
2013.03.05 00:47:43.450,0.86133,0.86149
2013.03.05 00:47:43.681,0.86131,0.86149
2013.03.05 00:47:44.063,0.8613,0.86146
2013.03.05 00:47:44.490,0.86129,0.86144
2013.03.05 00:47:44.730,0.8613,0.86144
2013.03.05 00:47:44.970,0.86129,0.86144
2013.03.05 00:47:45.162,0.86129,0.86144
2013.03.05 00:47:45.443,0.86129,0.86144
2013.03.05 00:47:45.651,0.8613,0.86144
2013.03.05 00:47:45.970,0.8613,0.86145
2013.03.05 00:47:46.211,0.8613,0.86146
2013.03.05 00:47:46.454,0.86129,0.86146
2013.03.05 00:47:47.000,0.86127,0.86144
2013.03.05 00:47:52.151,0.86127,0.86143
2013.03.05 00:47:52.523,0.86124,0.86142
2013.03.05 00:47:57.130,0.86124,0.86142
2013.03.05 00:47:57.431,0.86123,0.86138
2013.03.05 00:47:57.740,0.86119,0.86136
2013.03.05 00:47:58.252,0.86116,0.86134
2013.03.05 00:47:58.441,0.86116,0.86134
2013.03.05 00:47:58.983,0.86115,0.86134
2013.03.05 00:47:59.541,0.86115,0.86134
2013.03.05 00:48:00.220,0.86115,0.86134
2013.03.05 00:48:03.851,0.86117,0.86135
2013.03.05 00:48:15.502,0.86117,0.86135
2013.03.05 00:48:16.129,0.86117,0.86135
2013.03.05 00:48:16.612,0.86119,0.86138
2013.03.05 00:48:20.961,0.8612,0.86139
2013.03.05 00:48:21.573,0.86122,0.86139
2013.03.05 00:48:22.161,0.86124,0.86139
2013.03.05 00:48:27.221,0.86125,0.8614
2013.03.05 00:48:27.674,0.86123,0.86139
2013.03.05 00:48:27.921,0.86123,0.86139
2013.03.05 00:48:31.940,0.86124,0.86139
2013.03.05 00:48:36.539,0.86125,0.86139
2013.03.05 00:48:36.960,0.86124,0.86139
2013.03.05 00:48:37.406,0.86125,0.86139
2013.03.05 00:48:37.472,0.86124,0.86139
2013.03.05 00:48:37.781,0.86125,0.86139
2013.03.05 00:48:37.961,0.86124,0.86139
2013.03.05 00:48:38.161,0.86125,0.86139
2013.03.05 00:48:38.479,0.86125,0.86139
2013.03.05 00:48:38.710,0.86125,0.86139
2013.03.05 00:48:38.960,0.86125,0.86139
2013.03.05 00:48:39.700,0.86125,0.86139
2013.03.05 00:48:39.980,0.86125,0.86139
2013.03.05 00:48:40.160,0.86125,0.86139
2013.03.05 00:48:40.470,0.86125,0.86139
2013.03.05 00:48:40.710,0.86125,0.86139
2013.03.05 00:48:40.910,0.86124,0.86139
2013.03.05 00:48:41.211,0.86125,0.86139
2013.03.05 00:48:42.201,0.86125,0.86139
2013.03.05 00:48:47.672,0.86125,0.8614
2013.03.05 00:48:48.220,0.86125,0.86141
2013.03.05 00:48:48.884,0.86126,0.86143
2013.03.05 00:48:49.392,0.86128,0.86145
2013.03.05 00:48:49.460,0.86133,0.86145
2013.03.05 00:48:49.760,0.8613,0.86145
2013.03.05 00:48:52.492,0.8613,0.86145
2013.03.05 00:48:53.212,0.86129,0.86145
2013.03.05 00:48:54.995,0.86129,0.86145
2013.03.05 00:48:59.581,0.86129,0.86144
2013.03.05 00:48:59.653,0.86129,0.86144
2013.03.05 00:48:59.962,0.86128,0.8614
2013.03.05 00:49:00.471,0.86127,0.86139
2013.03.05 00:49:01.212,0.86125,0.86139
2013.03.05 00:49:01.414,0.86125,0.86139
2013.03.05 00:49:01.963,0.86127,0.86139
2013.03.05 00:49:03.312,0.86127,0.86139
2013.03.05 00:49:03.706,0.86125,0.86136
2013.03.05 00:49:03.972,0.86125,0.86136
2013.03.05 00:49:04.230,0.86123,0.86136
2013.03.05 00:49:04.481,0.86119,0.86136
2013.03.05 00:49:15.246,0.86121,0.86135
2013.03.05 00:49:32.930,0.86121,0.86136
2013.03.05 00:49:35.000,0.86122,0.86137
2013.03.05 00:49:35.634,0.86122,0.86137
2013.03.05 00:49:36.501,0.86122,0.86137
2013.03.05 00:50:02.345,0.86123,0.86139
2013.03.05 00:50:02.412,0.86123,0.86139
2013.03.05 00:50:03.419,0.86123,0.86139
2013.03.05 00:50:09.232,0.86124,0.8614
2013.03.05 00:50:17.940,0.86125,0.86141
2013.03.05 00:50:19.610,0.86125,0.86141
2013.03.05 00:50:19.861,0.86125,0.86139
2013.03.05 00:50:20.411,0.86123,0.86139
2013.03.05 00:50:35.060,0.86123,0.86139
2013.03.05 00:50:38.761,0.86123,0.86141
2013.03.05 00:50:38.820,0.86123,0.86141
2013.03.05 00:50:39.121,0.86125,0.86138
2013.03.05 00:50:39.251,0.86123,0.86138
2013.03.05 00:50:53.902,0.86123,0.86138
2013.03.05 00:51:08.873,0.86123,0.86138
2013.03.05 00:51:09.361,0.86125,0.8614
2013.03.05 00:51:13.582,0.86126,0.8614
2013.03.05 00:51:14.130,0.86126,0.86141
2013.03.05 00:51:18.161,0.86125,0.86141
2013.03.05 00:51:18.524,0.86122,0.86137
2013.03.05 00:51:18.714,0.86122,0.86137
2013.03.05 00:51:18.962,0.86122,0.86137
2013.03.05 00:51:21.351,0.86122,0.86137
2013.03.05 00:51:21.732,0.86125,0.8614
2013.03.05 00:51:23.899,0.86126,0.86141
2013.03.05 00:51:26.727,0.86124,0.8614
2013.03.05 00:51:26.971,0.86122,0.86137
2013.03.05 00:51:27.032,0.86121,0.86137
2013.03.05 00:51:28.484,0.86121,0.86137
2013.03.05 00:51:34.791,0.86121,0.86136
2013.03.05 00:51:37.614,0.86121,0.86136
2013.03.05 00:51:47.300,0.86121,0.86138
2013.03.05 00:51:50.061,0.86121,0.86137
2013.03.05 00:51:52.641,0.86121,0.86138
2013.03.05 00:51:56.521,0.86119,0.86137
2013.03.05 00:52:01.612,0.8612,0.86138
2013.03.05 00:52:01.681,0.86123,0.86138
2013.03.05 00:52:05.001,0.86124,0.86139
2013.03.05 00:52:05.735,0.86124,0.86139
2013.03.05 00:52:08.142,0.86125,0.86139
2013.03.05 00:52:14.346,0.86127,0.86142
2013.03.05 00:52:14.843,0.86128,0.86145
2013.03.05 00:52:15.374,0.86131,0.86145
2013.03.05 00:52:15.918,0.86131,0.86145
2013.03.05 00:52:17.822,0.8613,0.86145
2013.03.05 00:52:18.140,0.86128,0.86144
2013.03.05 00:52:18.443,0.86129,0.86145
2013.03.05 00:52:23.390,0.8613,0.86145
2013.03.05 00:52:23.451,0.86131,0.86147
2013.03.05 00:52:24.010,0.86131,0.86148
2013.03.05 00:52:24.322,0.86131,0.86148
2013.03.05 00:52:24.391,0.8613,0.86146
2013.03.05 00:52:25.253,0.8613,0.86147
2013.03.05 00:52:26.551,0.8613,0.86146
2013.03.05 00:52:27.032,0.86129,0.86144
2013.03.05 00:52:29.882,0.86128,0.86144
2013.03.05 00:52:30.973,0.8613,0.86145
2013.03.05 00:52:31.221,0.8613,0.86145
2013.03.05 00:52:37.277,0.8613,0.86146
2013.03.05 00:52:38.411,0.86132,0.86146
2013.03.05 00:52:38.471,0.86132,0.86149
2013.03.05 00:52:38.819,0.86133,0.86149
2013.03.05 00:52:45.762,0.86133,0.86149
2013.03.05 00:52:47.121,0.86133,0.86149
2013.03.05 00:52:47.661,0.86133,0.86152
2013.03.05 00:52:48.391,0.86134,0.86152
2013.03.05 00:52:49.003,0.86136,0.86152
2013.03.05 00:52:49.554,0.86137,0.86153
2013.03.05 00:52:50.113,0.86137,0.86152
2013.03.05 00:52:54.744,0.86136,0.86153
2013.03.05 00:52:55.732,0.86138,0.86155
2013.03.05 00:52:56.281,0.86139,0.86156
2013.03.05 00:52:59.452,0.8614,0.86157
2013.03.05 00:53:02.783,0.86139,0.86157
2013.03.05 00:53:03.360,0.8614,0.86157
2013.03.05 00:53:03.636,0.86143,0.86158
2013.03.05 00:53:03.780,0.86145,0.8616
2013.03.05 00:53:03.961,0.86143,0.86159
2013.03.05 00:53:04.512,0.86143,0.86159
2013.03.05 00:53:10.862,0.86144,0.86159
2013.03.05 00:53:10.991,0.86145,0.8616
2013.03.05 00:53:11.182,0.86144,0.8616
2013.03.05 00:53:19.186,0.86144,0.8616
2013.03.05 00:53:20.451,0.86144,0.86158
2013.03.05 00:53:20.813,0.8614,0.86158
2013.03.05 00:53:20.942,0.8614,0.86157
2013.03.05 00:53:21.201,0.86139,0.86154
2013.03.05 00:53:21.381,0.86139,0.86154
2013.03.05 00:53:21.681,0.86139,0.86154
2013.03.05 00:53:25.182,0.86138,0.86152
2013.03.05 00:53:25.431,0.86138,0.86153
2013.03.05 00:53:27.921,0.86139,0.86153
2013.03.05 00:53:28.470,0.8614,0.86155
2013.03.05 00:53:28.891,0.8614,0.86155
2013.03.05 00:53:29.010,0.86139,0.86155
2013.03.05 00:53:29.192,0.8614,0.86155
2013.03.05 00:53:29.501,0.8614,0.86155
2013.03.05 00:53:29.682,0.8614,0.86155
2013.03.05 00:53:29.993,0.8614,0.86155
2013.03.05 00:53:30.191,0.8614,0.86155
2013.03.05 00:53:30.442,0.86139,0.86155
2013.03.05 00:53:31.941,0.8614,0.86155
2013.03.05 00:53:32.482,0.8614,0.86155
2013.03.05 00:53:32.702,0.86139,0.86155
2013.03.05 00:53:33.412,0.8614,0.86155
2013.03.05 00:53:34.085,0.8614,0.86155
2013.03.05 00:53:34.270,0.86139,0.86156
2013.03.05 00:53:38.631,0.86139,0.86156
2013.03.05 00:53:38.692,0.86139,0.86156
2013.03.05 00:53:38.941,0.86139,0.86156
2013.03.05 00:53:39.260,0.86139,0.86156
2013.03.05 00:53:39.491,0.86139,0.86156
2013.03.05 00:53:40.241,0.8614,0.86155
2013.03.05 00:53:40.932,0.86139,0.86155
2013.03.05 00:53:41.482,0.8614,0.86156
2013.03.05 00:53:41.612,0.8614,0.86156
2013.03.05 00:53:41.933,0.86139,0.86155
2013.03.05 00:53:42.124,0.86139,0.86156
2013.03.05 00:53:42.492,0.86139,0.86156
2013.03.05 00:53:48.787,0.8614,0.86156
2013.03.05 00:53:50.871,0.86142,0.86157
2013.03.05 00:53:51.412,0.86142,0.86157
2013.03.05 00:53:52.882,0.86142,0.86157
2013.03.05 00:53:52.952,0.86142,0.86159
2013.03.05 00:53:53.082,0.86142,0.8616
2013.03.05 00:53:53.654,0.86145,0.86161
2013.03.05 00:53:54.621,0.86145,0.86161
2013.03.05 00:53:54.741,0.86145,0.86161
2013.03.05 00:54:00.334,0.86145,0.86159
2013.03.05 00:54:00.793,0.86143,0.86159
2013.03.05 00:54:01.233,0.86144,0.86159
2013.03.05 00:54:01.781,0.86145,0.86159
2013.03.05 00:54:02.303,0.86145,0.86159
2013.03.05 00:54:02.432,0.86144,0.86159
2013.03.05 00:54:03.211,0.86145,0.86159
2013.03.05 00:54:03.450,0.86144,0.86159
2013.03.05 00:54:03.731,0.86145,0.86159
2013.03.05 00:54:03.961,0.86145,0.86159
2013.03.05 00:54:04.160,0.86145,0.86159
2013.03.05 00:54:04.461,0.86144,0.86159
2013.03.05 00:54:05.161,0.86145,0.86159
2013.03.05 00:54:05.511,0.86144,0.86159
2013.03.05 00:54:06.152,0.86145,0.86159
2013.03.05 00:54:06.712,0.86145,0.8616
2013.03.05 00:54:06.970,0.86145,0.8616
2013.03.05 00:54:07.700,0.86145,0.8616
2013.03.05 00:54:08.031,0.86145,0.8616
2013.03.05 00:54:08.642,0.86145,0.8616
2013.03.05 00:54:08.841,0.86147,0.86163
2013.03.05 00:54:08.908,0.86149,0.86163
2013.03.05 00:54:09.091,0.86149,0.86165
2013.03.05 00:54:09.718,0.86151,0.86165
2013.03.05 00:54:14.818,0.86151,0.86166
2013.03.05 00:54:20.872,0.86151,0.86166
2013.03.05 00:54:21.181,0.86152,0.86167
2013.03.05 00:54:21.731,0.86152,0.86167
2013.03.05 00:54:22.461,0.86152,0.86169
2013.03.05 00:54:24.812,0.86152,0.86169
2013.03.05 00:54:35.833,0.86156,0.8617
2013.03.05 00:54:36.145,0.86157,0.86172
2013.03.05 00:54:37.182,0.86157,0.86173
2013.03.05 00:54:37.712,0.86157,0.86174
2013.03.05 00:54:41.402,0.86161,0.86175
2013.03.05 00:54:41.605,0.86161,0.86176
2013.03.05 00:54:41.853,0.8616,0.86176
2013.03.05 00:54:42.342,0.86157,0.86174
2013.03.05 00:54:42.462,0.86158,0.86174
2013.03.05 00:54:42.642,0.86157,0.86174
2013.03.05 00:54:44.281,0.86157,0.86174
2013.03.05 00:54:44.878,0.86157,0.86174
2013.03.05 00:54:46.371,0.86157,0.86174
2013.03.05 00:54:46.491,0.86157,0.86174
2013.03.05 00:54:47.033,0.86158,0.86173
2013.03.05 00:54:47.531,0.86156,0.86172
2013.03.05 00:54:47.830,0.86156,0.86172
2013.03.05 00:54:48.350,0.86156,0.86172
2013.03.05 00:54:52.011,0.86156,0.86172
2013.03.05 00:54:56.811,0.86155,0.86172
2013.03.05 00:54:57.124,0.8616,0.86175
2013.03.05 00:54:57.463,0.86165,0.86179
2013.03.05 00:54:57.531,0.86166,0.86182
2013.03.05 00:54:57.854,0.86167,0.86184
2013.03.05 00:54:58.136,0.86168,0.86184
2013.03.05 00:55:00.244,0.86171,0.86185
2013.03.05 00:55:00.562,0.86173,0.86188
2013.03.05 00:55:00.970,0.86173,0.86191
2013.03.05 00:55:01.112,0.86173,0.86189
2013.03.05 00:55:01.363,0.86172,0.86188
2013.03.05 00:55:01.922,0.86172,0.86188
2013.03.05 00:55:02.112,0.86171,0.86186
2013.03.05 00:55:03.092,0.86171,0.86187
2013.03.05 00:55:03.402,0.86171,0.86186
2013.03.05 00:55:03.921,0.86169,0.86186
2013.03.05 00:55:04.102,0.86169,0.86186
2013.03.05 00:55:04.611,0.86169,0.86187
2013.03.05 00:55:05.170,0.86169,0.86187
2013.03.05 00:55:05.592,0.86168,0.86185
2013.03.05 00:55:05.662,0.86168,0.86185
2013.03.05 00:55:05.912,0.86168,0.86184
2013.03.05 00:55:06.986,0.86166,0.86185
2013.03.05 00:55:07.055,0.86166,0.86184
2013.03.05 00:55:07.601,0.86165,0.86182
2013.03.05 00:55:08.142,0.86165,0.86182
2013.03.05 00:55:08.500,0.86165,0.86182
2013.03.05 00:55:09.071,0.86165,0.86182
2013.03.05 00:55:09.620,0.86165,0.86182
2013.03.05 00:55:10.153,0.86169,0.86183
2013.03.05 00:55:10.532,0.86176,0.86187
2013.03.05 00:55:11.082,0.86171,0.86187
2013.03.05 00:55:12.746,0.86171,0.86187
2013.03.05 00:55:13.283,0.86172,0.86188
2013.03.05 00:55:14.365,0.86172,0.86188
2013.03.05 00:55:14.822,0.86176,0.86191
2013.03.05 00:55:15.254,0.86178,0.86191
2013.03.05 00:55:15.395,0.86176,0.86193
2013.03.05 00:55:17.483,0.86176,0.86193
2013.03.05 00:55:19.223,0.86177,0.86192
2013.03.05 00:55:20.103,0.86179,0.86193
2013.03.05 00:55:20.413,0.86186,0.86198
2013.03.05 00:55:20.728,0.86182,0.86199
2013.03.05 00:55:20.924,0.86183,0.862
2013.03.05 00:55:21.246,0.86186,0.862
2013.03.05 00:55:24.547,0.86182,0.862
2013.03.05 00:55:24.932,0.86184,0.862
2013.03.05 00:55:25.891,0.86182,0.862
2013.03.05 00:55:25.952,0.86182,0.86198
2013.03.05 00:55:26.563,0.86181,0.86196
2013.03.05 00:55:26.696,0.86179,0.86195
2013.03.05 00:55:27.132,0.86179,0.86192
2013.03.05 00:55:27.443,0.86179,0.86193
2013.03.05 00:55:28.372,0.86175,0.86193
2013.03.05 00:55:28.684,0.86175,0.86191
2013.03.05 00:55:29.442,0.86175,0.86191
2013.03.05 00:55:30.071,0.86173,0.86191
2013.03.05 00:55:30.624,0.86173,0.86191
2013.03.05 00:55:30.932,0.86171,0.8619
2013.03.05 00:55:31.122,0.86171,0.86189
2013.03.05 00:55:31.312,0.86171,0.86188
2013.03.05 00:55:31.862,0.8617,0.86188
2013.03.05 00:55:31.933,0.86169,0.86186
2013.03.05 00:55:32.002,0.86167,0.86184
2013.03.05 00:55:32.432,0.86165,0.86182
2013.03.05 00:55:32.916,0.86164,0.8618
2013.03.05 00:55:33.284,0.86163,0.8618
2013.03.05 00:55:33.351,0.86163,0.8618
2013.03.05 00:55:33.483,0.86161,0.86177
2013.03.05 00:55:33.852,0.86158,0.86174
2013.03.05 00:55:34.413,0.86156,0.86173
2013.03.05 00:55:35.582,0.86154,0.86172
2013.03.05 00:55:36.004,0.86152,0.86172
2013.03.05 00:55:36.511,0.86152,0.8617
2013.03.05 00:55:36.993,0.86154,0.86171
2013.03.05 00:55:37.547,0.86155,0.86171
2013.03.05 00:55:38.651,0.86153,0.86172
2013.03.05 00:55:40.835,0.86157,0.86172
2013.03.05 00:55:40.973,0.86157,0.86172
2013.03.05 00:55:41.402,0.86156,0.86174
2013.03.05 00:55:41.589,0.86157,0.86175
2013.03.05 00:55:43.141,0.86159,0.86176
2013.03.05 00:55:43.621,0.86157,0.86175
2013.03.05 00:55:43.692,0.86157,0.86173
2013.03.05 00:55:43.872,0.86154,0.86171
2013.03.05 00:55:44.110,0.86153,0.86171
2013.03.05 00:55:45.404,0.86154,0.86172
2013.03.05 00:55:45.591,0.86155,0.86172
2013.03.05 00:55:46.474,0.86155,0.86172
2013.03.05 00:55:47.509,0.86155,0.86172
2013.03.05 00:55:48.294,0.86156,0.86172
2013.03.05 00:55:49.823,0.86156,0.86173
2013.03.05 00:55:50.272,0.86156,0.86171
2013.03.05 00:55:50.832,0.86155,0.86171
2013.03.05 00:55:57.215,0.86154,0.86172
2013.03.05 00:55:57.555,0.8615,0.86169
2013.03.05 00:55:57.622,0.8615,0.8617
2013.03.05 00:55:57.813,0.86152,0.8617
2013.03.05 00:55:58.361,0.86152,0.8617
2013.03.05 00:56:00.239,0.86152,0.8617
2013.03.05 00:56:00.781,0.86152,0.8617
2013.03.05 00:56:03.062,0.86151,0.86169
2013.03.05 00:56:06.383,0.86152,0.8617
2013.03.05 00:56:06.453,0.86155,0.86171
2013.03.05 00:56:06.882,0.86155,0.86173
2013.03.05 00:56:07.673,0.86156,0.86173
2013.03.05 00:56:09.452,0.86157,0.86173
2013.03.05 00:56:09.993,0.86154,0.86172
2013.03.05 00:56:10.552,0.86155,0.86173
2013.03.05 00:56:12.782,0.86154,0.86172
2013.03.05 00:56:12.852,0.86157,0.86172
2013.03.05 00:56:13.841,0.86158,0.86174
2013.03.05 00:56:14.351,0.86157,0.86174
2013.03.05 00:56:14.814,0.86157,0.86174
2013.03.05 00:56:15.203,0.86155,0.86173
2013.03.05 00:56:15.574,0.86153,0.86172
2013.03.05 00:56:22.643,0.86153,0.86171
2013.03.05 00:56:23.161,0.86153,0.8617
2013.03.05 00:56:24.102,0.86153,0.8617
2013.03.05 00:56:33.133,0.86143,0.86161
2013.03.05 00:56:33.323,0.86142,0.8616
2013.03.05 00:56:36.184,0.86141,0.86155
2013.03.05 00:56:36.314,0.86136,0.86153
2013.03.05 00:56:36.382,0.86136,0.86154
2013.03.05 00:56:36.933,0.86135,0.86155
2013.03.05 00:56:50.130,0.86136,0.86154
2013.03.05 00:56:50.349,0.86135,0.86154
2013.03.05 00:56:52.612,0.86136,0.86154
2013.03.05 00:56:52.921,0.86141,0.86155
2013.03.05 00:56:53.813,0.86142,0.86155
2013.03.05 00:56:54.386,0.8614,0.86155
2013.03.05 00:56:54.912,0.8614,0.86157
2013.03.05 00:57:04.602,0.86138,0.86155
2013.03.05 00:57:07.363,0.86138,0.86155
2013.03.05 00:57:08.405,0.86139,0.86156
2013.03.05 00:57:09.071,0.86138,0.86156
2013.03.05 00:57:17.821,0.86137,0.86156
2013.03.05 00:57:17.942,0.86136,0.86153
2013.03.05 00:57:18.252,0.86134,0.86153
2013.03.05 00:57:18.982,0.86133,0.8615
2013.03.05 00:57:19.946,0.86133,0.8615
2013.03.05 00:57:20.493,0.86134,0.86153
2013.03.05 00:57:23.120,0.86134,0.86153
2013.03.05 00:57:23.180,0.86138,0.86154
2013.03.05 00:57:24.558,0.86137,0.86155
2013.03.05 00:57:25.046,0.86138,0.86158
2013.03.05 00:57:26.280,0.86139,0.86155
2013.03.05 00:57:26.550,0.86139,0.86158
2013.03.05 00:57:27.799,0.86142,0.86158
2013.03.05 00:57:29.434,0.86142,0.86158
2013.03.05 00:57:30.058,0.86142,0.86157
2013.03.05 00:57:30.897,0.86142,0.86158
2013.03.05 00:57:32.820,0.86142,0.86158
2013.03.05 00:57:33.327,0.86141,0.8616
2013.03.05 00:57:35.230,0.86143,0.8616
2013.03.05 00:57:35.731,0.86144,0.86161
2013.03.05 00:57:36.339,0.86144,0.86162
2013.03.05 00:57:40.110,0.86145,0.86163
2013.03.05 00:57:40.171,0.86145,0.86163
2013.03.05 00:57:41.321,0.86145,0.86163
2013.03.05 00:57:45.181,0.86145,0.86162
2013.03.05 00:57:50.450,0.86144,0.86163
2013.03.05 00:57:51.000,0.86146,0.86163
2013.03.05 00:57:51.342,0.86146,0.86164
2013.03.05 00:57:53.091,0.86146,0.86164
2013.03.05 00:57:53.641,0.86147,0.86164
2013.03.05 00:57:57.552,0.86149,0.86164
2013.03.05 00:57:57.671,0.86147,0.86164
2013.03.05 00:57:58.209,0.86147,0.86164
2013.03.05 00:57:59.047,0.86147,0.86164
2013.03.05 00:57:59.750,0.86147,0.86164
2013.03.05 00:58:00.523,0.86146,0.86164
2013.03.05 00:58:00.652,0.86147,0.86164
2013.03.05 00:58:08.611,0.86148,0.86165
2013.03.05 00:58:12.437,0.86148,0.86164
2013.03.05 00:58:12.971,0.86149,0.86165
2013.03.05 00:58:19.146,0.86149,0.86165
2013.03.05 00:58:27.382,0.86148,0.86165
2013.03.05 00:58:29.125,0.86148,0.86164
2013.03.05 00:58:29.346,0.86146,0.86163
2013.03.05 00:58:29.928,0.86146,0.86163
2013.03.05 00:58:30.752,0.86146,0.86162
2013.03.05 00:58:31.272,0.86146,0.86162
2013.03.05 00:58:31.810,0.86146,0.86162
2013.03.05 00:58:32.355,0.86146,0.86162
2013.03.05 00:58:32.662,0.86146,0.86162
2013.03.05 00:58:33.201,0.86146,0.86163
2013.03.05 00:58:33.762,0.86146,0.86163
2013.03.05 00:58:34.373,0.86146,0.86163
2013.03.05 00:58:37.080,0.86146,0.86163
2013.03.05 00:58:37.621,0.86146,0.86163
2013.03.05 00:58:39.162,0.86146,0.86163
2013.03.05 00:58:39.701,0.86144,0.86161
2013.03.05 00:58:40.260,0.86143,0.86161
2013.03.05 00:58:40.690,0.86143,0.86161
2013.03.05 00:58:41.247,0.86144,0.86161
2013.03.05 00:58:41.318,0.86144,0.86161
2013.03.05 00:58:41.716,0.86145,0.86162
2013.03.05 00:58:52.934,0.86146,0.86162
2013.03.05 00:58:53.422,0.86146,0.86161
2013.03.05 00:58:53.970,0.86146,0.86161
2013.03.05 00:58:57.519,0.86146,0.86162
2013.03.05 00:58:59.781,0.86146,0.86163
2013.03.05 00:59:00.142,0.86148,0.86164
2013.03.05 00:59:00.272,0.86148,0.86164
2013.03.05 00:59:03.501,0.8615,0.86166
2013.03.05 00:59:03.681,0.8615,0.86166
2013.03.05 00:59:11.432,0.8615,0.86166
2013.03.05 00:59:12.461,0.8615,0.86166
2013.03.05 00:59:13.712,0.8615,0.86165
2013.03.05 00:59:13.771,0.86149,0.86164
2013.03.05 00:59:19.321,0.86149,0.86164
2013.03.05 00:59:20.421,0.8615,0.86164
2013.03.05 00:59:22.047,0.8615,0.86162
2013.03.05 00:59:29.555,0.8615,0.86162
2013.03.05 00:59:30.551,0.86149,0.86162
2013.03.05 00:59:37.332,0.86149,0.86162
2013.03.05 00:59:43.072,0.86149,0.86162
2013.03.05 01:00:00.739,0.8615,0.86162
2013.03.05 01:00:01.124,0.86149,0.86161
2013.03.05 01:00:01.255,0.86149,0.86161
2013.03.05 01:00:01.624,0.86147,0.86161
2013.03.05 01:00:01.691,0.86147,0.86161
2013.03.05 01:00:02.251,0.86147,0.86161
2013.03.05 01:00:03.699,0.86147,0.86158
2013.03.05 01:00:04.251,0.86147,0.86158
2013.03.05 01:00:05.721,0.86147,0.8616
2013.03.05 01:00:06.081,0.86147,0.86164
2013.03.05 01:00:06.141,0.86147,0.86164
2013.03.05 01:00:06.322,0.86147,0.86164
2013.03.05 01:00:10.696,0.86147,0.86165
2013.03.05 01:00:15.179,0.86147,0.86163
2013.03.05 01:00:16.640,0.86147,0.86163
2013.03.05 01:00:18.370,0.86147,0.86163
2013.03.05 01:00:18.920,0.86147,0.86163
2013.03.05 01:00:19.460,0.86147,0.86163
2013.03.05 01:00:20.201,0.86143,0.86163
2013.03.05 01:00:20.638,0.86145,0.86163
2013.03.05 01:00:20.971,0.86143,0.86163
2013.03.05 01:00:23.810,0.86145,0.86163
2013.03.05 01:00:26.240,0.86145,0.86163
2013.03.05 01:00:26.981,0.86145,0.86163
2013.03.05 01:00:30.045,0.86147,0.86163
2013.03.05 01:00:31.560,0.86147,0.86163
2013.03.05 01:00:32.759,0.86148,0.86162
2013.03.05 01:00:37.840,0.86147,0.86162
2013.03.05 01:00:39.800,0.86145,0.86162
2013.03.05 01:00:41.951,0.86144,0.86161
2013.03.05 01:00:43.151,0.86144,0.8616
2013.03.05 01:00:43.691,0.86143,0.8616
2013.03.05 01:00:44.210,0.86143,0.8616
2013.03.05 01:00:44.932,0.86146,0.86163
2013.03.05 01:00:46.232,0.86147,0.86163
2013.03.05 01:00:46.602,0.86145,0.86162
2013.03.05 01:00:47.104,0.86144,0.86161
2013.03.05 01:00:47.653,0.86144,0.8616
2013.03.05 01:00:50.964,0.86143,0.8616
2013.03.05 01:00:51.481,0.86145,0.86162
2013.03.05 01:00:51.963,0.86145,0.86161
2013.03.05 01:00:52.632,0.86145,0.86161
2013.03.05 01:00:52.871,0.86147,0.86163
2013.03.05 01:00:54.662,0.86148,0.86163
2013.03.05 01:00:55.165,0.8615,0.86163
2013.03.05 01:00:55.713,0.86149,0.86163
2013.03.05 01:00:56.221,0.86148,0.86162
2013.03.05 01:00:57.241,0.86148,0.86162
2013.03.05 01:00:57.664,0.86146,0.86162
2013.03.05 01:00:59.393,0.86146,0.86162
2013.03.05 01:00:59.950,0.86147,0.86163
2013.03.05 01:01:00.888,0.86146,0.86162
2013.03.05 01:01:01.404,0.86147,0.86162
2013.03.05 01:01:01.952,0.86146,0.86162
2013.03.05 01:01:02.634,0.86146,0.86162
2013.03.05 01:01:03.827,0.86146,0.86162
2013.03.05 01:01:04.383,0.86147,0.86163
2013.03.05 01:01:04.931,0.86147,0.86163
2013.03.05 01:01:06.132,0.86146,0.86162
2013.03.05 01:01:06.672,0.86144,0.86162
2013.03.05 01:01:07.226,0.86144,0.8616
2013.03.05 01:01:07.732,0.86143,0.8616
2013.03.05 01:01:08.442,0.86143,0.8616
2013.03.05 01:01:08.865,0.86142,0.86159
2013.03.05 01:01:09.951,0.8614,0.86157
2013.03.05 01:01:10.661,0.8614,0.86156
2013.03.05 01:01:10.913,0.86138,0.86152
2013.03.05 01:01:11.045,0.86137,0.86152
2013.03.05 01:01:11.173,0.86136,0.86152
2013.03.05 01:01:11.664,0.86136,0.86152
2013.03.05 01:01:11.733,0.86134,0.86152
2013.03.05 01:01:12.641,0.86135,0.86152
2013.03.05 01:01:13.131,0.86134,0.86152
2013.03.05 01:01:13.191,0.86135,0.86152
2013.03.05 01:01:13.754,0.86136,0.86152
2013.03.05 01:01:14.302,0.86136,0.86152
2013.03.05 01:01:14.421,0.86134,0.86152
2013.03.05 01:01:14.962,0.86134,0.86151
2013.03.05 01:01:15.841,0.86132,0.86149
2013.03.05 01:01:16.586,0.86129,0.86145
2013.03.05 01:01:17.122,0.86128,0.86144
2013.03.05 01:01:17.253,0.86127,0.86143
2013.03.05 01:01:17.322,0.86127,0.86142
2013.03.05 01:01:17.682,0.86127,0.86142
2013.03.05 01:01:18.183,0.86128,0.86143
2013.03.05 01:01:18.671,0.86125,0.86142
2013.03.05 01:01:18.911,0.86125,0.86142
2013.03.05 01:01:20.017,0.86124,0.86142
2013.03.05 01:01:20.081,0.86124,0.86143
2013.03.05 01:01:20.203,0.86124,0.86143
2013.03.05 01:01:22.132,0.86125,0.86143
2013.03.05 01:01:22.801,0.86126,0.86143
2013.03.05 01:01:23.341,0.86126,0.86142
2013.03.05 01:01:26.821,0.86125,0.86142
2013.03.05 01:01:27.401,0.86125,0.86143
2013.03.05 01:01:27.833,0.86126,0.86143
2013.03.05 01:01:28.024,0.86127,0.86143
2013.03.05 01:01:28.702,0.8613,0.86147
2013.03.05 01:01:28.894,0.8613,0.86148
2013.03.05 01:01:29.502,0.8613,0.86147
2013.03.05 01:01:30.062,0.8613,0.86147
2013.03.05 01:01:31.202,0.86131,0.86147
2013.03.05 01:01:31.751,0.8613,0.86147
2013.03.05 01:01:32.521,0.8613,0.86147
2013.03.05 01:01:32.762,0.86129,0.86146
2013.03.05 01:01:36.087,0.86129,0.86147
2013.03.05 01:01:36.156,0.86129,0.86147
2013.03.05 01:01:36.902,0.86131,0.86147
2013.03.05 01:01:37.413,0.86131,0.86147
2013.03.05 01:01:38.025,0.86131,0.86148
2013.03.05 01:01:38.771,0.86131,0.86147
2013.03.05 01:01:38.903,0.86129,0.86145
2013.03.05 01:01:39.331,0.86129,0.86148
2013.03.05 01:01:39.693,0.86127,0.86144
2013.03.05 01:01:39.881,0.86126,0.86144
2013.03.05 01:01:41.966,0.86127,0.86145
2013.03.05 01:01:42.211,0.86128,0.86147
2013.03.05 01:01:42.391,0.86128,0.86147
2013.03.05 01:01:42.571,0.86128,0.86146
2013.03.05 01:01:45.521,0.86128,0.86145
2013.03.05 01:01:57.695,0.86127,0.86144
2013.03.05 01:02:03.161,0.86128,0.86144
2013.03.05 01:02:03.463,0.8613,0.86147
2013.03.05 01:02:06.132,0.86129,0.86146
2013.03.05 01:02:13.412,0.86127,0.86145
2013.03.05 01:02:23.261,0.86126,0.86144
2013.03.05 01:02:27.190,0.86126,0.86144
2013.03.05 01:02:27.703,0.86127,0.86144
2013.03.05 01:02:30.322,0.86127,0.86144
2013.03.05 01:02:30.873,0.86127,0.86144
2013.03.05 01:02:33.722,0.86128,0.86146
2013.03.05 01:02:34.281,0.86128,0.86145
2013.03.05 01:02:34.891,0.86128,0.86145
2013.03.05 01:02:35.431,0.86127,0.86144
2013.03.05 01:02:36.383,0.86127,0.86144
2013.03.05 01:02:36.902,0.86127,0.86144
2013.03.05 01:02:36.962,0.86128,0.86145
2013.03.05 01:02:37.514,0.86131,0.86146
2013.03.05 01:02:40.411,0.86132,0.86149
2013.03.05 01:02:40.651,0.86131,0.86149
2013.03.05 01:02:41.382,0.86132,0.86149
2013.03.05 01:02:41.442,0.86132,0.86149
2013.03.05 01:02:43.502,0.86133,0.86151
2013.03.05 01:02:43.912,0.86133,0.86151
2013.03.05 01:02:44.273,0.86132,0.86148
2013.03.05 01:02:44.823,0.86131,0.86148
2013.03.05 01:02:47.790,0.8613,0.86148
2013.03.05 01:02:49.098,0.8613,0.86149
2013.03.05 01:02:49.652,0.86132,0.8615
2013.03.05 01:02:50.187,0.86131,0.8615
2013.03.05 01:02:52.603,0.86128,0.86147
2013.03.05 01:02:53.156,0.86128,0.86146
2013.03.05 01:02:53.821,0.86127,0.86145
2013.03.05 01:02:54.961,0.86129,0.86145
2013.03.05 01:02:55.023,0.8613,0.86145
2013.03.05 01:02:55.372,0.8613,0.86148
2013.03.05 01:02:55.911,0.86132,0.86149
2013.03.05 01:02:57.971,0.86133,0.8615
2013.03.05 01:02:58.031,0.86133,0.86149
2013.03.05 01:02:59.403,0.86135,0.86152
2013.03.05 01:02:59.951,0.86137,0.86155
2013.03.05 01:03:06.803,0.86138,0.86157
2013.03.05 01:03:08.644,0.86139,0.86156
2013.03.05 01:03:09.202,0.86139,0.86157
2013.03.05 01:03:10.439,0.8614,0.86157
2013.03.05 01:03:10.644,0.86139,0.86157
2013.03.05 01:03:10.952,0.8614,0.86157
2013.03.05 01:03:11.502,0.8614,0.86157
2013.03.05 01:03:11.964,0.8614,0.86155
2013.03.05 01:03:14.404,0.86139,0.86156
2013.03.05 01:03:14.473,0.86138,0.86155
2013.03.05 01:03:14.981,0.86137,0.86155
2013.03.05 01:03:16.207,0.86137,0.86155
2013.03.05 01:03:16.722,0.86137,0.86156
2013.03.05 01:03:17.254,0.86137,0.86157
2013.03.05 01:03:18.311,0.86137,0.86157
2013.03.05 01:03:21.732,0.86139,0.86157
2013.03.05 01:03:23.082,0.86139,0.86157
2013.03.05 01:03:27.113,0.86139,0.86158
2013.03.05 01:03:28.253,0.86139,0.86156
2013.03.05 01:03:28.613,0.86138,0.86154
2013.03.05 01:03:28.802,0.86138,0.86155
2013.03.05 01:03:28.981,0.86138,0.86156
2013.03.05 01:03:30.291,0.86138,0.86153
2013.03.05 01:03:30.413,0.86136,0.86153
2013.03.05 01:03:30.783,0.86136,0.86153
2013.03.05 01:03:43.612,0.86136,0.86152
2013.03.05 01:03:45.793,0.86135,0.86152
2013.03.05 01:03:46.823,0.86134,0.86152
2013.03.05 01:03:48.801,0.86134,0.86152
2013.03.05 01:03:49.221,0.86134,0.86152
2013.03.05 01:03:53.411,0.86134,0.8615
2013.03.05 01:03:53.771,0.86132,0.8615
2013.03.05 01:04:00.201,0.86134,0.86152
2013.03.05 01:04:02.621,0.86133,0.86152
2013.03.05 01:04:03.251,0.86133,0.86151
2013.03.05 01:04:13.341,0.86133,0.8615
2013.03.05 01:04:15.212,0.86133,0.8615
2013.03.05 01:04:15.931,0.86133,0.86148
2013.03.05 01:04:16.471,0.86131,0.86148
2013.03.05 01:04:16.975,0.86131,0.86147
2013.03.05 01:04:23.070,0.86129,0.86147
2013.03.05 01:04:26.041,0.8613,0.86148
2013.03.05 01:04:31.182,0.86131,0.86147
2013.03.05 01:04:32.291,0.86131,0.86147
2013.03.05 01:04:35.001,0.86131,0.86147
2013.03.05 01:04:35.581,0.86131,0.86147
2013.03.05 01:04:36.132,0.86131,0.86147
2013.03.05 01:04:38.162,0.86131,0.86147
2013.03.05 01:04:40.893,0.86132,0.86148
2013.03.05 01:04:42.372,0.86132,0.86148
2013.03.05 01:04:42.672,0.86133,0.8615
2013.03.05 01:04:42.734,0.86135,0.8615
2013.03.05 01:04:42.923,0.86135,0.86151
2013.03.05 01:04:42.997,0.86135,0.86149
2013.03.05 01:04:43.442,0.86131,0.86147
2013.03.05 01:04:43.562,0.8613,0.86146
2013.03.05 01:04:44.111,0.8613,0.86147
2013.03.05 01:04:47.592,0.86131,0.86148
2013.03.05 01:04:53.312,0.86129,0.86147
2013.03.05 01:05:01.071,0.86129,0.86145
2013.03.05 01:05:08.422,0.86129,0.86144
2013.03.05 01:05:15.481,0.86128,0.86145
2013.03.05 01:05:16.412,0.8613,0.86146
2013.03.05 01:05:16.592,0.86131,0.86147
2013.03.05 01:05:16.651,0.8613,0.86147
2013.03.05 01:05:17.178,0.8613,0.86147
2013.03.05 01:05:20.092,0.86128,0.86147
2013.03.05 01:05:30.753,0.8613,0.86148
2013.03.05 01:05:37.401,0.8613,0.86147
2013.03.05 01:05:37.461,0.8613,0.86148
2013.03.05 01:05:38.191,0.86131,0.86148
2013.03.05 01:05:39.442,0.8613,0.86148
2013.03.05 01:05:39.561,0.86129,0.86148
2013.03.05 01:05:39.621,0.8613,0.86148
2013.03.05 01:05:50.192,0.86132,0.8615
2013.03.05 01:05:50.734,0.86132,0.86152
2013.03.05 01:05:51.301,0.86135,0.86152
2013.03.05 01:05:51.431,0.86137,0.86154
2013.03.05 01:05:51.956,0.8614,0.86157
2013.03.05 01:05:53.727,0.86139,0.86157
2013.03.05 01:05:58.629,0.8614,0.86158
2013.03.05 01:06:03.242,0.8614,0.86157
2013.03.05 01:06:03.782,0.86139,0.86156
2013.03.05 01:06:07.503,0.86139,0.86156
2013.03.05 01:06:07.563,0.86139,0.86156
2013.03.05 01:06:08.003,0.86137,0.86154
2013.03.05 01:06:11.116,0.86136,0.86154
2013.03.05 01:06:13.291,0.86136,0.86154
2013.03.05 01:06:17.163,0.86133,0.86151
2013.03.05 01:06:17.594,0.86132,0.86148
2013.03.05 01:06:17.844,0.86132,0.86149
2013.03.05 01:06:18.393,0.86132,0.86149
2013.03.05 01:06:18.991,0.86132,0.86149
2013.03.05 01:06:19.207,0.86133,0.8615
2013.03.05 01:06:19.594,0.86135,0.86152
2013.03.05 01:06:20.143,0.86137,0.86153
2013.03.05 01:06:21.132,0.86137,0.86153
2013.03.05 01:06:23.530,0.86137,0.86153
2013.03.05 01:06:23.832,0.86137,0.86155
2013.03.05 01:06:24.013,0.86137,0.86155
2013.03.05 01:06:24.563,0.86141,0.86157
2013.03.05 01:06:25.113,0.86141,0.86156
2013.03.05 01:06:25.543,0.86143,0.86158
2013.03.05 01:06:27.203,0.86143,0.86158
2013.03.05 01:06:27.381,0.86143,0.86158
2013.03.05 01:06:27.922,0.86143,0.86158
2013.03.05 01:06:28.464,0.86145,0.86158
2013.03.05 01:06:29.118,0.86145,0.86158
2013.03.05 01:06:30.507,0.86145,0.8616
2013.03.05 01:06:30.581,0.86145,0.86162
2013.03.05 01:06:31.112,0.86144,0.86161
2013.03.05 01:06:31.662,0.86143,0.86161
2013.03.05 01:06:32.176,0.86144,0.86161
2013.03.05 01:06:32.486,0.86143,0.86159
2013.03.05 01:06:32.734,0.86142,0.86159
2013.03.05 01:06:32.875,0.86141,0.86158
2013.03.05 01:06:33.309,0.86139,0.86154
2013.03.05 01:06:33.384,0.86138,0.86154
2013.03.05 01:06:33.714,0.86134,0.86152
2013.03.05 01:06:34.023,0.86134,0.86152
2013.03.05 01:06:36.260,0.86132,0.8615
2013.03.05 01:06:36.325,0.86132,0.86149
2013.03.05 01:06:36.465,0.86131,0.86148
2013.03.05 01:06:36.795,0.8613,0.86147
2013.03.05 01:06:37.344,0.86129,0.86146
2013.03.05 01:06:37.865,0.86131,0.86148
2013.03.05 01:06:37.994,0.86132,0.86148
2013.03.05 01:06:53.830,0.86133,0.86148
2013.03.05 01:06:53.963,0.86131,0.86148
2013.03.05 01:06:54.994,0.86133,0.86151
2013.03.05 01:06:55.520,0.86134,0.86151
2013.03.05 01:06:55.823,0.86133,0.86151
2013.03.05 01:06:56.481,0.86132,0.86149
2013.03.05 01:06:56.623,0.86132,0.8615
2013.03.05 01:06:58.332,0.86132,0.86149
2013.03.05 01:07:04.022,0.86131,0.86146
2013.03.05 01:07:04.756,0.86131,0.86146
2013.03.05 01:07:06.265,0.86131,0.86146
2013.03.05 01:07:06.793,0.86132,0.86146
2013.03.05 01:07:07.543,0.86134,0.86149
2013.03.05 01:07:08.256,0.86132,0.86149
2013.03.05 01:07:08.324,0.86132,0.86149
2013.03.05 01:07:09.424,0.86131,0.86149
2013.03.05 01:07:09.963,0.86131,0.86147
2013.03.05 01:07:10.513,0.86131,0.86146
2013.03.05 01:07:12.153,0.86133,0.86147
2013.03.05 01:07:12.513,0.86133,0.86149
2013.03.05 01:07:13.135,0.86133,0.86149
2013.03.05 01:07:13.638,0.86133,0.86149
2013.03.05 01:07:20.985,0.86133,0.86151
2013.03.05 01:07:21.292,0.86133,0.86151
2013.03.05 01:07:21.653,0.86137,0.86153
2013.03.05 01:07:22.213,0.86137,0.86152
2013.03.05 01:07:22.463,0.86136,0.86153
2013.03.05 01:07:22.771,0.86136,0.86151
2013.03.05 01:07:23.222,0.86136,0.86151
2013.03.05 01:07:23.581,0.86136,0.86154
2013.03.05 01:07:23.761,0.86138,0.86154
2013.03.05 01:07:23.942,0.86138,0.86154
2013.03.05 01:07:24.422,0.86137,0.86153
2013.03.05 01:07:24.971,0.86135,0.86152
2013.03.05 01:07:25.472,0.86135,0.86151
2013.03.05 01:07:28.074,0.86135,0.86151
2013.03.05 01:07:28.992,0.86137,0.86152
2013.03.05 01:07:33.521,0.86136,0.86153
2013.03.05 01:07:34.182,0.86134,0.86151
2013.03.05 01:07:36.081,0.86134,0.86152
2013.03.05 01:07:36.634,0.86134,0.86152
2013.03.05 01:07:37.072,0.86136,0.86153
2013.03.05 01:07:39.448,0.86137,0.86153
2013.03.05 01:07:40.471,0.86135,0.86152
2013.03.05 01:07:41.442,0.86135,0.86152
2013.03.05 01:07:44.303,0.86136,0.86152
2013.03.05 01:07:44.604,0.86136,0.86153
2013.03.05 01:07:45.113,0.86136,0.86153
2013.03.05 01:07:45.621,0.86136,0.86154
2013.03.05 01:07:47.389,0.86135,0.86153
2013.03.05 01:07:47.552,0.86135,0.86151
2013.03.05 01:07:47.753,0.86132,0.86149
2013.03.05 01:07:47.943,0.86132,0.86149
2013.03.05 01:07:48.183,0.86131,0.86149
2013.03.05 01:07:48.363,0.8613,0.86149
2013.03.05 01:07:48.843,0.86131,0.86149
2013.03.05 01:07:48.972,0.8613,0.86149
2013.03.05 01:07:51.602,0.86129,0.86147
2013.03.05 01:07:51.913,0.86128,0.86145
2013.03.05 01:07:52.452,0.86126,0.86145
2013.03.05 01:07:53.114,0.86126,0.86145
2013.03.05 01:07:55.233,0.86126,0.86145
2013.03.05 01:07:55.992,0.86126,0.86145
2013.03.05 01:07:58.273,0.86126,0.86145
2013.03.05 01:07:59.402,0.86128,0.86145
2013.03.05 01:07:59.942,0.86127,0.86145
2013.03.05 01:08:00.496,0.86127,0.86145
2013.03.05 01:08:04.330,0.86126,0.86145
2013.03.05 01:08:21.579,0.86126,0.86143
2013.03.05 01:08:32.122,0.86125,0.86143
2013.03.05 01:08:32.623,0.86124,0.86142
2013.03.05 01:08:35.043,0.86124,0.86141
2013.03.05 01:08:36.494,0.86124,0.86141
2013.03.05 01:08:37.008,0.86125,0.86141
2013.03.05 01:08:37.433,0.86127,0.86143
2013.03.05 01:08:37.623,0.86129,0.86146
2013.03.05 01:08:38.133,0.86129,0.86146
2013.03.05 01:08:38.629,0.8613,0.86146
2013.03.05 01:08:39.331,0.86131,0.86146
2013.03.05 01:08:39.993,0.86128,0.86147
2013.03.05 01:08:40.532,0.86127,0.86144
2013.03.05 01:08:43.422,0.86127,0.86144
2013.03.05 01:08:45.562,0.86127,0.86144
2013.03.05 01:08:45.804,0.86127,0.86145
2013.03.05 01:08:46.603,0.86128,0.86145
2013.03.05 01:08:46.866,0.86127,0.86144
2013.03.05 01:08:51.931,0.86127,0.86144
2013.03.05 01:08:52.113,0.86128,0.86145
2013.03.05 01:08:52.294,0.86132,0.86148
2013.03.05 01:08:53.207,0.86132,0.86148
2013.03.05 01:08:59.662,0.86132,0.86151
2013.03.05 01:09:01.575,0.86132,0.86151
2013.03.05 01:09:01.703,0.86132,0.86151
2013.03.05 01:09:02.156,0.86133,0.86151
2013.03.05 01:09:02.764,0.86136,0.86151
2013.03.05 01:09:04.452,0.86137,0.86152
2013.03.05 01:09:04.873,0.86135,0.86152
2013.03.05 01:09:04.945,0.86134,0.86151
2013.03.05 01:09:05.492,0.86132,0.8615
2013.03.05 01:09:08.402,0.86134,0.8615
2013.03.05 01:09:08.524,0.86134,0.8615
2013.03.05 01:09:08.714,0.86134,0.86151
2013.03.05 01:09:08.782,0.86135,0.86152
2013.03.05 01:09:11.123,0.86135,0.86152
2013.03.05 01:09:11.254,0.86135,0.86152
2013.03.05 01:09:13.898,0.86135,0.86153
2013.03.05 01:09:16.460,0.86137,0.86155
2013.03.05 01:09:38.962,0.86137,0.86153
2013.03.05 01:09:39.083,0.86138,0.86155
2013.03.05 01:09:39.213,0.86138,0.86157
2013.03.05 01:09:44.615,0.86139,0.86157
2013.03.05 01:09:44.683,0.86138,0.86157
2013.03.05 01:09:45.232,0.86138,0.86154
2013.03.05 01:09:51.383,0.86138,0.86156
2013.03.05 01:09:51.513,0.86139,0.86156
2013.03.05 01:09:51.822,0.86139,0.86156
2013.03.05 01:09:51.942,0.8614,0.86159
2013.03.05 01:09:52.062,0.8614,0.86159
2013.03.05 01:09:52.243,0.8614,0.86159
2013.03.05 01:09:52.435,0.86138,0.86155
2013.03.05 01:09:56.918,0.86139,0.86156
2013.03.05 01:09:57.223,0.86141,0.86159
2013.03.05 01:09:57.732,0.86141,0.8616
2013.03.05 01:09:57.913,0.86142,0.8616
2013.03.05 01:09:58.893,0.86142,0.8616
2013.03.05 01:10:00.212,0.86142,0.8616
2013.03.05 01:10:02.893,0.86144,0.86161
2013.03.05 01:10:02.953,0.86144,0.86162
2013.03.05 01:10:03.073,0.86144,0.86162
2013.03.05 01:10:05.083,0.86144,0.8616
2013.03.05 01:10:05.823,0.86143,0.86159
2013.03.05 01:10:06.243,0.8614,0.86158
2013.03.05 01:10:07.719,0.86139,0.86158
2013.03.05 01:10:09.638,0.8614,0.86157
2013.03.05 01:10:09.943,0.86143,0.86159
2013.03.05 01:10:10.452,0.86142,0.86159
2013.03.05 01:10:12.394,0.86144,0.8616
2013.03.05 01:10:15.853,0.86144,0.8616
2013.03.05 01:10:16.394,0.86143,0.86159
2013.03.05 01:10:16.772,0.86142,0.8616
2013.03.05 01:10:17.812,0.86142,0.8616
2013.03.05 01:10:18.822,0.86142,0.8616
2013.03.05 01:10:24.382,0.86142,0.86159
2013.03.05 01:10:24.632,0.86141,0.86158
2013.03.05 01:10:25.522,0.86139,0.86157
2013.03.05 01:10:27.133,0.86139,0.86157
2013.03.05 01:10:32.122,0.86139,0.86156
2013.03.05 01:10:32.722,0.86137,0.86156
2013.03.05 01:10:36.042,0.86136,0.86156
2013.03.05 01:10:36.102,0.86136,0.86155
2013.03.05 01:10:36.483,0.86135,0.86152
2013.03.05 01:10:37.293,0.86135,0.86152
2013.03.05 01:10:37.908,0.86138,0.86154
2013.03.05 01:10:37.983,0.86138,0.86156
2013.03.05 01:10:38.544,0.8614,0.86156
2013.03.05 01:10:41.435,0.86139,0.86152
2013.03.05 01:10:41.504,0.86135,0.86152
2013.03.05 01:10:41.573,0.86135,0.86151
2013.03.05 01:10:42.112,0.86133,0.86151
2013.03.05 01:10:42.651,0.86134,0.86152
2013.03.05 01:10:45.482,0.86134,0.86152
2013.03.05 01:10:46.042,0.86134,0.86152
2013.03.05 01:10:46.102,0.86133,0.86151
2013.03.05 01:10:46.341,0.86133,0.86151
2013.03.05 01:10:46.462,0.86133,0.8615
2013.03.05 01:10:46.974,0.86132,0.86147
2013.03.05 01:10:47.162,0.86132,0.8615
2013.03.05 01:10:47.882,0.86133,0.8615
2013.03.05 01:10:48.412,0.86133,0.86151
2013.03.05 01:10:48.905,0.86133,0.86148
2013.03.05 01:10:48.974,0.86132,0.86146
2013.03.05 01:10:49.404,0.86128,0.86144
2013.03.05 01:10:49.953,0.86128,0.86145
2013.03.05 01:10:50.204,0.86129,0.86145
2013.03.05 01:10:50.335,0.86131,0.86147
2013.03.05 01:10:51.073,0.86131,0.86147
2013.03.05 01:10:51.213,0.86127,0.86144
2013.03.05 01:10:51.462,0.86126,0.86143
2013.03.05 01:10:51.582,0.86126,0.86143
2013.03.05 01:10:51.955,0.86126,0.86143
2013.03.05 01:10:52.703,0.86127,0.86144
2013.03.05 01:10:53.224,0.86127,0.86146
2013.03.05 01:10:53.352,0.86128,0.86146
2013.03.05 01:10:53.973,0.86129,0.86146
2013.03.05 01:10:57.364,0.86129,0.86147
2013.03.05 01:10:57.505,0.86126,0.86143
2013.03.05 01:10:58.276,0.86128,0.86143
2013.03.05 01:10:58.584,0.8613,0.86147
2013.03.05 01:10:59.135,0.86131,0.86147
2013.03.05 01:11:01.124,0.86129,0.86147
2013.03.05 01:11:01.433,0.86128,0.86142
2013.03.05 01:11:01.495,0.86128,0.86142
2013.03.05 01:11:01.994,0.86126,0.86141
2013.03.05 01:11:02.553,0.86126,0.86141
2013.03.05 01:11:02.684,0.86126,0.86141
2013.03.05 01:11:02.935,0.86126,0.86143
2013.03.05 01:11:03.122,0.86126,0.86143
2013.03.05 01:11:03.183,0.86126,0.86143
2013.03.05 01:11:03.693,0.86127,0.86143
2013.03.05 01:11:04.222,0.86127,0.86143
2013.03.05 01:11:05.314,0.86127,0.86144
2013.03.05 01:11:07.254,0.86129,0.86145
2013.03.05 01:11:07.976,0.86129,0.86144
2013.03.05 01:11:11.754,0.86129,0.86145
2013.03.05 01:11:12.662,0.86127,0.86144
2013.03.05 01:11:12.842,0.86129,0.86144
2013.03.05 01:11:12.964,0.86129,0.86144
2013.03.05 01:11:13.037,0.8613,0.86145
2013.03.05 01:11:13.892,0.86129,0.86145
2013.03.05 01:11:14.343,0.86129,0.86147
2013.03.05 01:11:14.904,0.8613,0.86147
2013.03.05 01:11:21.904,0.8613,0.86147
2013.03.05 01:11:21.974,0.86131,0.86147
2013.03.05 01:11:22.517,0.86131,0.86149
2013.03.05 01:11:23.493,0.86132,0.8615
2013.03.05 01:11:23.557,0.86132,0.86151
2013.03.05 01:11:24.221,0.86132,0.86151
2013.03.05 01:11:25.804,0.86132,0.86151
2013.03.05 01:11:26.192,0.86131,0.86151
2013.03.05 01:11:28.183,0.86131,0.86149
2013.03.05 01:11:30.123,0.8613,0.86147
2013.03.05 01:11:31.173,0.86131,0.86149
2013.03.05 01:11:33.573,0.8613,0.86148
2013.03.05 01:11:33.874,0.8613,0.86146
2013.03.05 01:11:37.605,0.8613,0.86144
2013.03.05 01:11:37.673,0.86128,0.86144
2013.03.05 01:11:41.514,0.86128,0.86144
2013.03.05 01:11:43.033,0.86128,0.86144
2013.03.05 01:11:47.162,0.86128,0.86143
2013.03.05 01:11:47.474,0.86125,0.86141
2013.03.05 01:11:48.165,0.86125,0.86141
2013.03.05 01:11:48.475,0.86126,0.86142
2013.03.05 01:11:49.433,0.86126,0.86142
2013.03.05 01:11:50.402,0.86125,0.86142
2013.03.05 01:11:50.523,0.86125,0.86141
2013.03.05 01:11:51.084,0.86124,0.86139
2013.03.05 01:11:51.213,0.86122,0.86139
2013.03.05 01:11:51.395,0.86121,0.86139
2013.03.05 01:11:56.693,0.86122,0.86141
2013.03.05 01:11:57.062,0.86122,0.86141
2013.03.05 01:11:58.744,0.86123,0.86141
2013.03.05 01:11:58.874,0.86123,0.86142
2013.03.05 01:11:58.942,0.86123,0.86142
2013.03.05 01:12:00.582,0.86124,0.86142
2013.03.05 01:12:00.943,0.86126,0.86144
2013.03.05 01:12:05.904,0.86126,0.86141
2013.03.05 01:12:07.747,0.86124,0.8614
2013.03.05 01:12:08.403,0.86124,0.86141
2013.03.05 01:12:08.932,0.86125,0.86141
2013.03.05 01:12:09.233,0.86128,0.86146
2013.03.05 01:12:09.412,0.86128,0.86146
2013.03.05 01:12:10.652,0.86128,0.86146
2013.03.05 01:12:10.712,0.86128,0.86146
2013.03.05 01:12:17.644,0.86128,0.86147
2013.03.05 01:12:19.374,0.86128,0.86146
2013.03.05 01:12:27.403,0.86128,0.86145
2013.03.05 01:12:27.763,0.86132,0.86146
2013.03.05 01:12:29.263,0.86132,0.86147
2013.03.05 01:12:40.114,0.86131,0.86149
2013.03.05 01:12:40.244,0.86132,0.86149
2013.03.05 01:12:40.573,0.86135,0.8615
2013.03.05 01:12:41.074,0.86135,0.86152
2013.03.05 01:12:41.434,0.86138,0.86153
2013.03.05 01:12:41.756,0.86136,0.86152
2013.03.05 01:12:44.044,0.86136,0.86152
