Time,Bid,Ask
2013.03.25 00:00:00.006,0.85411,0.85426
2013.03.25 00:00:00.529,0.8541,0.85426
2013.03.25 00:00:01.086,0.8541,0.85423
2013.03.25 00:00:01.646,0.8541,0.85424
2013.03.25 00:00:02.485,0.85408,0.85422
2013.03.25 00:00:02.845,0.85405,0.85418
2013.03.25 00:00:06.066,0.85405,0.85419
2013.03.25 00:00:06.136,0.85405,0.85419
2013.03.25 00:00:06.675,0.85406,0.8542
2013.03.25 00:00:06.976,0.85405,0.85419
2013.03.25 00:00:07.287,0.85406,0.85421
2013.03.25 00:00:07.715,0.85406,0.85418
2013.03.25 00:00:08.375,0.85407,0.85421
2013.03.25 00:00:09.345,0.85407,0.85421
2013.03.25 00:00:09.464,0.85407,0.85421
2013.03.25 00:00:10.066,0.85407,0.85423
2013.03.25 00:00:10.427,0.85405,0.85421
2013.03.25 00:00:10.615,0.85405,0.85418
2013.03.25 00:00:11.167,0.85401,0.85415
2013.03.25 00:00:11.678,0.854,0.85415
2013.03.25 00:00:11.807,0.854,0.85415
2013.03.25 00:00:11.936,0.854,0.85413
2013.03.25 00:00:12.250,0.854,0.85414
2013.03.25 00:00:12.794,0.85401,0.85415
2013.03.25 00:00:13.334,0.85401,0.85416
2013.03.25 00:00:14.005,0.85402,0.85418
2013.03.25 00:00:14.664,0.85402,0.85418
2013.03.25 00:00:15.205,0.85406,0.85421
2013.03.25 00:00:16.294,0.85406,0.85421
2013.03.25 00:00:16.625,0.85409,0.85423
2013.03.25 00:00:16.745,0.85409,0.85423
2013.03.25 00:00:17.285,0.85409,0.85426
2013.03.25 00:00:18.914,0.85409,0.85426
2013.03.25 00:00:19.465,0.8541,0.85426
2013.03.25 00:00:20.445,0.8541,0.85427
2013.03.25 00:00:21.444,0.8541,0.85427
2013.03.25 00:00:21.625,0.85409,0.85424
2013.03.25 00:00:21.804,0.85406,0.85424
2013.03.25 00:00:21.926,0.85406,0.85422
2013.03.25 00:00:22.235,0.85406,0.8542
2013.03.25 00:00:23.492,0.85407,0.8542
2013.03.25 00:00:23.676,0.85407,0.85421
2013.03.25 00:00:25.315,0.85407,0.85421
2013.03.25 00:00:25.855,0.85406,0.85421
2013.03.25 00:00:26.215,0.85407,0.85423
2013.03.25 00:00:26.635,0.85407,0.85423
2013.03.25 00:00:29.156,0.85411,0.85425
2013.03.25 00:00:33.475,0.85411,0.85426
2013.03.25 00:00:34.194,0.85411,0.85427
2013.03.25 00:00:34.755,0.85411,0.85427
2013.03.25 00:00:35.736,0.85411,0.85427
2013.03.25 00:00:36.246,0.85411,0.85426
2013.03.25 00:00:36.567,0.85411,0.85426
2013.03.25 00:00:37.217,0.85411,0.85426
2013.03.25 00:00:37.926,0.85413,0.85428
2013.03.25 00:00:38.259,0.85415,0.85431
2013.03.25 00:00:38.815,0.85416,0.85431
2013.03.25 00:00:39.728,0.85418,0.85433
2013.03.25 00:00:40.398,0.8542,0.85433
2013.03.25 00:00:40.596,0.85419,0.85435
2013.03.25 00:00:41.145,0.8542,0.85433
2013.03.25 00:00:41.387,0.85421,0.85436
2013.03.25 00:00:41.936,0.85421,0.85438
2013.03.25 00:00:43.631,0.85421,0.85439
2013.03.25 00:00:45.446,0.85421,0.85437
2013.03.25 00:00:50.046,0.85421,0.85437
2013.03.25 00:00:50.668,0.85421,0.85437
2013.03.25 00:00:51.946,0.8542,0.85435
2013.03.25 00:00:52.549,0.85417,0.85431
2013.03.25 00:00:52.617,0.85416,0.85431
2013.03.25 00:00:54.368,0.85414,0.85431
2013.03.25 00:00:54.827,0.85416,0.85432
2013.03.25 00:00:55.381,0.85416,0.85433
2013.03.25 00:00:56.199,0.85416,0.85434
2013.03.25 00:00:57.358,0.8542,0.85434
2013.03.25 00:00:57.489,0.85421,0.85436
2013.03.25 00:01:02.250,0.85422,0.85438
2013.03.25 00:01:02.797,0.85425,0.85438
2013.03.25 00:01:07.737,0.85422,0.85438
2013.03.25 00:01:07.878,0.85421,0.85435
2013.03.25 00:01:08.196,0.85416,0.85429
2013.03.25 00:01:08.267,0.85414,0.85429
2013.03.25 00:01:08.338,0.85414,0.8543
2013.03.25 00:01:08.409,0.85414,0.8543
2013.03.25 00:01:08.718,0.85415,0.8543
2013.03.25 00:01:08.849,0.85416,0.8543
2013.03.25 00:01:09.697,0.8542,0.85433
2013.03.25 00:01:09.837,0.8542,0.85434
2013.03.25 00:01:11.859,0.8542,0.85434
2013.03.25 00:01:12.361,0.8542,0.85435
2013.03.25 00:01:12.916,0.85423,0.85435
2013.03.25 00:01:13.701,0.85421,0.85435
2013.03.25 00:01:14.938,0.85421,0.85435
2013.03.25 00:01:15.006,0.85421,0.85435
2013.03.25 00:01:15.077,0.85419,0.85435
2013.03.25 00:01:16.807,0.85416,0.85432
2013.03.25 00:01:16.877,0.85417,0.85432
2013.03.25 00:01:17.127,0.85415,0.85431
2013.03.25 00:01:17.448,0.85416,0.85433
2013.03.25 00:01:20.606,0.85417,0.85433
2013.03.25 00:01:20.678,0.85417,0.85433
2013.03.25 00:01:21.007,0.85418,0.85432
2013.03.25 00:01:23.977,0.85417,0.85434
2013.03.25 00:01:24.525,0.85418,0.85435
2013.03.25 00:01:25.085,0.85418,0.85435
2013.03.25 00:01:25.656,0.85418,0.85434
2013.03.25 00:01:27.896,0.85417,0.85433
2013.03.25 00:01:28.493,0.85416,0.85433
2013.03.25 00:01:28.867,0.85416,0.85433
2013.03.25 00:01:29.856,0.85417,0.85433
2013.03.25 00:01:30.483,0.85417,0.85433
2013.03.25 00:01:30.833,0.85426,0.85444
2013.03.25 00:01:30.897,0.85426,0.85444
2013.03.25 00:01:30.970,0.85426,0.85444
2013.03.25 00:01:31.638,0.85429,0.85444
2013.03.25 00:01:32.148,0.85429,0.85445
2013.03.25 00:01:32.217,0.85429,0.85445
2013.03.25 00:01:32.936,0.85429,0.85445
2013.03.25 00:01:37.147,0.85431,0.85446
2013.03.25 00:01:37.695,0.85432,0.85449
2013.03.25 00:01:40.687,0.85432,0.85447
2013.03.25 00:01:46.269,0.85432,0.85445
2013.03.25 00:01:46.825,0.8543,0.85445
2013.03.25 00:01:47.006,0.85431,0.85445
2013.03.25 00:01:48.086,0.8543,0.85445
2013.03.25 00:01:49.258,0.8543,0.85445
2013.03.25 00:01:49.617,0.8543,0.85445
2013.03.25 00:01:50.167,0.8543,0.85445
2013.03.25 00:01:52.190,0.85429,0.85443
2013.03.25 00:01:52.257,0.85429,0.85443
2013.03.25 00:01:57.878,0.85429,0.85444
2013.03.25 00:01:57.967,0.85427,0.85443
2013.03.25 00:01:58.516,0.85427,0.85442
2013.03.25 00:02:00.351,0.85425,0.85439
2013.03.25 00:02:00.716,0.85422,0.85436
2013.03.25 00:02:00.918,0.85422,0.85436
2013.03.25 00:02:01.477,0.85421,0.85436
2013.03.25 00:02:01.609,0.8542,0.85434
2013.03.25 00:02:01.926,0.85419,0.8543
2013.03.25 00:02:03.007,0.85417,0.8543
2013.03.25 00:02:03.446,0.85417,0.85429
2013.03.25 00:02:03.978,0.85417,0.85426
2013.03.25 00:02:04.166,0.85417,0.85426
2013.03.25 00:02:04.487,0.85413,0.85425
2013.03.25 00:02:05.508,0.85413,0.85429
2013.03.25 00:02:05.579,0.85417,0.8543
2013.03.25 00:02:06.690,0.85414,0.85428
2013.03.25 00:02:07.147,0.85413,0.85424
2013.03.25 00:02:07.696,0.85413,0.85425
2013.03.25 00:02:08.245,0.85413,0.85425
2013.03.25 00:02:08.367,0.85413,0.85426
2013.03.25 00:02:08.498,0.85413,0.85428
2013.03.25 00:02:08.567,0.85414,0.85428
2013.03.25 00:02:08.818,0.85414,0.85429
2013.03.25 00:02:09.368,0.85416,0.8543
2013.03.25 00:02:10.035,0.85418,0.8543
2013.03.25 00:02:10.220,0.85418,0.85433
2013.03.25 00:02:10.347,0.85418,0.85432
2013.03.25 00:02:10.478,0.85418,0.85432
2013.03.25 00:02:10.727,0.85418,0.85432
2013.03.25 00:02:10.931,0.85418,0.85431
2013.03.25 00:02:14.598,0.85418,0.85429
2013.03.25 00:02:14.671,0.85415,0.85428
2013.03.25 00:02:14.926,0.85413,0.85426
2013.03.25 00:02:15.056,0.85412,0.85424
2013.03.25 00:02:15.426,0.85412,0.85424
2013.03.25 00:02:15.858,0.85408,0.8542
2013.03.25 00:02:16.417,0.85408,0.8542
2013.03.25 00:02:16.967,0.85408,0.8542
2013.03.25 00:02:17.476,0.85408,0.85419
2013.03.25 00:02:18.286,0.85408,0.8542
2013.03.25 00:02:18.917,0.85407,0.8542
2013.03.25 00:02:19.177,0.85408,0.85422
2013.03.25 00:02:19.931,0.85408,0.85422
2013.03.25 00:02:20.487,0.85412,0.85424
2013.03.25 00:02:21.826,0.85412,0.85422
2013.03.25 00:02:22.492,0.85412,0.85422
2013.03.25 00:02:22.628,0.85412,0.85422
2013.03.25 00:02:22.773,0.8541,0.85422
2013.03.25 00:02:23.317,0.8541,0.85422
2013.03.25 00:02:23.578,0.8541,0.85421
2013.03.25 00:02:24.126,0.8541,0.85421
2013.03.25 00:02:24.666,0.85408,0.85419
2013.03.25 00:02:25.458,0.85408,0.85419
2013.03.25 00:02:25.961,0.85405,0.85419
2013.03.25 00:02:26.207,0.85406,0.85423
2013.03.25 00:02:26.458,0.85411,0.85426
2013.03.25 00:02:26.529,0.85414,0.85426
2013.03.25 00:02:26.657,0.85414,0.85426
2013.03.25 00:02:26.849,0.85415,0.85428
2013.03.25 00:02:27.376,0.85414,0.85429
2013.03.25 00:02:27.617,0.85417,0.85429
2013.03.25 00:02:28.168,0.85417,0.8543
2013.03.25 00:02:28.898,0.85417,0.85431
2013.03.25 00:02:29.207,0.85417,0.85429
2013.03.25 00:02:30.617,0.85417,0.8543
2013.03.25 00:02:30.687,0.85419,0.8543
2013.03.25 00:02:31.797,0.85419,0.8543
2013.03.25 00:02:32.489,0.85419,0.85433
2013.03.25 00:02:33.045,0.85419,0.85431
2013.03.25 00:02:33.806,0.85419,0.85434
2013.03.25 00:02:33.866,0.85419,0.85434
2013.03.25 00:02:34.406,0.85419,0.85432
2013.03.25 00:02:34.998,0.85416,0.85431
2013.03.25 00:02:35.069,0.85416,0.85429
2013.03.25 00:02:35.197,0.85416,0.85427
2013.03.25 00:02:35.398,0.85416,0.85427
2013.03.25 00:02:35.751,0.85411,0.85423
2013.03.25 00:02:36.296,0.85411,0.85422
2013.03.25 00:02:38.265,0.85412,0.85421
2013.03.25 00:02:38.936,0.8541,0.85422
2013.03.25 00:02:39.654,0.85409,0.85421
2013.03.25 00:02:40.196,0.85408,0.85421
2013.03.25 00:02:41.273,0.85408,0.85422
2013.03.25 00:02:41.786,0.85411,0.85424
2013.03.25 00:02:41.917,0.85411,0.85424
2013.03.25 00:02:42.228,0.85414,0.85428
2013.03.25 00:02:42.907,0.85415,0.85429
2013.03.25 00:02:43.236,0.8542,0.85429
2013.03.25 00:02:44.048,0.85418,0.85429
2013.03.25 00:02:44.246,0.85416,0.85429
2013.03.25 00:02:45.048,0.85417,0.85433
2013.03.25 00:02:45.239,0.85418,0.85432
2013.03.25 00:02:46.207,0.85418,0.85432
2013.03.25 00:02:46.336,0.85418,0.85432
2013.03.25 00:02:49.767,0.85419,0.85431
2013.03.25 00:02:50.326,0.85418,0.85432
2013.03.25 00:02:51.484,0.85418,0.85431
2013.03.25 00:02:51.986,0.85419,0.85434
2013.03.25 00:02:54.158,0.85421,0.85435
2013.03.25 00:02:54.227,0.85424,0.85436
2013.03.25 00:02:54.431,0.85424,0.85439
2013.03.25 00:02:54.499,0.85428,0.85441
2013.03.25 00:02:54.828,0.8543,0.85443
2013.03.25 00:02:55.378,0.8543,0.85442
2013.03.25 00:02:58.276,0.8543,0.85443
2013.03.25 00:02:58.588,0.8543,0.85443
2013.03.25 00:02:58.781,0.85429,0.85442
2013.03.25 00:02:58.968,0.85429,0.85442
2013.03.25 00:02:59.468,0.85429,0.85442
2013.03.25 00:02:59.538,0.85428,0.8544
2013.03.25 00:03:00.047,0.85429,0.8544
2013.03.25 00:03:00.558,0.85429,0.85441
2013.03.25 00:03:00.878,0.85428,0.85443
2013.03.25 00:03:00.948,0.85428,0.85443
2013.03.25 00:03:01.437,0.85427,0.8544
2013.03.25 00:03:02.440,0.85425,0.8544
2013.03.25 00:03:03.265,0.85425,0.8544
2013.03.25 00:03:03.648,0.85425,0.8544
2013.03.25 00:03:04.138,0.85424,0.8544
2013.03.25 00:03:04.207,0.85423,0.85438
2013.03.25 00:03:04.755,0.85423,0.85437
2013.03.25 00:03:05.302,0.85423,0.85437
2013.03.25 00:03:05.610,0.85428,0.85441
2013.03.25 00:03:06.107,0.85428,0.85442
2013.03.25 00:03:06.247,0.85431,0.85444
2013.03.25 00:03:06.437,0.85432,0.85446
2013.03.25 00:03:06.996,0.85433,0.85448
2013.03.25 00:03:07.567,0.85433,0.85449
2013.03.25 00:03:08.117,0.85434,0.85449
2013.03.25 00:03:10.898,0.85435,0.85449
2013.03.25 00:03:11.407,0.85432,0.85447
2013.03.25 00:03:11.895,0.85431,0.85446
2013.03.25 00:03:12.469,0.85431,0.85446
2013.03.25 00:03:13.076,0.85431,0.85446
2013.03.25 00:03:13.378,0.85431,0.85445
2013.03.25 00:03:14.635,0.85431,0.85444
2013.03.25 00:03:14.908,0.85431,0.85445
2013.03.25 00:03:15.097,0.85431,0.85445
2013.03.25 00:03:16.063,0.85431,0.85446
2013.03.25 00:03:16.636,0.85433,0.85448
2013.03.25 00:03:16.999,0.85435,0.85448
2013.03.25 00:03:19.527,0.85436,0.85449
2013.03.25 00:03:19.958,0.85437,0.85452
2013.03.25 00:03:28.407,0.85437,0.85452
2013.03.25 00:03:28.488,0.85437,0.85452
2013.03.25 00:03:29.029,0.85438,0.85453
2013.03.25 00:03:29.417,0.85438,0.85453
2013.03.25 00:03:30.296,0.85438,0.85453
2013.03.25 00:03:30.616,0.85438,0.85453
2013.03.25 00:03:31.146,0.85441,0.85453
2013.03.25 00:03:33.706,0.85439,0.85453
2013.03.25 00:03:34.387,0.85439,0.85452
2013.03.25 00:03:34.518,0.85439,0.85452
2013.03.25 00:03:35.026,0.85439,0.85453
2013.03.25 00:03:35.269,0.85438,0.85449
2013.03.25 00:03:35.647,0.85434,0.85448
2013.03.25 00:03:36.157,0.85435,0.85447
2013.03.25 00:03:38.556,0.85435,0.85448
2013.03.25 00:03:38.618,0.85435,0.85449
2013.03.25 00:03:39.157,0.85434,0.85449
2013.03.25 00:03:39.299,0.85432,0.85446
2013.03.25 00:03:41.606,0.85432,0.85446
2013.03.25 00:03:43.268,0.85432,0.85445
2013.03.25 00:03:43.817,0.8543,0.85445
2013.03.25 00:03:44.608,0.8543,0.85444
2013.03.25 00:03:44.919,0.85428,0.85441
2013.03.25 00:03:46.298,0.85426,0.8544
2013.03.25 00:03:46.367,0.85424,0.85437
2013.03.25 00:03:47.137,0.85424,0.85436
2013.03.25 00:03:50.127,0.85423,0.85436
2013.03.25 00:03:50.437,0.85422,0.85436
2013.03.25 00:03:50.689,0.85421,0.85435
2013.03.25 00:03:50.876,0.85419,0.85435
2013.03.25 00:03:51.236,0.85421,0.85436
2013.03.25 00:03:51.786,0.8542,0.85436
2013.03.25 00:03:52.325,0.85421,0.85436
2013.03.25 00:03:53.127,0.8542,0.85435
2013.03.25 00:03:54.226,0.85419,0.85435
2013.03.25 00:03:54.956,0.85419,0.85435
2013.03.25 00:03:55.196,0.85419,0.85435
2013.03.25 00:03:55.498,0.85419,0.85433
2013.03.25 00:03:57.737,0.8542,0.85433
2013.03.25 00:03:58.286,0.8542,0.85434
2013.03.25 00:03:59.347,0.8542,0.85435
2013.03.25 00:03:59.480,0.85421,0.85437
2013.03.25 00:03:59.610,0.85424,0.85437
2013.03.25 00:04:00.156,0.85425,0.85439
2013.03.25 00:04:00.717,0.85425,0.85439
2013.03.25 00:04:05.597,0.85425,0.85439
2013.03.25 00:04:07.737,0.85424,0.85439
2013.03.25 00:04:08.596,0.85426,0.85439
2013.03.25 00:04:09.179,0.85427,0.85439
2013.03.25 00:04:09.718,0.85427,0.8544
2013.03.25 00:04:10.281,0.85428,0.8544
2013.03.25 00:04:10.419,0.85432,0.85444
2013.03.25 00:04:10.546,0.85433,0.85446
2013.03.25 00:04:11.222,0.85434,0.85448
2013.03.25 00:04:11.686,0.85434,0.85448
2013.03.25 00:04:12.926,0.85434,0.85449
2013.03.25 00:04:15.977,0.85435,0.85449
2013.03.25 00:04:18.032,0.85437,0.8545
2013.03.25 00:04:21.406,0.85437,0.8545
2013.03.25 00:04:21.837,0.85439,0.85452
2013.03.25 00:04:21.906,0.85439,0.85452
2013.03.25 00:04:22.278,0.85439,0.85454
2013.03.25 00:04:22.887,0.8544,0.85456
2013.03.25 00:04:24.686,0.8544,0.85456
2013.03.25 00:04:25.486,0.8544,0.85456
2013.03.25 00:04:26.858,0.85442,0.85455
2013.03.25 00:04:27.247,0.8544,0.85455
2013.03.25 00:04:27.558,0.85444,0.85457
2013.03.25 00:04:27.626,0.85444,0.85457
2013.03.25 00:04:27.900,0.85444,0.85457
2013.03.25 00:04:27.967,0.85445,0.85459
2013.03.25 00:04:28.406,0.85447,0.85461
2013.03.25 00:04:35.546,0.85448,0.85461
2013.03.25 00:04:35.676,0.85447,0.85461
2013.03.25 00:04:35.915,0.85447,0.85461
2013.03.25 00:04:36.455,0.85445,0.85461
2013.03.25 00:04:37.095,0.85445,0.85461
2013.03.25 00:04:37.217,0.85445,0.85459
2013.03.25 00:04:41.056,0.85445,0.8546
2013.03.25 00:04:41.296,0.85445,0.8546
2013.03.25 00:04:46.468,0.85445,0.8546
2013.03.25 00:04:47.038,0.85448,0.85459
2013.03.25 00:04:47.586,0.85445,0.8546
2013.03.25 00:04:48.266,0.85445,0.85459
2013.03.25 00:04:49.346,0.85443,0.85459
2013.03.25 00:04:50.208,0.85444,0.85459
2013.03.25 00:04:50.478,0.85442,0.85457
2013.03.25 00:04:50.669,0.85441,0.85454
2013.03.25 00:04:51.221,0.8544,0.85453
2013.03.25 00:04:51.491,0.85438,0.85453
2013.03.25 00:04:51.797,0.85437,0.85448
2013.03.25 00:04:51.868,0.85435,0.85448
2013.03.25 00:04:52.117,0.85437,0.85451
2013.03.25 00:04:52.248,0.85437,0.85451
2013.03.25 00:04:52.641,0.8544,0.85454
2013.03.25 00:04:53.209,0.8544,0.85455
2013.03.25 00:04:53.518,0.85439,0.85454
2013.03.25 00:04:54.066,0.85438,0.85454
2013.03.25 00:04:55.680,0.85439,0.85454
2013.03.25 00:04:57.676,0.85438,0.85454
2013.03.25 00:04:57.997,0.85436,0.85447
2013.03.25 00:04:58.540,0.85434,0.85446
2013.03.25 00:04:59.786,0.85434,0.85446
2013.03.25 00:05:01.998,0.85433,0.85446
2013.03.25 00:05:02.200,0.85436,0.85451
2013.03.25 00:05:03.057,0.85437,0.85452
2013.03.25 00:05:03.617,0.85437,0.85452
2013.03.25 00:05:04.177,0.85437,0.85451
2013.03.25 00:05:04.766,0.85437,0.85451
2013.03.25 00:05:04.827,0.85437,0.85453
2013.03.25 00:05:04.958,0.85441,0.85453
2013.03.25 00:05:05.327,0.85439,0.85454
2013.03.25 00:05:05.878,0.85441,0.85453
2013.03.25 00:05:06.006,0.85441,0.85454
2013.03.25 00:05:06.188,0.8544,0.85454
2013.03.25 00:05:07.107,0.8544,0.85452
2013.03.25 00:05:07.417,0.85442,0.85454
2013.03.25 00:05:07.738,0.85445,0.85456
2013.03.25 00:05:08.009,0.85446,0.85459
2013.03.25 00:05:08.138,0.85447,0.85459
2013.03.25 00:05:08.686,0.85446,0.85457
2013.03.25 00:05:09.598,0.85447,0.85457
2013.03.25 00:05:10.157,0.85446,0.85457
2013.03.25 00:05:12.217,0.85446,0.85461
2013.03.25 00:05:12.600,0.85446,0.85461
2013.03.25 00:05:13.949,0.85446,0.85461
2013.03.25 00:05:14.153,0.85445,0.85462
2013.03.25 00:05:14.221,0.85445,0.85462
2013.03.25 00:05:14.348,0.85442,0.85457
2013.03.25 00:05:14.417,0.85442,0.85457
2013.03.25 00:05:14.488,0.85442,0.85457
2013.03.25 00:05:14.680,0.85442,0.85458
2013.03.25 00:05:15.227,0.85444,0.85458
2013.03.25 00:05:15.578,0.85444,0.85454
2013.03.25 00:05:16.006,0.85442,0.85454
2013.03.25 00:05:16.317,0.85442,0.85453
2013.03.25 00:05:23.706,0.8544,0.85455
2013.03.25 00:05:27.318,0.8544,0.85454
2013.03.25 00:05:27.578,0.85443,0.85459
2013.03.25 00:05:27.651,0.85443,0.85459
2013.03.25 00:05:27.861,0.85443,0.85459
2013.03.25 00:05:27.987,0.85444,0.85459
2013.03.25 00:05:28.755,0.85446,0.8546
2013.03.25 00:05:29.310,0.85447,0.85459
2013.03.25 00:05:29.866,0.85447,0.85459
2013.03.25 00:05:30.299,0.85446,0.85459
2013.03.25 00:05:30.429,0.85445,0.85459
2013.03.25 00:05:30.978,0.85442,0.85457
2013.03.25 00:05:31.494,0.85442,0.85457
2013.03.25 00:05:33.157,0.85443,0.85456
2013.03.25 00:05:33.288,0.85443,0.85457
2013.03.25 00:05:33.777,0.85446,0.85459
2013.03.25 00:05:33.848,0.85448,0.85462
2013.03.25 00:05:34.397,0.85448,0.85461
2013.03.25 00:05:34.587,0.85448,0.85462
2013.03.25 00:05:34.718,0.85448,0.85462
2013.03.25 00:05:34.787,0.85448,0.85462
2013.03.25 00:05:36.796,0.85447,0.8546
2013.03.25 00:05:36.987,0.85446,0.8546
2013.03.25 00:05:37.298,0.85446,0.8546
2013.03.25 00:05:39.154,0.85446,0.8546
2013.03.25 00:05:41.718,0.85448,0.85461
2013.03.25 00:05:42.737,0.85448,0.85461
2013.03.25 00:05:43.297,0.85451,0.85464
2013.03.25 00:05:43.488,0.85452,0.85466
2013.03.25 00:05:43.620,0.85454,0.85468
2013.03.25 00:05:43.816,0.85456,0.85473
2013.03.25 00:05:43.888,0.85456,0.85472
2013.03.25 00:05:44.198,0.85456,0.8547
2013.03.25 00:05:44.327,0.85456,0.8547
2013.03.25 00:05:44.646,0.85451,0.85464
2013.03.25 00:05:45.196,0.85449,0.85463
2013.03.25 00:05:45.747,0.85448,0.85462
2013.03.25 00:05:49.828,0.85449,0.85461
2013.03.25 00:05:50.776,0.85448,0.85461
2013.03.25 00:05:52.245,0.85444,0.85457
2013.03.25 00:05:52.609,0.85444,0.85456
2013.03.25 00:05:53.118,0.85444,0.85456
2013.03.25 00:05:53.438,0.85443,0.85458
2013.03.25 00:05:53.508,0.85443,0.85459
2013.03.25 00:05:53.699,0.8544,0.85458
2013.03.25 00:05:53.771,0.8544,0.85454
2013.03.25 00:05:54.088,0.85436,0.8545
2013.03.25 00:05:54.228,0.85436,0.85449
2013.03.25 00:05:54.538,0.8544,0.85452
2013.03.25 00:05:54.669,0.8544,0.85453
2013.03.25 00:05:54.977,0.85438,0.85453
2013.03.25 00:05:55.489,0.85438,0.85455
2013.03.25 00:05:55.558,0.85438,0.85455
2013.03.25 00:05:55.688,0.85436,0.8545
2013.03.25 00:05:56.000,0.85437,0.85449
2013.03.25 00:05:56.140,0.85434,0.85448
2013.03.25 00:05:56.280,0.85432,0.85448
2013.03.25 00:05:56.358,0.85432,0.85448
2013.03.25 00:05:56.899,0.85432,0.85445
2013.03.25 00:05:57.235,0.8543,0.85445
2013.03.25 00:05:57.510,0.8543,0.85443
2013.03.25 00:05:57.654,0.85435,0.8545
2013.03.25 00:05:57.800,0.85436,0.85454
2013.03.25 00:05:57.869,0.85436,0.85453
2013.03.25 00:05:58.198,0.85439,0.85455
2013.03.25 00:05:58.518,0.85438,0.85451
2013.03.25 00:05:59.068,0.85438,0.85451
2013.03.25 00:05:59.450,0.85439,0.85456
2013.03.25 00:06:00.102,0.85439,0.85456
2013.03.25 00:06:00.250,0.85442,0.85457
2013.03.25 00:06:00.380,0.85443,0.85458
2013.03.25 00:06:00.449,0.85444,0.85459
2013.03.25 00:06:00.842,0.85444,0.8546
2013.03.25 00:06:00.915,0.85445,0.85461
2013.03.25 00:06:01.038,0.85446,0.85461
2013.03.25 00:06:01.349,0.85447,0.85459
2013.03.25 00:06:01.556,0.85443,0.85459
2013.03.25 00:06:02.198,0.85443,0.85457
2013.03.25 00:06:03.857,0.85443,0.85457
2013.03.25 00:06:03.927,0.85442,0.85457
2013.03.25 00:06:04.357,0.85441,0.85456
2013.03.25 00:06:04.907,0.85442,0.85456
2013.03.25 00:06:05.408,0.85443,0.85458
2013.03.25 00:06:05.968,0.85443,0.85457
2013.03.25 00:06:10.379,0.85443,0.85459
2013.03.25 00:06:12.297,0.85443,0.85459
2013.03.25 00:06:12.850,0.85443,0.85459
2013.03.25 00:06:14.476,0.85444,0.85462
2013.03.25 00:06:15.466,0.85445,0.85462
2013.03.25 00:06:15.829,0.85446,0.85462
2013.03.25 00:06:16.018,0.85447,0.85465
2013.03.25 00:06:16.266,0.85449,0.85464
2013.03.25 00:06:16.807,0.85449,0.85464
2013.03.25 00:06:18.694,0.85448,0.85464
2013.03.25 00:06:18.905,0.85453,0.85467
2013.03.25 00:06:19.108,0.85456,0.85469
2013.03.25 00:06:19.178,0.85456,0.8547
2013.03.25 00:06:19.248,0.85456,0.85469
2013.03.25 00:06:19.377,0.85456,0.85472
2013.03.25 00:06:19.517,0.85455,0.85472
2013.03.25 00:06:19.847,0.85455,0.8547
2013.03.25 00:06:20.439,0.85452,0.85469
2013.03.25 00:06:20.507,0.85452,0.85469
2013.03.25 00:06:21.338,0.85452,0.85469
2013.03.25 00:06:21.481,0.85452,0.85467
2013.03.25 00:06:22.037,0.85448,0.85465
2013.03.25 00:06:22.353,0.85448,0.85465
2013.03.25 00:06:23.758,0.85448,0.85465
2013.03.25 00:06:23.886,0.85448,0.85465
2013.03.25 00:06:24.257,0.85446,0.85462
2013.03.25 00:06:24.448,0.85442,0.85459
2013.03.25 00:06:24.637,0.85442,0.85459
2013.03.25 00:06:24.952,0.85442,0.85459
2013.03.25 00:06:25.257,0.85443,0.85459
2013.03.25 00:06:25.985,0.85443,0.85459
2013.03.25 00:06:26.937,0.85443,0.85459
2013.03.25 00:06:27.372,0.8544,0.85456
2013.03.25 00:06:27.500,0.8544,0.85456
2013.03.25 00:06:27.644,0.8544,0.85455
2013.03.25 00:06:27.836,0.8544,0.85455
2013.03.25 00:06:28.098,0.85438,0.85455
2013.03.25 00:06:29.076,0.85438,0.85455
2013.03.25 00:06:29.378,0.8544,0.85455
2013.03.25 00:06:29.747,0.85441,0.85455
2013.03.25 00:06:30.177,0.85443,0.85458
2013.03.25 00:06:30.487,0.85444,0.85461
2013.03.25 00:06:30.979,0.85447,0.85461
2013.03.25 00:06:31.526,0.85446,0.85462
2013.03.25 00:06:31.836,0.85446,0.85462
2013.03.25 00:06:35.808,0.85448,0.85464
2013.03.25 00:06:37.167,0.85448,0.85464
2013.03.25 00:06:38.643,0.85448,0.85464
2013.03.25 00:06:40.958,0.85448,0.85462
2013.03.25 00:06:41.206,0.85451,0.85467
2013.03.25 00:06:41.453,0.85451,0.85468
2013.03.25 00:06:41.593,0.85451,0.85468
2013.03.25 00:06:41.658,0.85452,0.85468
2013.03.25 00:06:42.207,0.85453,0.85468
2013.03.25 00:06:42.699,0.85454,0.85468
2013.03.25 00:06:43.820,0.85454,0.85469
2013.03.25 00:06:43.889,0.85454,0.85469
2013.03.25 00:06:44.400,0.85453,0.85469
2013.03.25 00:06:44.926,0.85453,0.85469
2013.03.25 00:06:45.289,0.85451,0.85469
2013.03.25 00:06:45.480,0.85449,0.85464
2013.03.25 00:06:45.927,0.85452,0.85468
2013.03.25 00:06:47.776,0.85452,0.85468
2013.03.25 00:06:48.504,0.85452,0.85468
2013.03.25 00:06:48.589,0.85456,0.85471
2013.03.25 00:06:48.788,0.85456,0.85471
2013.03.25 00:06:49.038,0.85459,0.85474
2013.03.25 00:06:49.348,0.85459,0.85474
2013.03.25 00:06:50.078,0.85459,0.85472
2013.03.25 00:06:50.518,0.85455,0.8547
2013.03.25 00:06:51.006,0.85455,0.85469
2013.03.25 00:06:51.488,0.85451,0.85466
2013.03.25 00:06:51.979,0.85451,0.85466
2013.03.25 00:06:52.628,0.85452,0.85466
2013.03.25 00:06:53.398,0.85451,0.85467
2013.03.25 00:06:53.707,0.85451,0.85465
2013.03.25 00:06:54.827,0.85451,0.85465
2013.03.25 00:06:56.598,0.85451,0.85465
2013.03.25 00:06:56.848,0.85452,0.85467
2013.03.25 00:06:57.038,0.85455,0.85468
2013.03.25 00:06:58.172,0.85457,0.85472
2013.03.25 00:06:58.959,0.85457,0.85471
2013.03.25 00:06:59.348,0.85458,0.85473
2013.03.25 00:06:59.858,0.85458,0.85473
2013.03.25 00:07:00.167,0.85462,0.85477
2013.03.25 00:07:00.717,0.85463,0.85477
2013.03.25 00:07:01.037,0.85461,0.85475
2013.03.25 00:07:01.107,0.8546,0.85471
2013.03.25 00:07:01.617,0.85457,0.85471
2013.03.25 00:07:01.695,0.85457,0.85471
2013.03.25 00:07:02.197,0.85456,0.85471
2013.03.25 00:07:02.767,0.85457,0.85472
2013.03.25 00:07:03.306,0.85457,0.85472
2013.03.25 00:07:04.486,0.85459,0.85473
2013.03.25 00:07:05.095,0.85459,0.85473
2013.03.25 00:07:07.709,0.8546,0.85475
2013.03.25 00:07:07.778,0.85463,0.85478
2013.03.25 00:07:08.039,0.85462,0.85479
2013.03.25 00:07:09.131,0.85464,0.85479
2013.03.25 00:07:09.688,0.85464,0.85479
2013.03.25 00:07:09.997,0.85465,0.8548
2013.03.25 00:07:10.919,0.85467,0.8548
2013.03.25 00:07:10.993,0.85469,0.85484
2013.03.25 00:07:11.127,0.8547,0.85486
2013.03.25 00:07:11.268,0.85472,0.85489
2013.03.25 00:07:11.587,0.85472,0.85488
2013.03.25 00:07:12.017,0.8547,0.85486
2013.03.25 00:07:12.353,0.85464,0.8548
2013.03.25 00:07:12.420,0.85464,0.8548
2013.03.25 00:07:12.490,0.85463,0.8548
2013.03.25 00:07:12.796,0.85463,0.85477
2013.03.25 00:07:14.596,0.85462,0.85476
2013.03.25 00:07:15.118,0.85466,0.85477
2013.03.25 00:07:15.412,0.85469,0.85481
2013.03.25 00:07:15.554,0.8547,0.85483
2013.03.25 00:07:16.110,0.8547,0.85484
2013.03.25 00:07:16.670,0.8547,0.85483
2013.03.25 00:07:16.798,0.8547,0.85483
2013.03.25 00:07:17.228,0.8547,0.85484
2013.03.25 00:07:19.240,0.8547,0.85484
2013.03.25 00:07:19.787,0.8547,0.85485
2013.03.25 00:07:22.326,0.8547,0.85486
2013.03.25 00:07:22.396,0.8547,0.85486
2013.03.25 00:07:22.938,0.85471,0.85486
2013.03.25 00:07:23.519,0.85471,0.85484
2013.03.25 00:07:23.901,0.85468,0.85481
2013.03.25 00:07:24.310,0.85461,0.85475
2013.03.25 00:07:24.628,0.85459,0.85473
2013.03.25 00:07:24.997,0.85459,0.85473
2013.03.25 00:07:25.747,0.85457,0.85473
2013.03.25 00:07:25.878,0.85463,0.85478
2013.03.25 00:07:26.083,0.85465,0.8548
2013.03.25 00:07:26.347,0.85467,0.85481
2013.03.25 00:07:26.977,0.85468,0.85481
2013.03.25 00:07:27.527,0.85466,0.85479
2013.03.25 00:07:28.077,0.85466,0.8548
2013.03.25 00:07:30.738,0.85465,0.85479
2013.03.25 00:07:32.407,0.85465,0.85479
2013.03.25 00:07:32.956,0.85464,0.85479
2013.03.25 00:07:35.107,0.85467,0.85479
2013.03.25 00:07:35.650,0.85467,0.85479
2013.03.25 00:07:36.158,0.85467,0.8548
2013.03.25 00:07:36.947,0.85467,0.85478
2013.03.25 00:07:37.498,0.85469,0.8548
2013.03.25 00:07:38.009,0.85469,0.8548
2013.03.25 00:07:39.556,0.85469,0.8548
2013.03.25 00:07:40.127,0.85467,0.8548
2013.03.25 00:07:43.487,0.85467,0.85478
2013.03.25 00:07:44.050,0.85466,0.8548
2013.03.25 00:07:44.429,0.85466,0.8548
2013.03.25 00:07:44.937,0.85466,0.8548
2013.03.25 00:07:45.799,0.85467,0.85482
2013.03.25 00:07:45.871,0.8547,0.85484
2013.03.25 00:07:45.939,0.8547,0.85485
2013.03.25 00:07:46.067,0.85471,0.85487
2013.03.25 00:07:46.420,0.85474,0.85485
2013.03.25 00:07:46.558,0.85476,0.85489
2013.03.25 00:07:47.155,0.85476,0.85488
2013.03.25 00:07:47.908,0.85476,0.85487
2013.03.25 00:07:48.097,0.85476,0.85487
2013.03.25 00:07:48.420,0.85478,0.85492
2013.03.25 00:07:48.669,0.85478,0.85491
2013.03.25 00:07:48.799,0.85478,0.85491
2013.03.25 00:07:49.229,0.85478,0.85492
2013.03.25 00:07:49.478,0.85478,0.85492
2013.03.25 00:07:50.478,0.85479,0.85493
2013.03.25 00:07:51.029,0.8548,0.85494
2013.03.25 00:07:51.776,0.85477,0.85494
2013.03.25 00:07:51.897,0.85477,0.85494
2013.03.25 00:07:52.446,0.85479,0.85492
2013.03.25 00:07:55.007,0.8548,0.85492
2013.03.25 00:07:55.332,0.8548,0.85493
2013.03.25 00:07:55.471,0.8548,0.85495
2013.03.25 00:07:56.028,0.8548,0.85495
2013.03.25 00:07:56.286,0.8548,0.85494
2013.03.25 00:07:56.788,0.8548,0.85493
2013.03.25 00:07:57.170,0.8548,0.85493
2013.03.25 00:07:57.240,0.8548,0.85493
2013.03.25 00:07:57.312,0.85482,0.85493
2013.03.25 00:07:57.679,0.85482,0.85496
2013.03.25 00:07:58.185,0.85484,0.85496
2013.03.25 00:07:58.954,0.85483,0.85495
2013.03.25 00:08:00.181,0.85484,0.85494
2013.03.25 00:08:00.686,0.85482,0.85494
2013.03.25 00:08:00.987,0.85482,0.85494
2013.03.25 00:08:03.811,0.8548,0.85493
2013.03.25 00:08:06.378,0.8548,0.85494
2013.03.25 00:08:06.698,0.85478,0.85489
2013.03.25 00:08:07.187,0.85478,0.85489
2013.03.25 00:08:07.497,0.85477,0.8549
2013.03.25 00:08:08.507,0.85475,0.85489
2013.03.25 00:08:08.878,0.85475,0.8549
2013.03.25 00:08:08.949,0.85477,0.8549
2013.03.25 00:08:09.018,0.85478,0.85492
2013.03.25 00:08:09.088,0.85479,0.85492
2013.03.25 00:08:09.527,0.85482,0.85493
2013.03.25 00:08:10.067,0.85482,0.85493
2013.03.25 00:08:16.937,0.85483,0.85495
2013.03.25 00:08:17.138,0.85483,0.85496
2013.03.25 00:08:17.272,0.85491,0.85501
2013.03.25 00:08:17.413,0.85487,0.85498
2013.03.25 00:08:17.478,0.85491,0.855
2013.03.25 00:08:17.798,0.85488,0.85499
2013.03.25 00:08:18.058,0.85486,0.85499
2013.03.25 00:08:18.311,0.85486,0.85499
2013.03.25 00:08:18.591,0.85486,0.85499
2013.03.25 00:08:19.338,0.85486,0.85499
2013.03.25 00:08:19.647,0.85486,0.85499
2013.03.25 00:08:20.216,0.85486,0.85498
2013.03.25 00:08:21.246,0.85489,0.85498
2013.03.25 00:08:21.806,0.85489,0.85498
2013.03.25 00:08:22.069,0.85485,0.85499
2013.03.25 00:08:22.268,0.85484,0.85499
2013.03.25 00:08:22.938,0.85484,0.85499
2013.03.25 00:08:23.617,0.85484,0.85498
2013.03.25 00:08:23.688,0.85485,0.85498
2013.03.25 00:08:23.997,0.85483,0.85498
2013.03.25 00:08:24.068,0.85481,0.85495
2013.03.25 00:08:24.438,0.85481,0.85493
2013.03.25 00:08:25.776,0.85481,0.85493
2013.03.25 00:08:26.216,0.85481,0.85493
2013.03.25 00:08:27.468,0.85482,0.85494
2013.03.25 00:08:28.027,0.85481,0.85494
2013.03.25 00:08:29.989,0.85482,0.85495
2013.03.25 00:08:30.060,0.85482,0.855
2013.03.25 00:08:30.188,0.85484,0.85498
2013.03.25 00:08:31.593,0.85483,0.85495
2013.03.25 00:08:32.097,0.85484,0.85495
2013.03.25 00:08:32.442,0.85482,0.85493
2013.03.25 00:08:32.512,0.85482,0.85494
2013.03.25 00:08:33.062,0.85482,0.85493
2013.03.25 00:08:33.322,0.8548,0.85493
2013.03.25 00:08:33.629,0.8548,0.85493
2013.03.25 00:08:33.829,0.8548,0.85497
2013.03.25 00:08:34.017,0.85484,0.85496
2013.03.25 00:08:34.337,0.85485,0.85499
2013.03.25 00:08:34.587,0.85485,0.855
2013.03.25 00:08:35.149,0.85485,0.855
2013.03.25 00:08:35.579,0.85487,0.855
2013.03.25 00:08:36.201,0.85488,0.855
2013.03.25 00:08:36.688,0.8549,0.85503
2013.03.25 00:08:37.191,0.8549,0.85501
2013.03.25 00:08:37.577,0.85488,0.85502
2013.03.25 00:08:37.649,0.85488,0.85501
2013.03.25 00:08:37.898,0.85485,0.855
2013.03.25 00:08:41.326,0.85486,0.85498
2013.03.25 00:08:42.209,0.85486,0.85498
2013.03.25 00:08:42.590,0.85484,0.85497
2013.03.25 00:08:42.717,0.85484,0.85497
2013.03.25 00:08:43.147,0.85484,0.85497
2013.03.25 00:08:43.667,0.85484,0.85497
2013.03.25 00:08:44.906,0.85483,0.85497
2013.03.25 00:08:45.458,0.85485,0.85498
2013.03.25 00:08:45.967,0.85485,0.85498
2013.03.25 00:08:46.637,0.85485,0.85498
2013.03.25 00:08:47.798,0.85486,0.85498
2013.03.25 00:08:48.439,0.85486,0.85498
2013.03.25 00:08:49.722,0.85483,0.85498
2013.03.25 00:08:51.127,0.85483,0.85499
2013.03.25 00:08:51.687,0.85483,0.85496
2013.03.25 00:08:51.939,0.85483,0.85496
2013.03.25 00:08:52.903,0.85483,0.85495
2013.03.25 00:08:53.190,0.85486,0.85498
2013.03.25 00:08:53.391,0.85488,0.85498
2013.03.25 00:08:53.597,0.85488,0.855
2013.03.25 00:08:54.099,0.85489,0.85502
2013.03.25 00:08:55.068,0.85488,0.85501
2013.03.25 00:08:55.377,0.85487,0.85501
2013.03.25 00:08:55.819,0.85487,0.85499
2013.03.25 00:08:58.589,0.85484,0.85499
2013.03.25 00:08:59.016,0.85484,0.85498
2013.03.25 00:09:07.647,0.85484,0.85498
2013.03.25 00:09:08.708,0.85484,0.85498
2013.03.25 00:09:09.256,0.85484,0.85498
2013.03.25 00:09:09.821,0.85484,0.85497
2013.03.25 00:09:10.032,0.85484,0.85497
2013.03.25 00:09:10.399,0.85484,0.85497
2013.03.25 00:09:10.947,0.85483,0.85497
2013.03.25 00:09:11.487,0.85484,0.85498
2013.03.25 00:09:12.008,0.85484,0.85498
2013.03.25 00:09:12.627,0.85484,0.85498
2013.03.25 00:09:13.134,0.85484,0.85498
2013.03.25 00:09:15.941,0.85484,0.85498
2013.03.25 00:09:16.498,0.85484,0.85498
2013.03.25 00:09:18.558,0.85484,0.85498
2013.03.25 00:09:19.498,0.85484,0.85497
2013.03.25 00:09:19.688,0.85479,0.85496
2013.03.25 00:09:19.818,0.8548,0.85494
2013.03.25 00:09:20.127,0.85482,0.85494
2013.03.25 00:09:20.678,0.8548,0.85494
2013.03.25 00:09:21.919,0.85482,0.85494
2013.03.25 00:09:22.058,0.85483,0.85499
2013.03.25 00:09:22.436,0.85485,0.855
2013.03.25 00:09:22.856,0.85486,0.855
2013.03.25 00:09:24.546,0.85488,0.855
2013.03.25 00:09:24.732,0.85489,0.85501
2013.03.25 00:09:24.798,0.85489,0.85502
2013.03.25 00:09:25.068,0.85489,0.85503
2013.03.25 00:09:25.616,0.85489,0.85503
2013.03.25 00:09:26.417,0.8549,0.85503
2013.03.25 00:09:27.335,0.85491,0.85502
2013.03.25 00:09:27.843,0.85488,0.855
2013.03.25 00:09:28.056,0.85487,0.855
2013.03.25 00:09:28.518,0.85483,0.85497
2013.03.25 00:09:28.767,0.85483,0.85497
2013.03.25 00:09:29.159,0.85483,0.85493
2013.03.25 00:09:29.709,0.85482,0.85491
2013.03.25 00:09:30.268,0.85482,0.85493
2013.03.25 00:09:30.339,0.85484,0.85497
2013.03.25 00:09:30.409,0.85485,0.85497
2013.03.25 00:09:30.729,0.85491,0.85499
2013.03.25 00:09:30.859,0.85489,0.85505
2013.03.25 00:09:31.167,0.85489,0.85503
2013.03.25 00:09:31.687,0.85491,0.85503
2013.03.25 00:09:32.207,0.8549,0.85503
2013.03.25 00:09:32.758,0.85488,0.855
2013.03.25 00:09:33.317,0.85489,0.855
2013.03.25 00:09:33.870,0.85489,0.855
2013.03.25 00:09:34.806,0.8549,0.855
2013.03.25 00:09:35.048,0.8549,0.85504
2013.03.25 00:09:35.596,0.8549,0.85504
2013.03.25 00:09:36.621,0.85489,0.85503
2013.03.25 00:09:37.156,0.85489,0.85503
2013.03.25 00:09:37.230,0.85489,0.85503
2013.03.25 00:09:37.357,0.85489,0.85503
2013.03.25 00:09:37.548,0.85492,0.85503
2013.03.25 00:09:38.050,0.85493,0.85503
2013.03.25 00:09:38.756,0.85492,0.85506
2013.03.25 00:09:39.617,0.85493,0.85506
2013.03.25 00:09:39.747,0.85494,0.85506
2013.03.25 00:09:39.878,0.85494,0.85506
2013.03.25 00:09:40.397,0.85497,0.85507
2013.03.25 00:09:41.208,0.85498,0.85507
2013.03.25 00:09:43.208,0.85499,0.85507
2013.03.25 00:09:43.481,0.855,0.85511
2013.03.25 00:09:43.997,0.855,0.85511
2013.03.25 00:09:44.579,0.85499,0.85511
2013.03.25 00:09:44.648,0.85498,0.85511
2013.03.25 00:09:44.720,0.85498,0.85511
2013.03.25 00:09:45.037,0.85495,0.85511
2013.03.25 00:09:45.166,0.85495,0.8551
2013.03.25 00:09:45.407,0.85495,0.85508
2013.03.25 00:09:46.128,0.85493,0.85508
2013.03.25 00:09:46.387,0.85492,0.85506
2013.03.25 00:09:47.183,0.85491,0.85503
2013.03.25 00:09:47.727,0.8549,0.85501
2013.03.25 00:09:48.267,0.8549,0.85501
2013.03.25 00:09:49.288,0.8549,0.85501
2013.03.25 00:09:49.809,0.85489,0.85501
2013.03.25 00:09:50.357,0.85487,0.855
2013.03.25 00:09:50.428,0.85487,0.855
2013.03.25 00:09:50.857,0.85487,0.85497
2013.03.25 00:09:51.167,0.85485,0.85495
2013.03.25 00:09:51.359,0.85481,0.85495
2013.03.25 00:09:51.726,0.85479,0.85495
2013.03.25 00:09:52.109,0.85481,0.85495
2013.03.25 00:09:52.665,0.85482,0.85495
2013.03.25 00:09:53.881,0.85482,0.85495
2013.03.25 00:09:54.308,0.85482,0.85495
2013.03.25 00:09:54.617,0.85483,0.85497
2013.03.25 00:09:54.977,0.85485,0.85499
2013.03.25 00:09:56.328,0.85483,0.85499
2013.03.25 00:09:56.529,0.85482,0.85497
2013.03.25 00:09:56.857,0.85482,0.85495
2013.03.25 00:09:57.706,0.85481,0.85495
2013.03.25 00:09:58.260,0.85481,0.85495
2013.03.25 00:09:58.957,0.85482,0.85495
2013.03.25 00:09:59.473,0.85482,0.85496
2013.03.25 00:10:00.577,0.85481,0.85496
2013.03.25 00:10:01.098,0.85481,0.85495
2013.03.25 00:10:01.467,0.85482,0.85493
2013.03.25 00:10:01.777,0.85483,0.85493
2013.03.25 00:10:02.088,0.85485,0.85495
2013.03.25 00:10:02.159,0.85486,0.85496
2013.03.25 00:10:02.289,0.85486,0.85499
2013.03.25 00:10:02.817,0.85486,0.85499
2013.03.25 00:10:04.000,0.85486,0.85499
2013.03.25 00:10:04.427,0.85488,0.855
2013.03.25 00:10:05.097,0.8549,0.85502
2013.03.25 00:10:05.637,0.8549,0.85502
2013.03.25 00:10:06.187,0.8549,0.85502
2013.03.25 00:10:06.667,0.85489,0.85502
2013.03.25 00:10:07.186,0.85488,0.85502
2013.03.25 00:10:07.486,0.85488,0.855
2013.03.25 00:10:08.375,0.85489,0.855
2013.03.25 00:10:08.445,0.85489,0.855
2013.03.25 00:10:08.532,0.85488,0.85499
2013.03.25 00:10:08.613,0.85486,0.85499
2013.03.25 00:10:08.758,0.85485,0.85498
2013.03.25 00:10:09.588,0.85485,0.85495
2013.03.25 00:10:10.136,0.85485,0.85495
2013.03.25 00:10:10.317,0.85483,0.85494
2013.03.25 00:10:10.846,0.85484,0.85494
2013.03.25 00:10:11.387,0.85483,0.85495
2013.03.25 00:10:12.068,0.85484,0.85494
2013.03.25 00:10:12.200,0.85481,0.85491
2013.03.25 00:10:12.519,0.85479,0.8549
2013.03.25 00:10:13.076,0.85479,0.85489
2013.03.25 00:10:13.598,0.85478,0.8549
2013.03.25 00:10:15.806,0.8548,0.8549
2013.03.25 00:10:16.363,0.8548,0.85491
2013.03.25 00:10:16.916,0.8548,0.85491
2013.03.25 00:10:17.459,0.8548,0.85491
2013.03.25 00:10:17.648,0.85478,0.85491
2013.03.25 00:10:17.848,0.85477,0.85489
2013.03.25 00:10:18.157,0.85477,0.85489
2013.03.25 00:10:18.466,0.85474,0.85487
2013.03.25 00:10:19.577,0.85473,0.85484
2013.03.25 00:10:19.778,0.85476,0.85487
2013.03.25 00:10:20.207,0.85477,0.85489
2013.03.25 00:10:20.808,0.85479,0.8549
2013.03.25 00:10:21.358,0.85478,0.8549
2013.03.25 00:10:23.338,0.85479,0.8549
2013.03.25 00:10:23.551,0.85481,0.8549
2013.03.25 00:10:23.677,0.85481,0.85495
2013.03.25 00:10:23.857,0.85486,0.85498
2013.03.25 00:10:24.048,0.85486,0.85496
2013.03.25 00:10:24.176,0.85486,0.85498
2013.03.25 00:10:24.248,0.85491,0.85502
2013.03.25 00:10:24.616,0.85492,0.85504
2013.03.25 00:10:25.157,0.85493,0.85504
2013.03.25 00:10:25.406,0.85492,0.85504
2013.03.25 00:10:25.910,0.85492,0.85504
2013.03.25 00:10:26.736,0.85491,0.85504
2013.03.25 00:10:27.284,0.85491,0.85503
2013.03.25 00:10:27.947,0.85491,0.85503
2013.03.25 00:10:28.499,0.85491,0.85504
2013.03.25 00:10:28.630,0.85491,0.85504
2013.03.25 00:10:29.726,0.85491,0.85504
2013.03.25 00:10:30.282,0.85491,0.85504
2013.03.25 00:10:32.075,0.85491,0.85504
2013.03.25 00:10:34.428,0.85491,0.85504
2013.03.25 00:10:34.500,0.85491,0.85504
2013.03.25 00:10:34.817,0.85492,0.85504
2013.03.25 00:10:35.288,0.85492,0.85504
2013.03.25 00:10:35.476,0.85492,0.85504
2013.03.25 00:10:35.598,0.8549,0.85504
2013.03.25 00:10:36.049,0.85494,0.85507
2013.03.25 00:10:36.297,0.85494,0.8551
2013.03.25 00:10:36.368,0.85494,0.8551
2013.03.25 00:10:36.869,0.85498,0.8551
2013.03.25 00:10:37.378,0.85498,0.8551
2013.03.25 00:10:38.278,0.85498,0.85512
2013.03.25 00:10:38.828,0.85499,0.85514
2013.03.25 00:10:40.096,0.85499,0.85514
2013.03.25 00:10:41.328,0.855,0.85514
2013.03.25 00:10:44.261,0.85499,0.85511
2013.03.25 00:10:44.517,0.85501,0.85514
2013.03.25 00:10:45.328,0.85501,0.85514
2013.03.25 00:10:45.876,0.85501,0.85514
2013.03.25 00:10:46.297,0.85498,0.85512
2013.03.25 00:10:46.728,0.85498,0.8551
2013.03.25 00:10:47.276,0.85498,0.8551
2013.03.25 00:10:48.147,0.85498,0.85511
2013.03.25 00:10:48.347,0.85502,0.85515
2013.03.25 00:10:48.907,0.85505,0.85514
2013.03.25 00:10:51.478,0.85506,0.85517
2013.03.25 00:10:52.031,0.85506,0.85517
2013.03.25 00:10:52.289,0.85505,0.85517
2013.03.25 00:10:52.548,0.85511,0.85522
2013.03.25 00:10:52.738,0.85512,0.85524
2013.03.25 00:10:52.808,0.85512,0.85524
2013.03.25 00:10:53.502,0.85514,0.85525
2013.03.25 00:10:54.598,0.85514,0.85525
2013.03.25 00:10:57.118,0.85516,0.85526
2013.03.25 00:10:57.928,0.85516,0.85526
2013.03.25 00:10:58.497,0.85513,0.85523
2013.03.25 00:10:59.038,0.85512,0.85524
2013.03.25 00:10:59.478,0.85512,0.85522
2013.03.25 00:10:59.547,0.85512,0.85523
2013.03.25 00:10:59.909,0.85509,0.85522
2013.03.25 00:11:00.456,0.85509,0.85522
2013.03.25 00:11:00.576,0.8551,0.85523
2013.03.25 00:11:00.710,0.85509,0.85522
2013.03.25 00:11:01.268,0.8551,0.85521
2013.03.25 00:11:02.178,0.85514,0.85526
2013.03.25 00:11:02.308,0.85517,0.85527
2013.03.25 00:11:02.557,0.85515,0.85528
2013.03.25 00:11:02.809,0.85513,0.85526
2013.03.25 00:11:03.416,0.85513,0.85522
2013.03.25 00:11:04.306,0.85513,0.85522
2013.03.25 00:11:04.857,0.85507,0.85522
2013.03.25 00:11:05.167,0.85507,0.8552
2013.03.25 00:11:05.978,0.85508,0.8552
2013.03.25 00:11:06.056,0.85509,0.8552
2013.03.25 00:11:06.726,0.85507,0.8552
2013.03.25 00:11:07.277,0.85507,0.8552
2013.03.25 00:11:12.378,0.85507,0.8552
2013.03.25 00:11:12.452,0.85507,0.8552
2013.03.25 00:11:12.722,0.85503,0.85518
2013.03.25 00:11:13.029,0.855,0.85516
2013.03.25 00:11:13.338,0.855,0.85512
2013.03.25 00:11:13.467,0.855,0.85515
2013.03.25 00:11:13.658,0.855,0.85515
2013.03.25 00:11:13.967,0.855,0.85514
2013.03.25 00:11:14.147,0.855,0.85516
2013.03.25 00:11:14.458,0.855,0.85513
2013.03.25 00:11:14.527,0.855,0.85515
2013.03.25 00:11:14.840,0.855,0.85512
2013.03.25 00:11:14.967,0.855,0.85515
2013.03.25 00:11:15.148,0.855,0.85512
2013.03.25 00:11:15.457,0.855,0.85514
2013.03.25 00:11:15.518,0.855,0.85514
2013.03.25 00:11:15.646,0.855,0.85514
2013.03.25 00:11:15.947,0.855,0.85514
2013.03.25 00:11:16.507,0.855,0.85514
2013.03.25 00:11:17.538,0.855,0.85512
2013.03.25 00:11:17.788,0.855,0.85514
2013.03.25 00:11:19.298,0.85502,0.85515
2013.03.25 00:11:19.730,0.85501,0.85512
2013.03.25 00:11:19.978,0.855,0.85514
2013.03.25 00:11:20.298,0.85501,0.85513
2013.03.25 00:11:20.610,0.85501,0.85513
2013.03.25 00:11:21.158,0.85499,0.85513
2013.03.25 00:11:22.437,0.855,0.85514
2013.03.25 00:11:22.687,0.85502,0.85514
2013.03.25 00:11:22.938,0.85502,0.85512
2013.03.25 00:11:23.127,0.85503,0.85514
2013.03.25 00:11:23.449,0.855,0.85512
2013.03.25 00:11:24.037,0.85498,0.85512
2013.03.25 00:11:24.397,0.85493,0.85508
2013.03.25 00:11:24.467,0.85493,0.85508
2013.03.25 00:11:24.726,0.85493,0.85506
2013.03.25 00:11:24.967,0.85493,0.85506
2013.03.25 00:11:25.147,0.85493,0.85506
2013.03.25 00:11:26.993,0.85493,0.85506
2013.03.25 00:11:27.307,0.85496,0.85506
2013.03.25 00:11:28.077,0.85496,0.85506
2013.03.25 00:11:28.448,0.85498,0.8551
2013.03.25 00:11:28.518,0.85498,0.85511
2013.03.25 00:11:30.049,0.85497,0.85511
2013.03.25 00:11:30.596,0.85497,0.8551
2013.03.25 00:11:32.048,0.85497,0.85509
2013.03.25 00:11:32.448,0.85495,0.85509
2013.03.25 00:11:32.699,0.85495,0.85509
2013.03.25 00:11:33.208,0.85495,0.85509
2013.03.25 00:11:33.693,0.85495,0.85508
2013.03.25 00:11:34.239,0.85495,0.85508
2013.03.25 00:11:39.367,0.85496,0.85508
2013.03.25 00:11:39.428,0.85496,0.85508
2013.03.25 00:11:47.937,0.85496,0.85509
2013.03.25 00:11:50.689,0.85494,0.85506
2013.03.25 00:11:51.249,0.85494,0.85506
2013.03.25 00:11:51.499,0.85493,0.85506
2013.03.25 00:11:51.988,0.85493,0.85504
2013.03.25 00:11:53.058,0.85492,0.85503
2013.03.25 00:11:54.670,0.85492,0.85503
2013.03.25 00:11:55.600,0.85491,0.85503
2013.03.25 00:11:55.787,0.85487,0.855
2013.03.25 00:11:55.917,0.85485,0.85498
2013.03.25 00:11:56.169,0.85485,0.85498
2013.03.25 00:11:56.600,0.85482,0.85496
2013.03.25 00:11:57.461,0.85482,0.85493
2013.03.25 00:11:57.777,0.85482,0.85492
2013.03.25 00:11:57.957,0.85482,0.85494
2013.03.25 00:11:58.197,0.85482,0.85492
2013.03.25 00:11:58.437,0.85482,0.85493
2013.03.25 00:11:58.717,0.85482,0.85491
2013.03.25 00:11:59.059,0.85485,0.85496
2013.03.25 00:11:59.188,0.85485,0.85496
2013.03.25 00:11:59.749,0.85483,0.85497
2013.03.25 00:11:59.878,0.85483,0.85495
2013.03.25 00:12:00.189,0.85479,0.85492
2013.03.25 00:12:01.159,0.85476,0.8549
2013.03.25 00:12:01.407,0.85476,0.8549
2013.03.25 00:12:01.710,0.8548,0.8549
2013.03.25 00:12:02.229,0.8548,0.8549
2013.03.25 00:12:07.117,0.8548,0.85494
2013.03.25 00:12:07.627,0.8548,0.85494
2013.03.25 00:12:09.010,0.85478,0.85494
2013.03.25 00:12:10.347,0.85479,0.85494
2013.03.25 00:12:14.686,0.85479,0.85493
2013.03.25 00:12:15.867,0.85479,0.85493
2013.03.25 00:12:16.535,0.85478,0.85493
2013.03.25 00:12:24.558,0.85481,0.85492
2013.03.25 00:12:25.106,0.85481,0.85491
2013.03.25 00:12:25.647,0.85482,0.85494
2013.03.25 00:12:27.177,0.85482,0.85494
2013.03.25 00:12:27.261,0.85485,0.85494
2013.03.25 00:12:28.340,0.85481,0.85493
2013.03.25 00:12:28.897,0.85481,0.85493
2013.03.25 00:12:30.179,0.8548,0.85493
2013.03.25 00:12:30.314,0.85479,0.85492
2013.03.25 00:12:30.660,0.8548,0.85492
2013.03.25 00:12:30.728,0.8548,0.85491
2013.03.25 00:12:31.288,0.8548,0.85493
2013.03.25 00:12:31.837,0.85481,0.85493
2013.03.25 00:12:32.426,0.85481,0.85494
2013.03.25 00:12:33.477,0.85481,0.85493
2013.03.25 00:12:33.538,0.85481,0.85493
2013.03.25 00:12:33.607,0.85481,0.85493
2013.03.25 00:12:33.847,0.85481,0.85493
2013.03.25 00:12:34.388,0.8548,0.85493
2013.03.25 00:12:38.257,0.85481,0.85493
2013.03.25 00:12:38.763,0.85481,0.85494
2013.03.25 00:12:39.317,0.85479,0.85494
2013.03.25 00:12:40.400,0.85479,0.85493
2013.03.25 00:12:40.597,0.85477,0.8549
2013.03.25 00:12:41.289,0.85474,0.8549
2013.03.25 00:12:41.806,0.85475,0.85489
2013.03.25 00:12:42.447,0.85474,0.85489
2013.03.25 00:12:44.316,0.85474,0.85489
2013.03.25 00:12:44.566,0.85474,0.85489
2013.03.25 00:12:47.967,0.85473,0.85488
2013.03.25 00:12:49.476,0.85473,0.85487
2013.03.25 00:12:51.378,0.85471,0.85486
2013.03.25 00:12:51.937,0.85472,0.85487
2013.03.25 00:12:52.977,0.85472,0.85487
2013.03.25 00:12:53.097,0.85472,0.85487
2013.03.25 00:12:55.127,0.85472,0.85487
2013.03.25 00:12:55.427,0.85477,0.85491
2013.03.25 00:12:57.013,0.85476,0.8549
2013.03.25 00:12:57.518,0.85475,0.8549
2013.03.25 00:12:58.025,0.85475,0.8549
2013.03.25 00:12:58.628,0.85477,0.85489
2013.03.25 00:12:59.990,0.85476,0.8549
2013.03.25 00:13:00.319,0.85472,0.85486
2013.03.25 00:13:00.450,0.8547,0.85486
2013.03.25 00:13:00.759,0.8547,0.85486
2013.03.25 00:13:01.267,0.8547,0.85486
2013.03.25 00:13:01.998,0.8547,0.85486
2013.03.25 00:13:02.789,0.8547,0.85486
2013.03.25 00:13:02.918,0.8547,0.85483
2013.03.25 00:13:03.120,0.85473,0.85486
2013.03.25 00:13:03.250,0.85473,0.85486
2013.03.25 00:13:03.378,0.85473,0.85486
2013.03.25 00:13:03.454,0.85473,0.85487
2013.03.25 00:13:04.568,0.85475,0.85486
2013.03.25 00:13:05.007,0.85475,0.85486
2013.03.25 00:13:05.558,0.85473,0.85486
2013.03.25 00:13:05.747,0.85472,0.85486
2013.03.25 00:13:06.290,0.85472,0.85486
2013.03.25 00:13:07.967,0.85472,0.85486
2013.03.25 00:13:08.110,0.85472,0.85486
2013.03.25 00:13:08.660,0.85473,0.85488
2013.03.25 00:13:08.788,0.85474,0.85489
2013.03.25 00:13:10.076,0.85475,0.85489
2013.03.25 00:13:10.597,0.85475,0.85489
2013.03.25 00:13:11.411,0.85475,0.85489
2013.03.25 00:13:11.547,0.85474,0.85489
2013.03.25 00:13:11.920,0.85474,0.85489
2013.03.25 00:13:11.987,0.85477,0.85491
2013.03.25 00:13:12.297,0.85479,0.85491
2013.03.25 00:13:14.940,0.85476,0.85491
2013.03.25 00:13:15.128,0.85474,0.85491
2013.03.25 00:13:15.677,0.85474,0.85491
2013.03.25 00:13:22.958,0.85473,0.85486
2013.03.25 00:13:23.507,0.85474,0.85486
2013.03.25 00:13:28.218,0.85474,0.85486
2013.03.25 00:13:28.842,0.85474,0.85486
2013.03.25 00:13:36.449,0.85468,0.85482
2013.03.25 00:13:36.637,0.85465,0.85482
2013.03.25 00:13:37.187,0.85465,0.85479
2013.03.25 00:13:38.176,0.85466,0.85479
2013.03.25 00:13:38.536,0.85462,0.85478
2013.03.25 00:13:39.477,0.85462,0.85475
2013.03.25 00:13:42.815,0.85459,0.85475
2013.03.25 00:13:43.357,0.85459,0.85474
2013.03.25 00:13:43.429,0.85457,0.85473
2013.03.25 00:13:43.738,0.85456,0.85472
2013.03.25 00:13:44.296,0.85456,0.85473
2013.03.25 00:13:44.842,0.85458,0.85472
2013.03.25 00:13:49.767,0.85458,0.85472
2013.03.25 00:13:50.068,0.85461,0.85474
2013.03.25 00:13:50.137,0.85462,0.85473
2013.03.25 00:13:50.258,0.85462,0.85474
2013.03.25 00:13:50.447,0.85462,0.85474
2013.03.25 00:13:50.689,0.85463,0.85474
2013.03.25 00:13:59.898,0.85464,0.85476
2013.03.25 00:14:00.219,0.85467,0.85478
2013.03.25 00:14:00.349,0.85465,0.8548
2013.03.25 00:14:00.479,0.85465,0.8548
2013.03.25 00:14:01.008,0.85465,0.8548
2013.03.25 00:14:01.567,0.85465,0.8548
2013.03.25 00:14:01.758,0.85465,0.8548
2013.03.25 00:14:02.787,0.85466,0.8548
2013.03.25 00:14:03.458,0.85465,0.85478
2013.03.25 00:14:21.268,0.85465,0.8548
2013.03.25 00:14:21.400,0.85466,0.8548
2013.03.25 00:14:21.839,0.85464,0.85478
2013.03.25 00:14:22.448,0.85463,0.85476
2013.03.25 00:14:22.577,0.85463,0.85476
2013.03.25 00:14:23.117,0.85463,0.85476
2013.03.25 00:14:24.037,0.85463,0.85476
2013.03.25 00:14:24.537,0.85463,0.85476
2013.03.25 00:14:25.027,0.85463,0.85478
2013.03.25 00:14:25.448,0.85463,0.85478
2013.03.25 00:14:25.996,0.85463,0.85476
2013.03.25 00:14:26.296,0.85463,0.85476
2013.03.25 00:14:27.338,0.85463,0.85477
2013.03.25 00:14:27.409,0.85463,0.85479
2013.03.25 00:14:27.538,0.85465,0.85479
2013.03.25 00:14:28.087,0.85465,0.85481
2013.03.25 00:14:28.516,0.85465,0.85481
2013.03.25 00:14:28.877,0.85465,0.85481
2013.03.25 00:14:32.297,0.85465,0.85481
2013.03.25 00:14:32.817,0.85465,0.85481
2013.03.25 00:14:34.287,0.85465,0.85479
2013.03.25 00:14:34.808,0.85465,0.85479
2013.03.25 00:14:35.237,0.85469,0.85482
2013.03.25 00:14:35.797,0.85467,0.85482
2013.03.25 00:14:36.302,0.85467,0.85482
2013.03.25 00:14:36.608,0.85471,0.85481
2013.03.25 00:14:37.158,0.85468,0.85484
2013.03.25 00:14:39.207,0.85469,0.85482
2013.03.25 00:14:40.089,0.85468,0.85481
2013.03.25 00:14:40.636,0.85468,0.85481
2013.03.25 00:14:46.087,0.85468,0.85481
2013.03.25 00:15:00.132,0.85469,0.85484
2013.03.25 00:15:00.198,0.85469,0.85484
2013.03.25 00:15:00.757,0.8547,0.85484
2013.03.25 00:15:01.297,0.85471,0.85484
2013.03.25 00:15:04.067,0.8547,0.85484
2013.03.25 00:15:04.607,0.8547,0.85484
2013.03.25 00:15:05.088,0.85471,0.85484
2013.03.25 00:15:05.458,0.85471,0.85484
2013.03.25 00:15:06.017,0.8547,0.85484
2013.03.25 00:15:06.556,0.8547,0.85483
2013.03.25 00:15:10.947,0.8547,0.85483
2013.03.25 00:15:11.486,0.8547,0.85483
2013.03.25 00:15:16.097,0.85469,0.85483
2013.03.25 00:15:25.327,0.8547,0.85484
2013.03.25 00:15:25.572,0.8547,0.85484
2013.03.25 00:15:30.618,0.8547,0.85483
2013.03.25 00:15:39.347,0.85471,0.85483
2013.03.25 00:15:39.469,0.85469,0.85483
2013.03.25 00:15:40.252,0.85474,0.85486
2013.03.25 00:15:40.799,0.85473,0.85486
2013.03.25 00:15:41.120,0.85473,0.85484
2013.03.25 00:15:41.388,0.85473,0.85485
2013.03.25 00:15:41.720,0.85472,0.85483
2013.03.25 00:15:42.230,0.85472,0.85484
2013.03.25 00:15:42.778,0.85469,0.85482
2013.03.25 00:15:42.853,0.85469,0.85482
2013.03.25 00:15:43.397,0.85468,0.85482
2013.03.25 00:15:45.138,0.85466,0.85482
2013.03.25 00:15:47.257,0.85467,0.85482
2013.03.25 00:15:47.778,0.85467,0.85482
2013.03.25 00:15:49.377,0.85467,0.85482
2013.03.25 00:15:53.039,0.85469,0.85483
2013.03.25 00:15:53.528,0.85471,0.85484
2013.03.25 00:15:54.044,0.8547,0.85484
2013.03.25 00:15:54.392,0.85472,0.85485
2013.03.25 00:15:54.651,0.85471,0.85484
2013.03.25 00:15:55.151,0.8547,0.85484
2013.03.25 00:15:55.709,0.85469,0.85482
2013.03.25 00:15:56.018,0.85469,0.85482
2013.03.25 00:15:57.937,0.85468,0.85481
2013.03.25 00:16:00.579,0.85468,0.85481
2013.03.25 00:16:01.148,0.85468,0.85481
2013.03.25 00:16:01.677,0.85469,0.85483
2013.03.25 00:16:03.117,0.85469,0.85483
2013.03.25 00:16:03.195,0.85473,0.85483
2013.03.25 00:16:05.289,0.8547,0.85484
2013.03.25 00:16:06.379,0.8547,0.85484
2013.03.25 00:16:06.938,0.85469,0.85482
2013.03.25 00:16:08.267,0.85469,0.85482
2013.03.25 00:16:08.807,0.85469,0.85482
2013.03.25 00:16:08.927,0.85469,0.85482
2013.03.25 00:16:08.989,0.85471,0.85482
2013.03.25 00:16:09.507,0.85469,0.85484
2013.03.25 00:16:09.925,0.85468,0.85483
2013.03.25 00:16:10.706,0.85467,0.85483
2013.03.25 00:16:11.007,0.85468,0.85483
2013.03.25 00:16:11.368,0.85467,0.85481
2013.03.25 00:16:11.439,0.85467,0.85481
2013.03.25 00:16:11.987,0.85471,0.85482
2013.03.25 00:16:12.857,0.85471,0.85482
2013.03.25 00:16:15.806,0.85471,0.85484
2013.03.25 00:16:23.367,0.8547,0.85483
2013.03.25 00:16:24.241,0.85469,0.85483
2013.03.25 00:16:29.899,0.85469,0.85482
2013.03.25 00:16:33.478,0.85469,0.85483
2013.03.25 00:16:33.728,0.85469,0.85483
2013.03.25 00:16:34.289,0.85469,0.85484
2013.03.25 00:16:37.807,0.8547,0.85482
2013.03.25 00:16:38.108,0.85469,0.85481
2013.03.25 00:16:39.138,0.85469,0.85482
2013.03.25 00:16:41.624,0.85469,0.85482
2013.03.25 00:16:41.883,0.85473,0.85484
2013.03.25 00:16:42.431,0.85473,0.85484
2013.03.25 00:16:42.976,0.85473,0.85484
2013.03.25 00:16:43.277,0.85473,0.85484
2013.03.25 00:16:46.038,0.85469,0.85483
2013.03.25 00:16:46.168,0.8547,0.85483
2013.03.25 00:16:46.298,0.85473,0.85484
2013.03.25 00:16:46.810,0.85473,0.85484
2013.03.25 00:16:52.669,0.85476,0.85485
2013.03.25 00:16:52.811,0.85476,0.85488
2013.03.25 00:16:52.941,0.85476,0.85488
2013.03.25 00:16:53.127,0.85481,0.85492
2013.03.25 00:16:53.367,0.85481,0.85493
2013.03.25 00:16:53.499,0.85481,0.85495
2013.03.25 00:16:53.868,0.85484,0.85496
2013.03.25 00:16:54.417,0.85481,0.85497
2013.03.25 00:16:54.870,0.85485,0.85497
2013.03.25 00:16:54.938,0.85486,0.85499
2013.03.25 00:16:55.489,0.85487,0.85501
2013.03.25 00:16:56.519,0.85487,0.85501
2013.03.25 00:16:57.028,0.85488,0.85501
2013.03.25 00:16:57.619,0.85488,0.85501
2013.03.25 00:16:59.282,0.85489,0.85501
2013.03.25 00:17:00.012,0.85487,0.85502
2013.03.25 00:17:00.153,0.85485,0.85501
2013.03.25 00:17:00.478,0.8548,0.85496
2013.03.25 00:17:00.908,0.85479,0.85495
2013.03.25 00:17:01.778,0.85479,0.85493
2013.03.25 00:17:01.909,0.85479,0.85492
2013.03.25 00:17:02.158,0.85476,0.8549
2013.03.25 00:17:02.708,0.85476,0.8549
2013.03.25 00:17:02.898,0.85475,0.85489
2013.03.25 00:17:03.268,0.85474,0.85488
2013.03.25 00:17:03.708,0.85471,0.85487
2013.03.25 00:17:04.274,0.85475,0.85486
2013.03.25 00:17:04.338,0.85475,0.85486
2013.03.25 00:17:06.867,0.85474,0.85486
2013.03.25 00:17:07.048,0.8547,0.85484
2013.03.25 00:17:07.119,0.85468,0.85484
2013.03.25 00:17:07.310,0.8547,0.85484
2013.03.25 00:17:07.619,0.85471,0.85484
2013.03.25 00:17:08.177,0.85471,0.85484
2013.03.25 00:17:08.837,0.85471,0.85484
2013.03.25 00:17:09.377,0.85471,0.85484
2013.03.25 00:17:09.908,0.85471,0.85484
2013.03.25 00:17:10.938,0.85471,0.85485
2013.03.25 00:17:11.074,0.85471,0.85485
2013.03.25 00:17:11.144,0.85473,0.85485
2013.03.25 00:17:11.698,0.85475,0.85488
2013.03.25 00:17:12.248,0.85476,0.85488
2013.03.25 00:17:12.907,0.85477,0.85488
2013.03.25 00:17:17.789,0.85477,0.8549
2013.03.25 00:17:18.205,0.85479,0.85493
2013.03.25 00:17:18.554,0.8548,0.85493
2013.03.25 00:17:19.068,0.85481,0.85493
2013.03.25 00:17:19.569,0.85481,0.85493
2013.03.25 00:17:20.690,0.85482,0.85493
2013.03.25 00:17:20.759,0.85482,0.85493
2013.03.25 00:17:21.129,0.85481,0.85493
2013.03.25 00:17:21.198,0.85481,0.85493
2013.03.25 00:17:22.296,0.85479,0.85493
2013.03.25 00:17:22.798,0.8548,0.85493
2013.03.25 00:17:29.238,0.8548,0.85493
2013.03.25 00:17:29.367,0.8548,0.85493
2013.03.25 00:17:29.679,0.85475,0.85489
2013.03.25 00:17:29.878,0.85475,0.85486
2013.03.25 00:17:29.950,0.85475,0.85486
2013.03.25 00:17:30.511,0.85472,0.85486
2013.03.25 00:17:31.190,0.85471,0.85486
2013.03.25 00:17:31.380,0.8547,0.85484
2013.03.25 00:17:31.520,0.85468,0.85482
2013.03.25 00:17:32.067,0.85469,0.85482
2013.03.25 00:17:32.246,0.85468,0.85482
2013.03.25 00:17:43.729,0.85469,0.85483
2013.03.25 00:17:44.277,0.85468,0.85483
2013.03.25 00:17:56.920,0.85467,0.85479
2013.03.25 00:17:57.123,0.85463,0.85479
2013.03.25 00:17:57.190,0.85463,0.85479
2013.03.25 00:17:57.736,0.85463,0.85479
2013.03.25 00:18:00.258,0.85463,0.85476
2013.03.25 00:18:00.707,0.85457,0.85472
2013.03.25 00:18:01.248,0.85457,0.85472
2013.03.25 00:18:01.748,0.85462,0.85473
2013.03.25 00:18:04.290,0.85463,0.85473
2013.03.25 00:18:04.849,0.85463,0.85475
2013.03.25 00:18:05.157,0.85468,0.85475
2013.03.25 00:18:05.277,0.85468,0.85479
2013.03.25 00:18:05.458,0.85469,0.85479
2013.03.25 00:18:06.007,0.85469,0.8548
2013.03.25 00:18:06.737,0.85469,0.85482
2013.03.25 00:18:08.756,0.85469,0.85482
2013.03.25 00:18:09.429,0.85467,0.85482
2013.03.25 00:18:09.978,0.85466,0.85482
2013.03.25 00:18:11.093,0.85468,0.85483
2013.03.25 00:18:11.990,0.85468,0.85483
2013.03.25 00:18:15.638,0.85469,0.85483
2013.03.25 00:18:20.260,0.85471,0.85483
2013.03.25 00:18:20.769,0.8547,0.85483
2013.03.25 00:18:21.579,0.8547,0.85483
2013.03.25 00:18:22.388,0.85469,0.85483
2013.03.25 00:18:31.037,0.85469,0.85482
2013.03.25 00:18:56.386,0.85466,0.85482
2013.03.25 00:18:57.007,0.85466,0.85482
2013.03.25 00:18:58.067,0.85466,0.85482
2013.03.25 00:18:59.516,0.85467,0.85483
2013.03.25 00:18:59.722,0.85472,0.85484
2013.03.25 00:18:59.850,0.8547,0.85484
2013.03.25 00:19:00.099,0.85469,0.85484
2013.03.25 00:19:00.530,0.85469,0.85482
2013.03.25 00:19:00.717,0.85468,0.85482
2013.03.25 00:19:01.267,0.85468,0.85481
2013.03.25 00:19:05.351,0.85468,0.85482
2013.03.25 00:19:05.478,0.8547,0.85482
2013.03.25 00:19:05.598,0.8547,0.85482
2013.03.25 00:19:06.147,0.85471,0.85482
2013.03.25 00:19:06.457,0.85472,0.85484
2013.03.25 00:19:07.536,0.85473,0.85484
2013.03.25 00:19:10.015,0.85475,0.85485
2013.03.25 00:19:10.093,0.85475,0.85487
2013.03.25 00:19:10.289,0.85474,0.85486
2013.03.25 00:19:10.838,0.85473,0.85483
2013.03.25 00:19:10.898,0.85469,0.85483
2013.03.25 00:19:10.958,0.85469,0.85483
2013.03.25 00:19:11.149,0.8547,0.85483
2013.03.25 00:19:11.697,0.85472,0.85484
2013.03.25 00:19:11.758,0.85471,0.85484
2013.03.25 00:19:12.068,0.85467,0.85483
2013.03.25 00:19:12.139,0.85466,0.85481
2013.03.25 00:19:12.209,0.85468,0.85481
2013.03.25 00:19:12.578,0.85468,0.85481
2013.03.25 00:19:13.010,0.85466,0.85479
2013.03.25 00:19:13.079,0.85466,0.85479
2013.03.25 00:19:13.628,0.85466,0.8548
2013.03.25 00:19:21.868,0.85467,0.8548
2013.03.25 00:19:27.928,0.85469,0.85481
2013.03.25 00:19:42.765,0.85469,0.85481
2013.03.25 00:19:47.568,0.85469,0.85481
2013.03.25 00:19:48.998,0.85469,0.85481
2013.03.25 00:19:55.057,0.85467,0.85479
2013.03.25 00:19:55.598,0.85465,0.85479
2013.03.25 00:19:56.137,0.85465,0.85479
2013.03.25 00:19:59.248,0.85465,0.85479
2013.03.25 00:20:00.918,0.85465,0.85478
2013.03.25 00:20:01.478,0.85463,0.85476
2013.03.25 00:20:02.039,0.85463,0.85476
2013.03.25 00:20:05.958,0.85463,0.85476
2013.03.25 00:20:06.809,0.85463,0.85476
2013.03.25 00:20:09.138,0.85461,0.85476
2013.03.25 00:20:10.051,0.85462,0.85475
2013.03.25 00:20:10.597,0.85463,0.85475
2013.03.25 00:20:15.737,0.85463,0.85473
2013.03.25 00:20:16.289,0.85464,0.85475
2013.03.25 00:20:16.478,0.85464,0.85476
2013.03.25 00:20:17.008,0.85464,0.85476
2013.03.25 00:20:17.188,0.85464,0.85477
2013.03.25 00:20:17.736,0.85464,0.85477
2013.03.25 00:20:19.556,0.85464,0.85477
2013.03.25 00:20:20.575,0.85464,0.85475
2013.03.25 00:20:24.867,0.85464,0.85475
2013.03.25 00:20:30.712,0.85464,0.85476
2013.03.25 00:20:37.867,0.85463,0.85477
2013.03.25 00:20:39.547,0.85463,0.85478
2013.03.25 00:20:40.046,0.85463,0.85478
2013.03.25 00:20:44.867,0.85463,0.85478
2013.03.25 00:20:45.854,0.85463,0.85478
2013.03.25 00:20:53.994,0.85463,0.85478
2013.03.25 00:20:55.094,0.85463,0.85478
2013.03.25 00:20:55.217,0.85463,0.85478
2013.03.25 00:20:56.557,0.85463,0.85478
2013.03.25 00:20:58.410,0.85463,0.85478
2013.03.25 00:20:58.479,0.85464,0.85478
2013.03.25 00:20:58.549,0.85465,0.85478
2013.03.25 00:20:58.800,0.85466,0.85479
2013.03.25 00:20:59.109,0.85465,0.85479
2013.03.25 00:20:59.658,0.85465,0.85479
2013.03.25 00:21:02.117,0.85464,0.85479
2013.03.25 00:21:18.579,0.85464,0.85478
2013.03.25 00:21:20.189,0.85464,0.85478
2013.03.25 00:21:21.197,0.85464,0.85476
2013.03.25 00:21:21.517,0.85458,0.85472
2013.03.25 00:21:22.665,0.85459,0.85472
2013.03.25 00:21:23.416,0.8546,0.85473
2013.03.25 00:21:23.970,0.85456,0.85469
2013.03.25 00:21:24.489,0.85455,0.85469
2013.03.25 00:21:24.942,0.85456,0.85469
2013.03.25 00:21:25.379,0.85455,0.85469
2013.03.25 00:21:26.679,0.85455,0.85469
2013.03.25 00:21:26.748,0.85455,0.85469
2013.03.25 00:21:29.889,0.85455,0.85469
2013.03.25 00:21:30.419,0.85454,0.85467
2013.03.25 00:21:32.538,0.85454,0.85466
2013.03.25 00:21:32.609,0.85452,0.85466
2013.03.25 00:21:32.978,0.85451,0.85466
2013.03.25 00:21:38.228,0.85451,0.85466
2013.03.25 00:21:38.807,0.85451,0.85466
2013.03.25 00:21:38.989,0.8545,0.85464
2013.03.25 00:21:39.059,0.8545,0.85464
2013.03.25 00:21:39.129,0.8545,0.85462
2013.03.25 00:21:39.258,0.85446,0.85462
2013.03.25 00:21:39.569,0.85447,0.85461
2013.03.25 00:21:40.087,0.85447,0.85461
2013.03.25 00:21:40.748,0.85447,0.85461
2013.03.25 00:21:41.838,0.85447,0.85461
2013.03.25 00:21:42.361,0.85451,0.85462
2013.03.25 00:21:42.919,0.8545,0.85463
2013.03.25 00:21:43.246,0.8545,0.85463
2013.03.25 00:21:43.311,0.8545,0.85463
2013.03.25 00:21:44.267,0.85445,0.85462
2013.03.25 00:21:44.508,0.85445,0.85462
2013.03.25 00:21:47.418,0.85445,0.85461
2013.03.25 00:21:48.267,0.85444,0.85459
2013.03.25 00:21:49.268,0.85448,0.8546
2013.03.25 00:21:50.389,0.85448,0.8546
2013.03.25 00:21:53.743,0.8545,0.8546
2013.03.25 00:21:58.924,0.85448,0.85462
2013.03.25 00:22:01.838,0.85448,0.85462
2013.03.25 00:22:02.037,0.85448,0.85462
2013.03.25 00:22:06.121,0.85448,0.85459
2013.03.25 00:22:06.657,0.85446,0.85459
2013.03.25 00:22:08.299,0.85447,0.8546
2013.03.25 00:22:10.909,0.85447,0.8546
2013.03.25 00:22:11.400,0.8545,0.85462
2013.03.25 00:22:13.369,0.85448,0.85462
2013.03.25 00:22:17.302,0.85448,0.85463
2013.03.25 00:22:19.256,0.85449,0.85465
2013.03.25 00:22:21.039,0.85449,0.85461
2013.03.25 00:22:21.529,0.85447,0.85461
2013.03.25 00:22:21.779,0.85447,0.85461
2013.03.25 00:22:22.048,0.85442,0.85459
2013.03.25 00:22:22.588,0.85442,0.85458
2013.03.25 00:22:23.127,0.85446,0.85459
2013.03.25 00:22:24.309,0.85443,0.85458
2013.03.25 00:22:24.438,0.85442,0.85458
2013.03.25 00:22:24.510,0.85442,0.85458
2013.03.25 00:22:26.169,0.85441,0.85457
2013.03.25 00:22:26.243,0.85439,0.85448
2013.03.25 00:22:26.371,0.85437,0.85448
2013.03.25 00:22:26.440,0.85437,0.85446
2013.03.25 00:22:26.869,0.85437,0.85448
2013.03.25 00:22:27.418,0.85437,0.85448
2013.03.25 00:22:27.780,0.85435,0.85448
2013.03.25 00:22:28.328,0.85435,0.85444
2013.03.25 00:22:29.423,0.85432,0.85443
2013.03.25 00:22:29.932,0.8543,0.85444
2013.03.25 00:22:30.657,0.85431,0.85444
2013.03.25 00:22:31.619,0.85431,0.85444
2013.03.25 00:22:32.158,0.85433,0.85443
2013.03.25 00:22:35.477,0.85433,0.85443
2013.03.25 00:22:36.019,0.85435,0.85445
2013.03.25 00:22:37.089,0.85433,0.85445
2013.03.25 00:22:37.398,0.85433,0.85445
2013.03.25 00:22:42.915,0.85433,0.85447
2013.03.25 00:22:42.988,0.85433,0.85447
2013.03.25 00:22:51.408,0.85433,0.85447
2013.03.25 00:22:51.708,0.85437,0.85447
2013.03.25 00:22:52.250,0.85438,0.85448
2013.03.25 00:22:52.740,0.85443,0.85448
2013.03.25 00:22:52.870,0.85443,0.85454
2013.03.25 00:22:57.003,0.85442,0.85454
2013.03.25 00:23:03.600,0.85442,0.85454
2013.03.25 00:23:04.849,0.85442,0.85454
2013.03.25 00:23:05.747,0.85442,0.85454
2013.03.25 00:23:05.808,0.85442,0.85452
2013.03.25 00:23:06.359,0.85436,0.85451
2013.03.25 00:23:06.883,0.85434,0.8545
2013.03.25 00:23:07.070,0.85434,0.8545
2013.03.25 00:23:07.668,0.85438,0.8545
2013.03.25 00:23:11.390,0.85438,0.85451
2013.03.25 00:23:11.521,0.85443,0.85453
2013.03.25 00:23:20.047,0.8544,0.85453
2013.03.25 00:23:20.474,0.85442,0.85454
2013.03.25 00:23:20.988,0.8544,0.85454
2013.03.25 00:23:21.649,0.85443,0.85454
2013.03.25 00:23:22.199,0.85443,0.85455
2013.03.25 00:23:22.749,0.85443,0.85454
2013.03.25 00:23:22.879,0.85442,0.85454
2013.03.25 00:23:23.190,0.85442,0.85455
2013.03.25 00:23:23.748,0.85437,0.85455
2013.03.25 00:23:24.316,0.85441,0.85455
2013.03.25 00:23:25.118,0.85439,0.85455
2013.03.25 00:23:25.859,0.85439,0.85452
2013.03.25 00:23:27.071,0.85437,0.85452
2013.03.25 00:23:27.403,0.85435,0.85449
2013.03.25 00:23:27.731,0.85435,0.85447
2013.03.25 00:23:27.919,0.85433,0.85446
2013.03.25 00:23:28.429,0.85433,0.85445
2013.03.25 00:23:28.720,0.85433,0.85444
2013.03.25 00:23:30.689,0.85433,0.85445
2013.03.25 00:23:31.918,0.85434,0.85445
2013.03.25 00:23:31.978,0.85434,0.85447
2013.03.25 00:23:32.575,0.85434,0.85447
2013.03.25 00:23:37.407,0.85434,0.85447
2013.03.25 00:23:37.493,0.85436,0.85451
2013.03.25 00:23:37.571,0.85436,0.85452
2013.03.25 00:23:38.079,0.85442,0.85453
2013.03.25 00:23:38.149,0.85442,0.85457
2013.03.25 00:23:38.341,0.85442,0.85459
2013.03.25 00:23:38.479,0.85446,0.8546
2013.03.25 00:23:38.799,0.85448,0.85461
2013.03.25 00:23:39.329,0.85448,0.8546
2013.03.25 00:23:40.174,0.85449,0.85461
2013.03.25 00:23:42.959,0.85449,0.85461
2013.03.25 00:23:43.770,0.85449,0.85461
2013.03.25 00:23:44.319,0.85449,0.8546
2013.03.25 00:23:45.089,0.85449,0.8546
2013.03.25 00:23:45.632,0.85453,0.85462
2013.03.25 00:23:45.890,0.85453,0.85463
2013.03.25 00:23:46.149,0.85454,0.85463
2013.03.25 00:23:46.938,0.85454,0.85465
2013.03.25 00:23:47.571,0.85453,0.85463
2013.03.25 00:23:48.118,0.85453,0.85463
2013.03.25 00:23:48.624,0.85453,0.85463
2013.03.25 00:23:49.248,0.85453,0.85463
2013.03.25 00:23:50.028,0.85453,0.85463
2013.03.25 00:23:50.541,0.85453,0.85463
2013.03.25 00:23:51.480,0.85452,0.85463
2013.03.25 00:23:52.507,0.85454,0.85463
2013.03.25 00:23:52.771,0.85451,0.85461
2013.03.25 00:23:52.839,0.8545,0.8546
2013.03.25 00:23:53.340,0.85448,0.85459
2013.03.25 00:23:53.659,0.85447,0.85458
2013.03.25 00:23:53.789,0.85447,0.85458
2013.03.25 00:23:53.919,0.85445,0.85458
2013.03.25 00:23:57.410,0.85445,0.85459
2013.03.25 00:23:57.840,0.85449,0.8546
2013.03.25 00:23:58.390,0.85449,0.8546
2013.03.25 00:23:58.759,0.85448,0.85459
2013.03.25 00:23:59.169,0.85443,0.85457
2013.03.25 00:23:59.238,0.85443,0.85456
2013.03.25 00:23:59.899,0.85445,0.85455
2013.03.25 00:24:00.231,0.85448,0.85458
2013.03.25 00:24:00.549,0.85443,0.85457
2013.03.25 00:24:00.799,0.85443,0.85457
2013.03.25 00:24:01.125,0.85447,0.85461
2013.03.25 00:24:01.529,0.85447,0.8546
2013.03.25 00:24:02.409,0.85451,0.85462
2013.03.25 00:24:03.314,0.85446,0.85459
2013.03.25 00:24:03.818,0.85448,0.85459
2013.03.25 00:24:08.348,0.85447,0.85459
2013.03.25 00:24:09.479,0.85447,0.85459
2013.03.25 00:24:10.038,0.85444,0.85457
2013.03.25 00:24:10.115,0.85444,0.85456
2013.03.25 00:24:15.270,0.85442,0.85456
2013.03.25 00:24:15.640,0.85441,0.85456
2013.03.25 00:24:15.769,0.85443,0.85458
2013.03.25 00:24:15.899,0.85443,0.85459
2013.03.25 00:24:15.971,0.85443,0.85459
2013.03.25 00:24:16.489,0.85444,0.85459
2013.03.25 00:24:20.468,0.85444,0.85459
2013.03.25 00:24:20.527,0.85444,0.85459
2013.03.25 00:24:26.426,0.85445,0.85456
2013.03.25 00:24:26.945,0.85446,0.85459
2013.03.25 00:24:32.068,0.85446,0.85457
2013.03.25 00:24:33.218,0.85446,0.85456
2013.03.25 00:24:34.022,0.85446,0.85456
2013.03.25 00:24:34.528,0.85446,0.85458
2013.03.25 00:24:35.069,0.85445,0.85457
2013.03.25 00:24:35.379,0.85445,0.85457
2013.03.25 00:24:35.920,0.85445,0.85455
2013.03.25 00:24:36.110,0.85436,0.85451
2013.03.25 00:24:36.501,0.85434,0.85449
2013.03.25 00:24:36.939,0.85438,0.85451
2013.03.25 00:24:37.488,0.85439,0.85451
2013.03.25 00:24:40.919,0.8544,0.85452
2013.03.25 00:24:41.579,0.8544,0.85452
2013.03.25 00:24:43.909,0.8544,0.85452
2013.03.25 00:24:56.518,0.8544,0.85452
2013.03.25 00:24:57.158,0.8544,0.85452
2013.03.25 00:24:57.709,0.85442,0.85454
2013.03.25 00:24:58.380,0.85441,0.85453
2013.03.25 00:24:58.760,0.85441,0.85453
2013.03.25 00:24:59.918,0.85441,0.85453
2013.03.25 00:25:01.848,0.85441,0.85454
2013.03.25 00:25:02.208,0.85443,0.85456
2013.03.25 00:25:02.268,0.85444,0.85456
2013.03.25 00:25:02.929,0.85444,0.85458
2013.03.25 00:25:03.720,0.85441,0.85457
2013.03.25 00:25:04.335,0.85441,0.85457
2013.03.25 00:25:07.527,0.85441,0.85456
2013.03.25 00:25:07.654,0.85442,0.85457
2013.03.25 00:25:07.840,0.85447,0.8546
2013.03.25 00:25:08.389,0.85448,0.8546
2013.03.25 00:25:10.949,0.85445,0.8546
2013.03.25 00:25:17.787,0.85447,0.8546
2013.03.25 00:25:18.847,0.85445,0.8546
2013.03.25 00:25:21.417,0.85445,0.85459
2013.03.25 00:25:25.048,0.85445,0.85458
2013.03.25 00:25:25.600,0.85445,0.85458
2013.03.25 00:25:26.529,0.85445,0.85458
2013.03.25 00:25:31.799,0.85445,0.85456
2013.03.25 00:25:35.448,0.85445,0.85458
2013.03.25 00:25:38.868,0.85445,0.85457
2013.03.25 00:25:39.110,0.85445,0.85455
2013.03.25 00:25:39.620,0.85442,0.85455
2013.03.25 00:25:39.758,0.85442,0.85455
2013.03.25 00:25:41.118,0.85441,0.85455
2013.03.25 00:25:43.730,0.85442,0.85455
2013.03.25 00:25:44.279,0.85442,0.85455
2013.03.25 00:25:44.810,0.85442,0.85455
2013.03.25 00:25:45.128,0.85442,0.85455
2013.03.25 00:25:45.200,0.8544,0.85453
2013.03.25 00:25:45.533,0.8544,0.85452
2013.03.25 00:25:45.968,0.85438,0.85452
2013.03.25 00:25:46.089,0.85438,0.8545
2013.03.25 00:25:46.459,0.85437,0.85447
2013.03.25 00:25:50.157,0.85435,0.85447
2013.03.25 00:25:50.338,0.85432,0.85446
2013.03.25 00:25:51.079,0.85432,0.85446
2013.03.25 00:25:51.330,0.8543,0.85443
2013.03.25 00:25:51.400,0.85429,0.85443
2013.03.25 00:25:52.046,0.8543,0.85441
2013.03.25 00:25:52.168,0.85428,0.85438
2013.03.25 00:25:52.229,0.85426,0.85438
2013.03.25 00:25:52.778,0.85427,0.85437
2013.03.25 00:25:53.419,0.85429,0.85438
2013.03.25 00:25:53.537,0.85429,0.8544
2013.03.25 00:25:55.110,0.85429,0.85441
2013.03.25 00:25:55.179,0.85429,0.85441
2013.03.25 00:25:55.715,0.85431,0.85441
2013.03.25 00:25:56.258,0.85427,0.8544
2013.03.25 00:25:58.999,0.85429,0.8544
2013.03.25 00:25:59.201,0.85427,0.8544
2013.03.25 00:25:59.339,0.85428,0.8544
2013.03.25 00:26:00.288,0.85428,0.85441
2013.03.25 00:26:01.029,0.85428,0.85441
2013.03.25 00:26:01.914,0.85431,0.85442
2013.03.25 00:26:01.992,0.85429,0.85441
2013.03.25 00:26:02.179,0.85428,0.8544
2013.03.25 00:26:02.729,0.85427,0.8544
2013.03.25 00:26:03.164,0.85427,0.85441
2013.03.25 00:26:04.309,0.85427,0.85441
2013.03.25 00:26:04.621,0.85427,0.85441
2013.03.25 00:26:06.252,0.85426,0.8544
2013.03.25 00:26:07.470,0.85426,0.8544
2013.03.25 00:26:08.019,0.85429,0.8544
2013.03.25 00:26:15.441,0.85427,0.8544
2013.03.25 00:26:15.509,0.85427,0.8544
2013.03.25 00:26:18.158,0.85429,0.8544
2013.03.25 00:26:18.698,0.85427,0.8544
2013.03.25 00:26:20.441,0.85428,0.85441
2013.03.25 00:26:20.989,0.85429,0.85441
2013.03.25 00:26:21.468,0.85427,0.85441
2013.03.25 00:26:21.708,0.85423,0.85439
2013.03.25 00:26:21.890,0.85425,0.85436
2013.03.25 00:26:22.199,0.85425,0.85436
2013.03.25 00:26:31.039,0.85422,0.85434
2013.03.25 00:26:31.469,0.85422,0.85433
2013.03.25 00:26:32.128,0.85421,0.85433
2013.03.25 00:26:36.728,0.85421,0.85433
2013.03.25 00:26:40.499,0.85422,0.85433
2013.03.25 00:26:43.200,0.85422,0.85434
2013.03.25 00:26:45.363,0.85422,0.85435
2013.03.25 00:26:45.701,0.85426,0.85438
2013.03.25 00:26:47.301,0.85427,0.85438
2013.03.25 00:26:47.819,0.85429,0.85438
2013.03.25 00:26:48.367,0.85429,0.85439
2013.03.25 00:26:48.729,0.85429,0.85441
2013.03.25 00:26:48.799,0.85429,0.85441
2013.03.25 00:26:49.109,0.85431,0.85441
2013.03.25 00:26:49.298,0.85431,0.85442
2013.03.25 00:26:49.490,0.85433,0.85444
2013.03.25 00:26:49.560,0.85434,0.85446
2013.03.25 00:26:49.991,0.85434,0.85447
2013.03.25 00:26:50.359,0.85436,0.85449
2013.03.25 00:26:50.558,0.85436,0.85449
2013.03.25 00:26:51.109,0.85436,0.85449
2013.03.25 00:26:51.653,0.85436,0.85449
2013.03.25 00:26:51.721,0.85437,0.85449
2013.03.25 00:26:51.788,0.85437,0.85449
2013.03.25 00:26:51.990,0.85437,0.85449
2013.03.25 00:26:52.550,0.85436,0.85449
2013.03.25 00:26:53.619,0.85438,0.85449
2013.03.25 00:26:53.749,0.85437,0.85449
2013.03.25 00:26:59.958,0.85438,0.85449
2013.03.25 00:27:01.533,0.85438,0.85449
2013.03.25 00:27:03.878,0.85437,0.85449
2013.03.25 00:27:19.199,0.85438,0.85449
2013.03.25 00:27:19.519,0.85437,0.85449
2013.03.25 00:27:20.580,0.85435,0.85449
2013.03.25 00:27:20.710,0.85436,0.85449
2013.03.25 00:27:21.079,0.85436,0.85449
2013.03.25 00:27:21.628,0.85433,0.85449
2013.03.25 00:27:22.118,0.85433,0.85446
2013.03.25 00:27:23.048,0.85433,0.85446
2013.03.25 00:27:28.982,0.85433,0.85445
2013.03.25 00:27:32.060,0.85433,0.85445
2013.03.25 00:27:32.570,0.85433,0.85446
2013.03.25 00:27:32.939,0.85433,0.85446
2013.03.25 00:27:33.069,0.85431,0.85446
2013.03.25 00:27:33.729,0.8543,0.85443
2013.03.25 00:27:34.249,0.85426,0.85443
2013.03.25 00:27:34.318,0.85426,0.85442
2013.03.25 00:27:34.559,0.85424,0.8544
2013.03.25 00:27:34.990,0.85425,0.8544
2013.03.25 00:27:35.299,0.85425,0.8544
2013.03.25 00:27:37.110,0.85426,0.8544
2013.03.25 00:27:37.618,0.85428,0.8544
2013.03.25 00:27:38.158,0.85426,0.85437
2013.03.25 00:27:38.678,0.85424,0.85437
2013.03.25 00:27:44.648,0.85424,0.85437
2013.03.25 00:27:45.645,0.85424,0.85437
2013.03.25 00:27:52.398,0.85422,0.85436
2013.03.25 00:27:52.940,0.85424,0.85436
2013.03.25 00:27:53.489,0.85424,0.85437
2013.03.25 00:27:53.618,0.85425,0.85437
2013.03.25 00:27:55.961,0.85426,0.85439
2013.03.25 00:27:57.159,0.85426,0.85439
2013.03.25 00:27:57.229,0.85424,0.85439
2013.03.25 00:27:57.849,0.85424,0.85437
2013.03.25 00:28:02.380,0.85423,0.85435
2013.03.25 00:28:08.327,0.85424,0.85437
2013.03.25 00:28:09.830,0.85424,0.85437
2013.03.25 00:28:10.359,0.85424,0.85437
2013.03.25 00:28:17.759,0.85425,0.85437
2013.03.25 00:28:34.181,0.85425,0.85437
2013.03.25 00:28:35.294,0.85423,0.85435
2013.03.25 00:28:35.429,0.85421,0.85435
2013.03.25 00:28:35.739,0.85421,0.85432
2013.03.25 00:28:36.199,0.85419,0.85432
2013.03.25 00:28:36.749,0.85417,0.85431
2013.03.25 00:28:37.709,0.85418,0.85432
2013.03.25 00:28:38.379,0.85424,0.85436
2013.03.25 00:28:38.529,0.85425,0.85438
2013.03.25 00:28:38.730,0.85426,0.85439
2013.03.25 00:28:39.262,0.85426,0.85441
2013.03.25 00:28:46.638,0.85427,0.85441
2013.03.25 00:28:50.201,0.85427,0.85442
2013.03.25 00:28:50.270,0.85428,0.85442
2013.03.25 00:28:50.820,0.85428,0.85442
2013.03.25 00:28:51.380,0.85428,0.8544
2013.03.25 00:29:01.329,0.85429,0.85442
2013.03.25 00:29:01.580,0.8543,0.85442
2013.03.25 00:29:01.958,0.85432,0.85445
2013.03.25 00:29:02.661,0.85432,0.85446
2013.03.25 00:29:05.399,0.85433,0.85446
2013.03.25 00:29:05.961,0.85433,0.85448
2013.03.25 00:29:07.179,0.8543,0.85446
2013.03.25 00:29:07.729,0.8543,0.85445
2013.03.25 00:29:08.358,0.8543,0.85444
2013.03.25 00:29:11.180,0.85429,0.85445
2013.03.25 00:29:11.699,0.8543,0.85446
2013.03.25 00:29:11.880,0.85432,0.85446
2013.03.25 00:29:11.949,0.85432,0.85447
2013.03.25 00:29:12.190,0.85432,0.85447
2013.03.25 00:29:13.080,0.85435,0.85449
2013.03.25 00:29:13.470,0.85432,0.85446
2013.03.25 00:29:13.600,0.85432,0.85446
2013.03.25 00:29:17.890,0.85431,0.85446
2013.03.25 00:29:18.019,0.85431,0.85446
2013.03.25 00:29:18.470,0.85429,0.85445
2013.03.25 00:29:19.020,0.8543,0.85445
2013.03.25 00:29:21.790,0.85431,0.85445
2013.03.25 00:29:22.302,0.85431,0.85443
2013.03.25 00:29:22.813,0.85431,0.85441
2013.03.25 00:29:23.340,0.8543,0.85441
2013.03.25 00:29:24.369,0.8543,0.85441
2013.03.25 00:29:24.919,0.8543,0.8544
2013.03.25 00:29:28.130,0.85424,0.8544
2013.03.25 00:29:28.199,0.85424,0.85435
2013.03.25 00:29:28.270,0.85424,0.85435
2013.03.25 00:29:28.819,0.85425,0.85434
2013.03.25 00:29:29.368,0.85424,0.85433
2013.03.25 00:29:30.569,0.85424,0.85433
2013.03.25 00:29:30.841,0.85422,0.85433
2013.03.25 00:29:32.352,0.85421,0.85431
2013.03.25 00:29:32.422,0.8542,0.85431
2013.03.25 00:29:32.849,0.85417,0.85428
2013.03.25 00:29:32.990,0.85417,0.85428
2013.03.25 00:29:33.240,0.85417,0.85428
2013.03.25 00:29:33.310,0.85417,0.85428
2013.03.25 00:29:33.381,0.85417,0.85431
2013.03.25 00:29:34.120,0.85417,0.85431
2013.03.25 00:29:34.449,0.85417,0.85431
2013.03.25 00:29:34.882,0.85417,0.8543
2013.03.25 00:29:38.078,0.85417,0.8543
2013.03.25 00:29:38.628,0.85418,0.85431
2013.03.25 00:29:40.044,0.8542,0.85432
2013.03.25 00:29:40.359,0.85421,0.85432
2013.03.25 00:29:40.909,0.85421,0.85432
2013.03.25 00:29:41.148,0.8542,0.85431
2013.03.25 00:29:42.110,0.85419,0.8543
2013.03.25 00:29:44.660,0.85421,0.8543
2013.03.25 00:29:45.218,0.85421,0.85432
2013.03.25 00:29:48.819,0.85421,0.85432
2013.03.25 00:29:51.180,0.85422,0.85432
2013.03.25 00:29:56.130,0.85421,0.85431
2013.03.25 00:29:56.200,0.85421,0.85433
2013.03.25 00:29:56.748,0.85423,0.85433
2013.03.25 00:29:57.260,0.85423,0.85432
2013.03.25 00:29:58.400,0.85422,0.85434
2013.03.25 00:29:58.648,0.85423,0.85432
2013.03.25 00:30:02.619,0.85425,0.85432
2013.03.25 00:30:03.169,0.85426,0.85433
2013.03.25 00:30:06.449,0.85425,0.85435
2013.03.25 00:30:06.930,0.85422,0.85434
2013.03.25 00:30:06.999,0.85422,0.85434
2013.03.25 00:30:08.409,0.8542,0.85433
2013.03.25 00:30:08.958,0.8542,0.85432
2013.03.25 00:30:15.802,0.8542,0.85432
2013.03.25 00:30:16.229,0.8542,0.8543
2013.03.25 00:30:16.668,0.8542,0.85433
2013.03.25 00:30:17.180,0.85423,0.85433
2013.03.25 00:30:18.071,0.85421,0.85433
2013.03.25 00:30:18.618,0.8542,0.85432
2013.03.25 00:30:20.011,0.8542,0.85432
2013.03.25 00:30:20.339,0.85423,0.85434
2013.03.25 00:30:20.863,0.85422,0.85434
2013.03.25 00:30:21.982,0.85422,0.85434
2013.03.25 00:30:22.459,0.85422,0.85431
2013.03.25 00:30:22.889,0.85422,0.85433
2013.03.25 00:30:23.430,0.85422,0.85433
2013.03.25 00:30:23.500,0.85421,0.85432
2013.03.25 00:30:23.751,0.85421,0.8543
2013.03.25 00:30:25.949,0.85419,0.8543
2013.03.25 00:30:31.130,0.8542,0.8543
2013.03.25 00:30:31.259,0.85422,0.85431
2013.03.25 00:30:31.819,0.85422,0.85433
2013.03.25 00:30:36.268,0.85423,0.85433
2013.03.25 00:30:36.828,0.85422,0.85433
2013.03.25 00:30:37.341,0.85422,0.85433
2013.03.25 00:30:38.530,0.85422,0.85433
2013.03.25 00:30:38.600,0.85422,0.85434
2013.03.25 00:30:41.378,0.85424,0.85434
2013.03.25 00:30:41.624,0.85425,0.85436
2013.03.25 00:30:41.701,0.85425,0.85438
2013.03.25 00:30:41.903,0.85427,0.85437
2013.03.25 00:30:41.969,0.85427,0.85436
2013.03.25 00:30:42.039,0.85424,0.85435
2013.03.25 00:30:42.164,0.85423,0.85435
2013.03.25 00:30:43.588,0.85422,0.85434
2013.03.25 00:30:50.926,0.85422,0.85434
2013.03.25 00:30:51.352,0.85422,0.85434
2013.03.25 00:30:51.420,0.85422,0.85434
2013.03.25 00:30:51.920,0.8542,0.8543
2013.03.25 00:30:52.479,0.8542,0.85432
2013.03.25 00:30:56.007,0.8542,0.8543
2013.03.25 00:30:57.192,0.85418,0.85428
2013.03.25 00:30:57.324,0.85418,0.85428
2013.03.25 00:30:57.629,0.85418,0.85423
2013.03.25 00:30:57.688,0.85414,0.85423
2013.03.25 00:30:58.199,0.85414,0.85423
2013.03.25 00:30:59.839,0.85414,0.85424
2013.03.25 00:31:02.129,0.85413,0.85425
2013.03.25 00:31:04.476,0.85413,0.85427
2013.03.25 00:31:04.735,0.85416,0.85428
2013.03.25 00:31:05.289,0.85417,0.85431
2013.03.25 00:31:05.419,0.8542,0.85431
2013.03.25 00:31:05.608,0.8542,0.85431
2013.03.25 00:31:05.969,0.8542,0.85431
2013.03.25 00:31:07.517,0.85418,0.8543
2013.03.25 00:31:07.659,0.85418,0.8543
2013.03.25 00:31:08.948,0.85415,0.85427
2013.03.25 00:31:10.001,0.85414,0.85427
2013.03.25 00:31:11.820,0.85414,0.85424
2013.03.25 00:31:17.720,0.85414,0.85425
2013.03.25 00:31:18.257,0.85415,0.85425
2013.03.25 00:31:19.619,0.85417,0.85425
2013.03.25 00:31:19.978,0.85418,0.85427
2013.03.25 00:31:20.436,0.85418,0.8543
2013.03.25 00:31:21.848,0.85418,0.8543
2013.03.25 00:31:24.758,0.85421,0.8543
2013.03.25 00:31:26.310,0.85419,0.8543
2013.03.25 00:31:27.090,0.8542,0.85429
2013.03.25 00:31:28.411,0.8542,0.8543
2013.03.25 00:31:28.939,0.8542,0.8543
2013.03.25 00:31:29.008,0.8542,0.8543
2013.03.25 00:31:29.359,0.8542,0.8543
2013.03.25 00:31:36.152,0.85421,0.8543
2013.03.25 00:31:36.600,0.85422,0.85433
2013.03.25 00:31:44.919,0.8542,0.85432
2013.03.25 00:31:46.869,0.8542,0.8543
2013.03.25 00:31:48.588,0.85421,0.8543
2013.03.25 00:31:52.098,0.85421,0.85428
2013.03.25 00:31:52.160,0.85417,0.85428
2013.03.25 00:31:52.359,0.85417,0.85428
2013.03.25 00:31:52.421,0.85417,0.85428
2013.03.25 00:31:52.979,0.8542,0.8543
2013.03.25 00:31:54.031,0.85418,0.85428
2013.03.25 00:31:54.540,0.85417,0.85427
2013.03.25 00:31:54.790,0.85417,0.85427
2013.03.25 00:31:54.981,0.85418,0.8543
2013.03.25 00:31:55.602,0.85417,0.85429
2013.03.25 00:31:57.860,0.85416,0.85429
2013.03.25 00:32:06.918,0.85417,0.85429
2013.03.25 00:32:07.384,0.85418,0.85431
2013.03.25 00:32:07.450,0.85419,0.85431
2013.03.25 00:32:08.179,0.85422,0.85432
2013.03.25 00:32:11.788,0.85422,0.85431
2013.03.25 00:32:13.479,0.85422,0.85431
2013.03.25 00:32:14.182,0.85423,0.85434
2013.03.25 00:32:14.571,0.85424,0.85437
2013.03.25 00:32:15.100,0.85427,0.85438
2013.03.25 00:32:18.310,0.85427,0.85438
2013.03.25 00:32:18.512,0.85429,0.85441
2013.03.25 00:32:18.641,0.8543,0.85443
2013.03.25 00:32:18.710,0.8543,0.85444
2013.03.25 00:32:18.971,0.85431,0.85443
2013.03.25 00:32:19.162,0.85433,0.85443
2013.03.25 00:32:19.690,0.85433,0.85443
2013.03.25 00:32:20.051,0.85433,0.85443
2013.03.25 00:32:20.424,0.85429,0.85443
2013.03.25 00:32:20.730,0.85427,0.8544
2013.03.25 00:32:21.299,0.85427,0.8544
2013.03.25 00:32:21.419,0.85427,0.8544
2013.03.25 00:32:22.891,0.85427,0.8544
2013.03.25 00:32:22.973,0.85429,0.85441
2013.03.25 00:32:23.680,0.85431,0.8544
2013.03.25 00:32:24.700,0.85431,0.8544
2013.03.25 00:32:25.229,0.85431,0.85442
2013.03.25 00:32:25.780,0.85431,0.85442
2013.03.25 00:32:29.650,0.8543,0.85441
2013.03.25 00:32:46.570,0.85429,0.85442
2013.03.25 00:32:47.999,0.85429,0.85442
2013.03.25 00:32:49.040,0.85429,0.85442
2013.03.25 00:32:51.515,0.8543,0.85441
2013.03.25 00:32:52.030,0.85432,0.85441
2013.03.25 00:32:54.072,0.85432,0.85442
2013.03.25 00:32:54.632,0.85434,0.85442
2013.03.25 00:32:54.939,0.85434,0.85442
2013.03.25 00:32:58.070,0.85433,0.85442
2013.03.25 00:32:58.199,0.85433,0.85442
2013.03.25 00:33:04.705,0.8543,0.85441
2013.03.25 00:33:04.830,0.85431,0.85441
2013.03.25 00:33:05.379,0.85432,0.85442
2013.03.25 00:33:09.802,0.85433,0.85443
2013.03.25 00:33:17.571,0.85432,0.85443
2013.03.25 00:33:19.081,0.85432,0.85443
2013.03.25 00:33:19.165,0.85432,0.85443
2013.03.25 00:33:20.565,0.85432,0.85443
2013.03.25 00:33:21.470,0.85433,0.85444
2013.03.25 00:33:22.441,0.85435,0.85444
2013.03.25 00:33:23.008,0.85433,0.85443
2013.03.25 00:33:24.652,0.85432,0.85443
2013.03.25 00:33:28.839,0.85432,0.85443
2013.03.25 00:33:29.140,0.8543,0.85443
2013.03.25 00:33:29.450,0.85431,0.85442
2013.03.25 00:33:30.173,0.85428,0.85439
2013.03.25 00:33:30.244,0.85428,0.85439
2013.03.25 00:33:30.372,0.85428,0.85439
2013.03.25 00:33:30.693,0.85428,0.85437
2013.03.25 00:33:31.060,0.85428,0.85436
2013.03.25 00:33:31.251,0.85426,0.85436
2013.03.25 00:33:31.763,0.85428,0.85437
2013.03.25 00:33:34.162,0.85429,0.85437
2013.03.25 00:33:34.232,0.85429,0.8544
2013.03.25 00:33:34.431,0.85429,0.85439
2013.03.25 00:33:34.742,0.85428,0.85438
2013.03.25 00:33:34.990,0.85424,0.85438
2013.03.25 00:33:35.540,0.85425,0.85438
2013.03.25 00:33:35.671,0.85424,0.85438
2013.03.25 00:33:37.740,0.85424,0.85438
2013.03.25 00:33:40.600,0.85424,0.85438
2013.03.25 00:33:41.680,0.85424,0.85438
2013.03.25 00:33:42.730,0.85425,0.85438
2013.03.25 00:33:44.481,0.85425,0.85437
2013.03.25 00:33:45.010,0.85424,0.85437
2013.03.25 00:33:47.770,0.85424,0.85438
2013.03.25 00:33:48.271,0.85425,0.85439
2013.03.25 00:33:48.341,0.85424,0.85439
2013.03.25 00:33:58.140,0.85424,0.85439
2013.03.25 00:33:58.749,0.85424,0.85439
2013.03.25 00:34:02.949,0.85425,0.85439
2013.03.25 00:34:03.459,0.85424,0.85438
2013.03.25 00:34:06.699,0.85424,0.85438
2013.03.25 00:34:06.900,0.85425,0.85438
2013.03.25 00:34:07.449,0.85424,0.85438
2013.03.25 00:34:11.849,0.85425,0.85438
2013.03.25 00:34:12.149,0.85424,0.85438
2013.03.25 00:34:13.452,0.85428,0.85438
2013.03.25 00:34:13.580,0.85428,0.85438
2013.03.25 00:34:14.089,0.85428,0.85439
2013.03.25 00:34:14.879,0.85431,0.85439
2013.03.25 00:34:18.700,0.85431,0.85437
2013.03.25 00:34:26.219,0.85431,0.85441
2013.03.25 00:34:26.485,0.85431,0.85442
2013.03.25 00:34:26.624,0.85436,0.85444
2013.03.25 00:34:27.310,0.85434,0.85445
2013.03.25 00:34:29.270,0.85433,0.85444
2013.03.25 00:34:29.470,0.85432,0.85443
2013.03.25 00:34:30.033,0.8543,0.85443
2013.03.25 00:34:30.589,0.8543,0.85441
2013.03.25 00:34:30.959,0.85429,0.85441
2013.03.25 00:34:31.498,0.85429,0.8544
2013.03.25 00:34:32.370,0.85428,0.85439
2013.03.25 00:34:33.112,0.85428,0.85439
2013.03.25 00:34:33.629,0.85428,0.85439
2013.03.25 00:34:34.459,0.85427,0.85438
2013.03.25 00:34:34.969,0.85427,0.85438
2013.03.25 00:34:37.160,0.85427,0.85439
2013.03.25 00:34:37.811,0.85427,0.85439
2013.03.25 00:34:38.600,0.85427,0.85439
2013.03.25 00:34:39.209,0.85425,0.85439
2013.03.25 00:34:39.391,0.85423,0.85437
2013.03.25 00:34:39.594,0.85423,0.85435
2013.03.25 00:34:39.665,0.85423,0.85434
2013.03.25 00:34:40.373,0.85421,0.85434
2013.03.25 00:34:40.458,0.85422,0.85432
2013.03.25 00:34:40.959,0.85423,0.85434
2013.03.25 00:34:41.022,0.85423,0.85435
2013.03.25 00:34:41.152,0.85425,0.85434
2013.03.25 00:34:41.219,0.85425,0.85437
2013.03.25 00:34:41.542,0.85425,0.85436
2013.03.25 00:34:41.740,0.85428,0.85441
2013.03.25 00:34:41.931,0.85431,0.85443
2013.03.25 00:34:42.120,0.85432,0.85445
2013.03.25 00:34:42.670,0.85433,0.85445
2013.03.25 00:34:42.980,0.85435,0.85445
2013.03.25 00:34:43.769,0.85436,0.85445
2013.03.25 00:34:44.309,0.85436,0.85449
2013.03.25 00:35:00.517,0.85435,0.85449
2013.03.25 00:35:03.170,0.85435,0.85449
2013.03.25 00:35:07.259,0.85434,0.85449
2013.03.25 00:35:08.969,0.85435,0.8545
2013.03.25 00:35:09.470,0.85439,0.8545
2013.03.25 00:35:10.450,0.85441,0.85452
2013.03.25 00:35:10.519,0.85441,0.85452
2013.03.25 00:35:11.873,0.8544,0.85452
2013.03.25 00:35:11.941,0.8544,0.85454
2013.03.25 00:35:16.725,0.85445,0.85455
2013.03.25 00:35:16.910,0.85446,0.85455
2013.03.25 00:35:17.478,0.85447,0.85457
2013.03.25 00:35:22.661,0.85448,0.85457
2013.03.25 00:35:23.270,0.85447,0.85457
2013.03.25 00:35:24.081,0.85446,0.85457
2013.03.25 00:35:29.699,0.85446,0.85457
2013.03.25 00:35:30.238,0.85445,0.85457
2013.03.25 00:35:35.619,0.85445,0.85457
2013.03.25 00:35:45.269,0.85447,0.85457
2013.03.25 00:35:45.929,0.85447,0.85458
2013.03.25 00:35:46.881,0.85444,0.85456
2013.03.25 00:35:47.189,0.85445,0.85457
2013.03.25 00:35:47.561,0.85444,0.85456
2013.03.25 00:35:47.691,0.85441,0.85455
2013.03.25 00:35:48.250,0.85442,0.85456
2013.03.25 00:35:48.499,0.85442,0.85455
2013.03.25 00:35:48.861,0.85439,0.85454
2013.03.25 00:35:48.990,0.85439,0.85453
2013.03.25 00:35:49.241,0.85442,0.85456
2013.03.25 00:35:49.371,0.85442,0.85456
2013.03.25 00:35:49.740,0.85442,0.85455
2013.03.25 00:35:49.953,0.85442,0.85457
2013.03.25 00:35:51.760,0.85442,0.85456
2013.03.25 00:35:51.832,0.85443,0.85456
2013.03.25 00:35:52.379,0.8544,0.85456
2013.03.25 00:35:53.149,0.85442,0.85456
2013.03.25 00:35:54.929,0.85442,0.85453
2013.03.25 00:35:55.959,0.85438,0.85452
2013.03.25 00:36:03.399,0.85439,0.85453
2013.03.25 00:36:03.529,0.85439,0.85454
2013.03.25 00:36:04.401,0.85439,0.85453
2013.03.25 00:36:05.320,0.85439,0.85454
2013.03.25 00:36:05.870,0.85443,0.85454
2013.03.25 00:36:08.159,0.85442,0.85453
2013.03.25 00:36:08.279,0.85442,0.85453
2013.03.25 00:36:11.130,0.85441,0.85453
2013.03.25 00:36:11.691,0.85441,0.85453
2013.03.25 00:36:12.209,0.85437,0.85451
2013.03.25 00:36:12.599,0.85437,0.85453
2013.03.25 00:36:17.759,0.8544,0.85451
2013.03.25 00:36:17.962,0.85438,0.85451
2013.03.25 00:36:18.090,0.85438,0.85451
2013.03.25 00:36:18.461,0.85437,0.8545
2013.03.25 00:36:18.830,0.85436,0.85449
2013.03.25 00:36:19.380,0.85435,0.85448
2013.03.25 00:36:20.170,0.85435,0.85449
2013.03.25 00:36:20.540,0.85435,0.85449
2013.03.25 00:36:40.450,0.85433,0.85447
2013.03.25 00:36:40.960,0.85433,0.85447
2013.03.25 00:36:44.109,0.8543,0.85448
2013.03.25 00:36:44.632,0.8543,0.85447
2013.03.25 00:36:45.279,0.8543,0.85447
2013.03.25 00:36:47.181,0.85431,0.85448
2013.03.25 00:36:48.930,0.8543,0.85447
2013.03.25 00:36:49.432,0.85431,0.85447
2013.03.25 00:36:49.810,0.85431,0.85447
2013.03.25 00:36:50.062,0.85432,0.85447
2013.03.25 00:36:50.572,0.85432,0.85448
2013.03.25 00:36:51.010,0.8543,0.85443
2013.03.25 00:36:51.080,0.8543,0.85443
2013.03.25 00:36:51.141,0.85431,0.85443
2013.03.25 00:36:51.537,0.85431,0.85443
2013.03.25 00:36:51.602,0.85431,0.85443
2013.03.25 00:36:52.436,0.85432,0.85443
2013.03.25 00:36:52.502,0.85433,0.85443
2013.03.25 00:36:53.441,0.85431,0.85443
2013.03.25 00:36:53.891,0.8543,0.85441
2013.03.25 00:36:53.961,0.8543,0.85443
2013.03.25 00:36:54.271,0.8543,0.8544
2013.03.25 00:36:54.580,0.85429,0.8544
2013.03.25 00:36:54.774,0.8543,0.85444
2013.03.25 00:36:55.023,0.85433,0.85446
2013.03.25 00:36:55.530,0.85435,0.85446
2013.03.25 00:36:57.001,0.85435,0.85448
2013.03.25 00:36:58.691,0.85436,0.85448
2013.03.25 00:36:59.070,0.85436,0.85447
2013.03.25 00:36:59.272,0.8543,0.85445
2013.03.25 00:36:59.780,0.85429,0.85445
2013.03.25 00:37:00.322,0.85432,0.85444
2013.03.25 00:37:00.513,0.85432,0.85445
2013.03.25 00:37:00.721,0.85432,0.85447
2013.03.25 00:37:00.850,0.85432,0.85447
2013.03.25 00:37:01.609,0.85432,0.85447
2013.03.25 00:37:02.001,0.85432,0.8545
2013.03.25 00:37:02.559,0.85434,0.8545
2013.03.25 00:37:03.810,0.85434,0.8545
2013.03.25 00:37:03.882,0.85438,0.85451
2013.03.25 00:37:04.717,0.85441,0.85451
2013.03.25 00:37:04.799,0.85445,0.85457
2013.03.25 00:37:05.002,0.85444,0.85457
2013.03.25 00:37:08.181,0.85448,0.85457
2013.03.25 00:37:08.743,0.85446,0.85457
2013.03.25 00:37:09.372,0.85444,0.85455
2013.03.25 00:37:09.878,0.85444,0.85455
2013.03.25 00:37:11.100,0.85444,0.85455
2013.03.25 00:37:12.240,0.85445,0.85454
2013.03.25 00:37:12.912,0.85445,0.85454
2013.03.25 00:37:13.055,0.85442,0.85454
2013.03.25 00:37:13.252,0.8544,0.85451
2013.03.25 00:37:13.979,0.85438,0.85451
2013.03.25 00:37:14.617,0.85434,0.85445
2013.03.25 00:37:14.891,0.85437,0.85449
2013.03.25 00:37:15.571,0.85437,0.8545
2013.03.25 00:37:19.211,0.85439,0.85449
2013.03.25 00:37:23.391,0.85438,0.85449
2013.03.25 00:37:23.950,0.85434,0.85448
2013.03.25 00:37:28.041,0.85433,0.85448
2013.03.25 00:37:29.930,0.85433,0.85448
2013.03.25 00:37:30.061,0.85431,0.85447
2013.03.25 00:37:30.252,0.85432,0.85446
2013.03.25 00:37:30.560,0.85431,0.85444
2013.03.25 00:37:31.121,0.85433,0.85446
2013.03.25 00:37:31.689,0.85434,0.85446
2013.03.25 00:37:31.880,0.85433,0.85446
2013.03.25 00:37:32.429,0.85433,0.85444
2013.03.25 00:37:34.599,0.85433,0.85443
2013.03.25 00:37:37.132,0.85431,0.8544
2013.03.25 00:37:37.380,0.85428,0.8544
2013.03.25 00:37:37.451,0.85428,0.8544
2013.03.25 00:37:37.942,0.85431,0.8544
2013.03.25 00:37:38.264,0.85431,0.85444
2013.03.25 00:37:43.860,0.85434,0.85445
2013.03.25 00:37:53.550,0.85432,0.85443
2013.03.25 00:38:04.521,0.85431,0.85443
2013.03.25 00:38:06.209,0.85431,0.85443
2013.03.25 00:38:10.581,0.85431,0.85444
2013.03.25 00:38:15.701,0.85433,0.85444
2013.03.25 00:38:23.312,0.85432,0.85443
2013.03.25 00:38:24.173,0.85432,0.85443
2013.03.25 00:38:25.295,0.85432,0.85446
2013.03.25 00:38:28.513,0.85432,0.85445
2013.03.25 00:38:28.952,0.85436,0.85448
2013.03.25 00:38:29.020,0.85436,0.85449
2013.03.25 00:38:29.211,0.85439,0.8545
2013.03.25 00:38:29.720,0.85439,0.85453
2013.03.25 00:38:29.862,0.85439,0.85453
2013.03.25 00:38:30.390,0.85442,0.85454
2013.03.25 00:38:30.511,0.85442,0.85454
2013.03.25 00:38:31.250,0.85442,0.85455
2013.03.25 00:38:32.150,0.85442,0.85455
2013.03.25 00:38:32.280,0.85442,0.85455
2013.03.25 00:38:32.789,0.85439,0.85453
2013.03.25 00:38:33.091,0.85444,0.85453
2013.03.25 00:38:33.281,0.85444,0.85457
2013.03.25 00:38:33.832,0.85447,0.85457
2013.03.25 00:38:34.909,0.85447,0.85457
2013.03.25 00:38:37.527,0.85446,0.85457
2013.03.25 00:38:47.323,0.85442,0.85454
2013.03.25 00:38:47.839,0.85446,0.85454
2013.03.25 00:38:48.199,0.85446,0.85457
2013.03.25 00:38:48.379,0.85446,0.85457
2013.03.25 00:38:48.752,0.85446,0.85457
2013.03.25 00:38:49.189,0.85451,0.85461
2013.03.25 00:38:50.649,0.85452,0.85461
2013.03.25 00:38:51.439,0.85451,0.85461
2013.03.25 00:38:53.442,0.85451,0.8546
2013.03.25 00:38:53.513,0.85451,0.8546
2013.03.25 00:38:54.080,0.8545,0.85462
2013.03.25 00:38:54.623,0.8545,0.85462
2013.03.25 00:38:55.169,0.85451,0.85462
2013.03.25 00:38:56.280,0.85452,0.85462
2013.03.25 00:38:56.409,0.85451,0.85462
2013.03.25 00:38:56.590,0.85451,0.85462
2013.03.25 00:38:57.830,0.85451,0.85461
2013.03.25 00:38:58.382,0.85451,0.85461
2013.03.25 00:39:01.488,0.85451,0.85462
2013.03.25 00:39:02.641,0.85451,0.85462
2013.03.25 00:39:06.510,0.85451,0.85461
2013.03.25 00:39:07.510,0.85448,0.85461
2013.03.25 00:39:07.881,0.8545,0.85461
2013.03.25 00:39:08.311,0.8545,0.8546
2013.03.25 00:39:08.870,0.85451,0.8546
2013.03.25 00:39:09.683,0.8545,0.8546
2013.03.25 00:39:09.930,0.8545,0.8546
2013.03.25 00:39:10.436,0.8545,0.85459
2013.03.25 00:39:13.580,0.8545,0.8546
2013.03.25 00:39:14.131,0.85451,0.8546
2013.03.25 00:39:14.959,0.85451,0.8546
2013.03.25 00:39:16.369,0.85451,0.8546
2013.03.25 00:39:16.800,0.8545,0.8546
2013.03.25 00:39:20.529,0.85449,0.85459
2013.03.25 00:39:22.522,0.85449,0.8546
2013.03.25 00:39:22.651,0.85449,0.8546
2013.03.25 00:39:22.960,0.85451,0.85457
2013.03.25 00:39:23.272,0.85451,0.8546
2013.03.25 00:39:29.821,0.8545,0.85461
2013.03.25 00:39:29.891,0.8545,0.8546
2013.03.25 00:39:30.325,0.85447,0.8546
2013.03.25 00:39:30.870,0.85447,0.85459
2013.03.25 00:39:31.650,0.85447,0.85458
2013.03.25 00:39:37.869,0.85444,0.85455
2013.03.25 00:39:38.230,0.85445,0.85455
2013.03.25 00:39:55.290,0.85446,0.85454
2013.03.25 00:39:55.542,0.85444,0.85455
2013.03.25 00:40:00.131,0.85443,0.85455
2013.03.25 00:40:00.679,0.85445,0.85455
2013.03.25 00:40:02.175,0.85444,0.85455
2013.03.25 00:40:02.489,0.85444,0.85456
2013.03.25 00:40:03.178,0.85445,0.85457
2013.03.25 00:40:04.461,0.8545,0.85457
2013.03.25 00:40:05.831,0.85448,0.85457
2013.03.25 00:40:06.260,0.8545,0.8546
2013.03.25 00:40:06.921,0.85447,0.85459
2013.03.25 00:40:07.112,0.85446,0.85459
2013.03.25 00:40:07.492,0.85445,0.85457
2013.03.25 00:40:08.041,0.85446,0.85455
2013.03.25 00:40:12.529,0.85445,0.85456
2013.03.25 00:40:16.412,0.85445,0.85457
2013.03.25 00:40:16.542,0.85445,0.85457
2013.03.25 00:40:17.099,0.85445,0.85456
2013.03.25 00:40:23.149,0.85448,0.85456
2013.03.25 00:40:23.450,0.85448,0.85458
2013.03.25 00:40:23.651,0.85449,0.85459
2013.03.25 00:40:23.721,0.8545,0.85461
2013.03.25 00:40:24.040,0.85449,0.85461
2013.03.25 00:40:24.112,0.85451,0.85461
2013.03.25 00:40:24.360,0.85451,0.85461
2013.03.25 00:40:24.894,0.8545,0.8546
2013.03.25 00:40:25.102,0.8545,0.85461
2013.03.25 00:40:25.751,0.8545,0.8546
2013.03.25 00:40:27.708,0.85449,0.85459
2013.03.25 00:40:28.258,0.85449,0.85459
2013.03.25 00:40:29.152,0.85448,0.85459
2013.03.25 00:40:29.280,0.85444,0.85458
2013.03.25 00:40:29.459,0.85444,0.85458
2013.03.25 00:40:29.971,0.85441,0.85456
2013.03.25 00:40:30.539,0.85441,0.85456
2013.03.25 00:40:31.890,0.8544,0.85456
2013.03.25 00:40:32.441,0.85442,0.85454
2013.03.25 00:40:33.572,0.85442,0.85455
2013.03.25 00:40:33.761,0.85444,0.85457
2013.03.25 00:40:34.319,0.85444,0.85457
2013.03.25 00:40:34.559,0.85444,0.85457
2013.03.25 00:40:43.050,0.85443,0.85457
2013.03.25 00:40:43.250,0.85443,0.85458
2013.03.25 00:40:43.801,0.85443,0.85458
2013.03.25 00:40:44.820,0.85443,0.85457
2013.03.25 00:40:45.340,0.85444,0.85456
2013.03.25 00:40:45.533,0.85439,0.85453
2013.03.25 00:40:45.982,0.85438,0.85452
2013.03.25 00:40:46.291,0.85438,0.8545
2013.03.25 00:40:46.422,0.85438,0.8545
2013.03.25 00:40:46.493,0.85438,0.8545
2013.03.25 00:40:46.623,0.85435,0.85449
2013.03.25 00:40:46.753,0.85433,0.85448
2013.03.25 00:40:47.061,0.85433,0.85447
2013.03.25 00:40:47.610,0.85434,0.85445
2013.03.25 00:40:48.129,0.85434,0.85445
2013.03.25 00:40:48.911,0.85435,0.85448
2013.03.25 00:40:49.470,0.85435,0.85448
2013.03.25 00:40:51.181,0.85435,0.85447
2013.03.25 00:40:51.430,0.85435,0.85448
2013.03.25 00:40:51.669,0.85435,0.85448
2013.03.25 00:40:51.970,0.85435,0.85449
2013.03.25 00:40:52.151,0.85436,0.85448
2013.03.25 00:40:52.460,0.85436,0.85448
2013.03.25 00:40:52.591,0.85436,0.85451
2013.03.25 00:40:52.962,0.8544,0.85453
2013.03.25 00:40:53.212,0.8544,0.85453
2013.03.25 00:40:53.280,0.85442,0.85453
2013.03.25 00:40:53.902,0.85438,0.85453
2013.03.25 00:40:54.521,0.85438,0.85453
2013.03.25 00:40:58.201,0.85441,0.85452
2013.03.25 00:40:58.273,0.85441,0.85455
2013.03.25 00:40:58.402,0.85443,0.85455
2013.03.25 00:40:58.710,0.85445,0.85455
2013.03.25 00:40:59.020,0.85448,0.85458
2013.03.25 00:40:59.460,0.85449,0.85458
2013.03.25 00:41:00.000,0.85449,0.8546
2013.03.25 00:41:01.010,0.85449,0.85463
2013.03.25 00:41:02.890,0.85449,0.85463
2013.03.25 00:41:05.021,0.85449,0.85463
2013.03.25 00:41:05.570,0.8545,0.85463
2013.03.25 00:41:06.319,0.8545,0.85463
2013.03.25 00:41:06.400,0.85446,0.85462
2013.03.25 00:41:06.609,0.85446,0.8546
2013.03.25 00:41:07.040,0.85446,0.8546
2013.03.25 00:41:07.550,0.85446,0.8546
2013.03.25 00:41:07.743,0.85446,0.85461
2013.03.25 00:41:08.132,0.85449,0.85463
2013.03.25 00:41:08.561,0.85446,0.85462
2013.03.25 00:41:08.692,0.85445,0.85459
2013.03.25 00:41:08.760,0.85445,0.85459
2013.03.25 00:41:08.879,0.85445,0.85459
2013.03.25 00:41:09.299,0.85445,0.85459
2013.03.25 00:41:09.961,0.85445,0.85459
2013.03.25 00:41:11.840,0.85447,0.85459
2013.03.25 00:41:16.211,0.85448,0.8546
2013.03.25 00:41:16.769,0.85449,0.8546
2013.03.25 00:41:19.784,0.8545,0.8546
2013.03.25 00:41:20.890,0.85448,0.85459
2013.03.25 00:41:30.042,0.85449,0.85459
2013.03.25 00:41:30.480,0.85447,0.85459
2013.03.25 00:41:30.542,0.85448,0.85459
2013.03.25 00:41:31.572,0.85449,0.8546
2013.03.25 00:41:32.319,0.85452,0.8546
2013.03.25 00:41:32.405,0.85451,0.85464
2013.03.25 00:41:32.953,0.85453,0.85464
2013.03.25 00:41:43.900,0.85452,0.85462
2013.03.25 00:41:43.970,0.85452,0.85461
2013.03.25 00:41:46.717,0.85451,0.85461
2013.03.25 00:41:46.796,0.85448,0.85461
2013.03.25 00:41:46.922,0.85449,0.85461
2013.03.25 00:42:04.973,0.85451,0.8546
2013.03.25 00:42:06.000,0.85451,0.8546
2013.03.25 00:42:09.600,0.85447,0.85459
2013.03.25 00:42:09.673,0.85447,0.85458
2013.03.25 00:42:10.220,0.85447,0.85457
2013.03.25 00:42:14.379,0.85447,0.85457
2013.03.25 00:42:15.412,0.85446,0.85457
2013.03.25 00:42:15.661,0.85447,0.85457
2013.03.25 00:42:15.746,0.85447,0.85461
2013.03.25 00:42:15.813,0.8545,0.85462
2013.03.25 00:42:16.013,0.8545,0.85464
2013.03.25 00:42:16.333,0.85449,0.85464
2013.03.25 00:42:16.520,0.8545,0.85463
2013.03.25 00:42:17.080,0.85451,0.85463
2013.03.25 00:42:19.082,0.85451,0.85464
2013.03.25 00:42:19.819,0.85452,0.85464
2013.03.25 00:42:20.060,0.85452,0.85464
2013.03.25 00:42:20.180,0.85452,0.85464
2013.03.25 00:42:20.694,0.85452,0.85464
2013.03.25 00:42:24.790,0.8545,0.85464
2013.03.25 00:42:26.393,0.85451,0.85464
2013.03.25 00:42:30.312,0.85451,0.85464
2013.03.25 00:42:30.499,0.85451,0.85464
2013.03.25 00:42:30.764,0.85447,0.85463
2013.03.25 00:42:30.951,0.85448,0.85464
2013.03.25 00:42:32.109,0.85448,0.85462
2013.03.25 00:42:34.412,0.85448,0.85462
2013.03.25 00:42:34.971,0.85448,0.85463
2013.03.25 00:42:35.700,0.8545,0.85463
2013.03.25 00:42:44.149,0.85448,0.85461
2013.03.25 00:42:44.631,0.85445,0.85458
2013.03.25 00:42:44.700,0.85444,0.85457
2013.03.25 00:42:45.062,0.85442,0.85456
2013.03.25 00:42:52.729,0.85443,0.85457
2013.03.25 00:42:54.490,0.85443,0.85456
2013.03.25 00:42:58.974,0.85444,0.85455
2013.03.25 00:43:01.271,0.8544,0.85454
2013.03.25 00:43:01.831,0.85442,0.85457
2013.03.25 00:43:02.380,0.85444,0.85457
2013.03.25 00:43:05.942,0.85441,0.85455
2013.03.25 00:43:06.012,0.85441,0.85455
2013.03.25 00:43:06.442,0.85439,0.85454
2013.03.25 00:43:06.750,0.8544,0.85453
2013.03.25 00:43:13.272,0.8544,0.85452
2013.03.25 00:43:13.652,0.85441,0.85453
2013.03.25 00:43:13.722,0.85442,0.85456
2013.03.25 00:43:13.913,0.8544,0.85456
2013.03.25 00:43:14.230,0.8544,0.85456
2013.03.25 00:43:14.470,0.85442,0.85455
2013.03.25 00:43:15.083,0.85442,0.85455
2013.03.25 00:43:17.721,0.85442,0.85455
2013.03.25 00:43:23.251,0.85442,0.85454
2013.03.25 00:43:26.403,0.85441,0.85454
2013.03.25 00:43:32.930,0.85442,0.85454
2013.03.25 00:43:33.480,0.85441,0.85455
2013.03.25 00:43:33.911,0.85443,0.85454
2013.03.25 00:43:34.441,0.85445,0.85455
2013.03.25 00:43:36.312,0.85442,0.85455
2013.03.25 00:43:36.381,0.85444,0.85455
2013.03.25 00:43:36.691,0.85443,0.85455
2013.03.25 00:43:37.012,0.85444,0.85455
2013.03.25 00:43:37.081,0.85444,0.85455
2013.03.25 00:43:37.213,0.85447,0.85456
2013.03.25 00:43:37.720,0.85445,0.85458
2013.03.25 00:43:38.331,0.85449,0.85458
2013.03.25 00:43:38.821,0.85445,0.85458
2013.03.25 00:43:39.130,0.85441,0.85456
2013.03.25 00:43:39.671,0.85442,0.85455
2013.03.25 00:43:40.220,0.85444,0.85454
2013.03.25 00:43:40.762,0.85441,0.85455
2013.03.25 00:43:40.961,0.85441,0.85455
2013.03.25 00:43:41.510,0.85445,0.85455
2013.03.25 00:43:42.941,0.85444,0.85455
2013.03.25 00:43:43.310,0.85444,0.85455
2013.03.25 00:43:43.770,0.85447,0.85455
2013.03.25 00:43:46.922,0.85445,0.85458
2013.03.25 00:43:47.410,0.85447,0.85456
2013.03.25 00:43:48.025,0.85446,0.85456
2013.03.25 00:43:48.350,0.85445,0.85457
2013.03.25 00:43:49.011,0.85443,0.85456
2013.03.25 00:43:49.142,0.85441,0.85455
2013.03.25 00:43:49.711,0.85441,0.85454
2013.03.25 00:43:50.231,0.85441,0.85454
2013.03.25 00:43:50.483,0.85439,0.85454
2013.03.25 00:43:50.922,0.85439,0.85453
2013.03.25 00:43:51.351,0.85439,0.85454
2013.03.25 00:43:51.480,0.85439,0.85454
2013.03.25 00:43:51.990,0.85439,0.85454
2013.03.25 00:43:56.350,0.85441,0.85454
2013.03.25 00:43:57.260,0.85441,0.85455
2013.03.25 00:43:58.931,0.85442,0.85456
2013.03.25 00:43:59.062,0.85444,0.85456
2013.03.25 00:43:59.133,0.85444,0.85456
2013.03.25 00:43:59.261,0.85444,0.85456
2013.03.25 00:43:59.510,0.85446,0.85456
2013.03.25 00:44:01.941,0.85447,0.85458
2013.03.25 00:44:02.451,0.85447,0.85458
2013.03.25 00:44:02.701,0.85447,0.85458
2013.03.25 00:44:02.844,0.85447,0.85458
2013.03.25 00:44:03.580,0.85448,0.85458
2013.03.25 00:44:05.963,0.85447,0.85458
2013.03.25 00:44:06.471,0.85447,0.85458
2013.03.25 00:44:07.649,0.8545,0.85458
2013.03.25 00:44:08.010,0.85448,0.85458
2013.03.25 00:44:08.319,0.85445,0.85458
2013.03.25 00:44:08.499,0.85445,0.85458
2013.03.25 00:44:11.031,0.85443,0.85456
2013.03.25 00:44:11.220,0.85448,0.85457
2013.03.25 00:44:12.215,0.85446,0.85458
2013.03.25 00:44:12.771,0.85449,0.85458
2013.03.25 00:44:16.805,0.85451,0.85458
2013.03.25 00:44:16.876,0.85452,0.85458
2013.03.25 00:44:17.202,0.85452,0.85463
2013.03.25 00:44:17.404,0.85452,0.85463
2013.03.25 00:44:17.530,0.85452,0.85463
2013.03.25 00:44:18.072,0.85449,0.8546
2013.03.25 00:44:18.263,0.85451,0.85462
2013.03.25 00:44:19.850,0.85451,0.85462
2013.03.25 00:44:24.513,0.85451,0.85464
2013.03.25 00:44:24.711,0.85452,0.85464
