Time,Bid,Ask
2013.03.19 00:00:02.596,0.85739,0.85753
2013.03.19 00:00:08.628,0.85739,0.85753
2013.03.19 00:00:09.757,0.85739,0.85752
2013.03.19 00:00:10.267,0.85739,0.85752
2013.03.19 00:00:12.057,0.85736,0.85751
2013.03.19 00:00:12.358,0.85736,0.85751
2013.03.19 00:00:12.896,0.85735,0.85751
2013.03.19 00:00:18.897,0.85735,0.85749
2013.03.19 00:00:19.332,0.85738,0.85749
2013.03.19 00:00:19.399,0.85739,0.85752
2013.03.19 00:00:19.518,0.85739,0.85756
2013.03.19 00:00:19.936,0.8574,0.85754
2013.03.19 00:00:20.571,0.85739,0.85754
2013.03.19 00:00:21.056,0.85738,0.85756
2013.03.19 00:00:22.176,0.85739,0.85756
2013.03.19 00:00:22.918,0.85742,0.85756
2013.03.19 00:00:23.109,0.85743,0.85758
2013.03.19 00:00:23.660,0.85741,0.85758
2013.03.19 00:00:24.178,0.85743,0.85758
2013.03.19 00:00:24.717,0.85743,0.85758
2013.03.19 00:00:26.067,0.85741,0.85757
2013.03.19 00:00:29.508,0.85743,0.85756
2013.03.19 00:00:29.868,0.85743,0.85757
2013.03.19 00:00:30.707,0.85744,0.85757
2013.03.19 00:00:31.009,0.85744,0.85757
2013.03.19 00:00:31.317,0.85742,0.85757
2013.03.19 00:00:31.858,0.85743,0.85757
2013.03.19 00:00:33.119,0.85742,0.85756
2013.03.19 00:00:33.789,0.85743,0.85758
2013.03.19 00:00:33.917,0.85742,0.85758
2013.03.19 00:00:34.869,0.85743,0.85758
2013.03.19 00:00:36.227,0.85742,0.85756
2013.03.19 00:00:42.150,0.85741,0.85756
2013.03.19 00:00:42.786,0.85741,0.85756
2013.03.19 00:00:42.969,0.85741,0.85755
2013.03.19 00:00:43.839,0.85742,0.85755
2013.03.19 00:00:46.440,0.85745,0.85758
2013.03.19 00:00:46.988,0.85748,0.85759
2013.03.19 00:00:47.048,0.85748,0.8576
2013.03.19 00:00:47.469,0.85748,0.8576
2013.03.19 00:00:47.688,0.85748,0.8576
2013.03.19 00:00:48.445,0.85748,0.8576
2013.03.19 00:00:49.096,0.85748,0.8576
2013.03.19 00:00:49.171,0.85745,0.8576
2013.03.19 00:00:49.698,0.85745,0.8576
2013.03.19 00:00:51.319,0.85745,0.8576
2013.03.19 00:00:51.390,0.85745,0.8576
2013.03.19 00:00:51.765,0.85747,0.85761
2013.03.19 00:00:52.069,0.85749,0.85762
2013.03.19 00:00:54.012,0.8575,0.85762
2013.03.19 00:00:54.320,0.85752,0.85764
2013.03.19 00:00:54.509,0.85752,0.85764
2013.03.19 00:00:54.940,0.85751,0.85764
2013.03.19 00:00:55.071,0.85751,0.85764
2013.03.19 00:00:55.200,0.8575,0.85764
2013.03.19 00:00:56.599,0.8575,0.85762
2013.03.19 00:00:56.920,0.85751,0.85764
2013.03.19 00:00:57.121,0.85753,0.85766
2013.03.19 00:00:57.189,0.85755,0.85767
2013.03.19 00:00:57.260,0.85756,0.85767
2013.03.19 00:00:58.315,0.85757,0.8577
2013.03.19 00:00:58.683,0.85758,0.85772
2013.03.19 00:00:59.283,0.85758,0.85772
2013.03.19 00:01:01.913,0.85759,0.85772
2013.03.19 00:01:02.109,0.85759,0.85774
2013.03.19 00:01:02.310,0.85759,0.85771
2013.03.19 00:01:02.861,0.85757,0.85772
2013.03.19 00:01:06.069,0.85759,0.85773
2013.03.19 00:01:06.438,0.8576,0.85773
2013.03.19 00:01:06.918,0.8576,0.85773
2013.03.19 00:01:07.295,0.85761,0.85775
2013.03.19 00:01:08.680,0.85762,0.85777
2013.03.19 00:01:09.681,0.85761,0.85777
2013.03.19 00:01:10.040,0.85761,0.85776
2013.03.19 00:01:10.570,0.85759,0.85776
2013.03.19 00:01:19.948,0.85758,0.85772
2013.03.19 00:01:22.330,0.85758,0.8577
2013.03.19 00:01:29.499,0.85758,0.85772
2013.03.19 00:01:38.180,0.85758,0.85773
2013.03.19 00:01:38.859,0.85759,0.85773
2013.03.19 00:01:40.451,0.85759,0.85773
2013.03.19 00:01:43.769,0.8576,0.85773
2013.03.19 00:01:50.479,0.8576,0.85773
2013.03.19 00:01:51.087,0.8576,0.85773
2013.03.19 00:01:55.140,0.8576,0.85774
2013.03.19 00:01:57.780,0.8576,0.85775
2013.03.19 00:01:58.029,0.85762,0.85777
2013.03.19 00:01:58.099,0.85762,0.85776
2013.03.19 00:01:58.589,0.85766,0.85779
2013.03.19 00:02:06.258,0.85765,0.85779
2013.03.19 00:02:06.766,0.85764,0.85777
2013.03.19 00:02:09.171,0.85762,0.85777
2013.03.19 00:02:09.359,0.85761,0.85775
2013.03.19 00:02:09.908,0.85762,0.85777
2013.03.19 00:02:20.392,0.85761,0.85775
2013.03.19 00:02:31.708,0.85763,0.85778
2013.03.19 00:02:40.365,0.85763,0.85777
2013.03.19 00:02:57.289,0.85765,0.8578
2013.03.19 00:03:03.908,0.85766,0.85779
2013.03.19 00:03:15.359,0.85767,0.85779
2013.03.19 00:03:15.491,0.85768,0.85781
2013.03.19 00:03:15.808,0.85768,0.85781
2013.03.19 00:03:15.951,0.85768,0.85784
2013.03.19 00:03:16.499,0.85772,0.85786
2013.03.19 00:03:21.739,0.85771,0.85784
2013.03.19 00:03:23.019,0.85771,0.85786
2013.03.19 00:03:24.620,0.85771,0.85785
2013.03.19 00:03:25.528,0.85771,0.85785
2013.03.19 00:03:30.009,0.85771,0.85785
2013.03.19 00:03:39.693,0.85767,0.85782
2013.03.19 00:03:41.011,0.85766,0.85779
2013.03.19 00:03:42.758,0.85766,0.85779
2013.03.19 00:04:07.969,0.85765,0.8578
2013.03.19 00:04:17.531,0.85766,0.8578
2013.03.19 00:04:22.530,0.85766,0.8578
2013.03.19 00:04:22.838,0.85766,0.8578
2013.03.19 00:04:26.122,0.85766,0.8578
2013.03.19 00:04:34.520,0.85766,0.8578
2013.03.19 00:04:39.517,0.85768,0.85781
2013.03.19 00:04:43.903,0.85766,0.85779
2013.03.19 00:04:44.207,0.85766,0.85779
2013.03.19 00:04:44.449,0.85766,0.85779
2013.03.19 00:04:46.069,0.85766,0.85779
2013.03.19 00:04:46.858,0.85767,0.8578
2013.03.19 00:04:47.368,0.85765,0.8578
2013.03.19 00:04:47.514,0.85765,0.85779
2013.03.19 00:04:48.058,0.85764,0.85779
2013.03.19 00:04:48.719,0.85764,0.85779
2013.03.19 00:04:49.249,0.85766,0.8578
2013.03.19 00:04:49.319,0.85764,0.85779
2013.03.19 00:04:49.498,0.85764,0.85779
2013.03.19 00:04:49.620,0.85766,0.85779
2013.03.19 00:04:49.929,0.85764,0.85779
2013.03.19 00:04:50.718,0.85766,0.85779
2013.03.19 00:04:50.959,0.85765,0.8578
2013.03.19 00:04:51.508,0.85765,0.8578
2013.03.19 00:04:52.578,0.85765,0.8578
2013.03.19 00:04:55.648,0.85765,0.8578
2013.03.19 00:04:57.120,0.85765,0.85779
2013.03.19 00:04:58.758,0.85767,0.8578
2013.03.19 00:05:04.589,0.8577,0.8578
2013.03.19 00:05:04.950,0.8577,0.85783
2013.03.19 00:05:05.018,0.8577,0.85783
2013.03.19 00:05:05.149,0.85772,0.85783
2013.03.19 00:05:05.219,0.8577,0.85785
2013.03.19 00:05:05.349,0.85772,0.85785
2013.03.19 00:05:05.888,0.85773,0.85785
2013.03.19 00:05:07.391,0.85772,0.85783
2013.03.19 00:05:09.598,0.85774,0.85784
2013.03.19 00:05:11.854,0.85774,0.85784
2013.03.19 00:05:12.041,0.85774,0.85785
2013.03.19 00:05:12.409,0.85774,0.8579
2013.03.19 00:05:12.539,0.85776,0.85793
2013.03.19 00:05:12.610,0.85775,0.85793
2013.03.19 00:05:13.151,0.85779,0.85793
2013.03.19 00:05:18.549,0.85778,0.85792
2013.03.19 00:05:33.878,0.85778,0.85792
2013.03.19 00:05:37.329,0.85779,0.85794
2013.03.19 00:05:47.368,0.85778,0.85794
2013.03.19 00:05:47.789,0.85778,0.85794
2013.03.19 00:05:50.185,0.85779,0.85794
2013.03.19 00:05:53.239,0.85779,0.85794
2013.03.19 00:05:59.678,0.85777,0.85794
2013.03.19 00:06:01.028,0.85777,0.85794
2013.03.19 00:06:03.258,0.85777,0.85794
2013.03.19 00:06:03.319,0.85776,0.85794
2013.03.19 00:06:03.809,0.85774,0.85789
2013.03.19 00:06:09.840,0.85773,0.85788
2013.03.19 00:06:13.252,0.85772,0.85788
2013.03.19 00:06:18.839,0.8577,0.85788
2013.03.19 00:06:21.501,0.85773,0.85788
2013.03.19 00:06:22.522,0.85773,0.85788
2013.03.19 00:06:25.680,0.85773,0.85789
2013.03.19 00:06:25.810,0.85774,0.85789
2013.03.19 00:06:27.139,0.85774,0.85789
2013.03.19 00:06:28.871,0.85774,0.85788
2013.03.19 00:06:31.480,0.85774,0.85788
2013.03.19 00:06:32.258,0.85776,0.8579
2013.03.19 00:06:32.381,0.85776,0.8579
2013.03.19 00:06:32.510,0.85776,0.85791
2013.03.19 00:06:32.701,0.85778,0.85793
2013.03.19 00:06:32.831,0.85778,0.85793
2013.03.19 00:06:33.079,0.8578,0.85793
2013.03.19 00:06:33.442,0.8578,0.85793
2013.03.19 00:06:33.931,0.85781,0.85793
2013.03.19 00:06:34.059,0.8578,0.85796
2013.03.19 00:06:34.608,0.8578,0.85796
2013.03.19 00:06:38.720,0.85779,0.85794
2013.03.19 00:06:38.908,0.85779,0.85793
2013.03.19 00:06:39.458,0.8578,0.85793
2013.03.19 00:06:40.658,0.85778,0.85793
2013.03.19 00:06:40.960,0.85779,0.85794
2013.03.19 00:06:41.030,0.85776,0.85794
2013.03.19 00:06:41.718,0.85777,0.85794
2013.03.19 00:06:44.631,0.85776,0.85792
2013.03.19 00:06:45.130,0.85773,0.85786
2013.03.19 00:06:45.439,0.85773,0.85784
2013.03.19 00:06:45.680,0.8577,0.85784
2013.03.19 00:06:48.431,0.85771,0.85786
2013.03.19 00:06:49.467,0.85773,0.85786
2013.03.19 00:06:50.939,0.85771,0.85785
2013.03.19 00:06:53.260,0.85772,0.85785
2013.03.19 00:07:00.609,0.85772,0.85785
2013.03.19 00:07:01.168,0.85772,0.85785
2013.03.19 00:07:07.116,0.8577,0.85785
2013.03.19 00:07:07.419,0.85771,0.85783
2013.03.19 00:07:07.490,0.85767,0.85783
2013.03.19 00:07:07.559,0.85767,0.85782
2013.03.19 00:07:07.869,0.85767,0.85782
2013.03.19 00:07:08.845,0.85767,0.85782
2013.03.19 00:07:11.158,0.85767,0.85782
2013.03.19 00:07:11.699,0.85767,0.85782
2013.03.19 00:07:12.238,0.85767,0.85782
2013.03.19 00:07:12.778,0.85767,0.85782
2013.03.19 00:07:13.378,0.85766,0.85782
2013.03.19 00:07:14.571,0.85767,0.85782
2013.03.19 00:07:15.088,0.85767,0.85782
2013.03.19 00:07:16.379,0.85767,0.85782
2013.03.19 00:07:17.108,0.85767,0.85782
2013.03.19 00:07:17.649,0.85767,0.85782
2013.03.19 00:07:18.199,0.85766,0.85782
2013.03.19 00:07:24.409,0.85767,0.85781
2013.03.19 00:07:24.948,0.85766,0.85781
2013.03.19 00:07:25.798,0.85767,0.85781
2013.03.19 00:07:26.338,0.85766,0.85781
2013.03.19 00:07:26.879,0.85767,0.85781
2013.03.19 00:07:27.118,0.85765,0.85781
2013.03.19 00:07:27.670,0.85766,0.8578
2013.03.19 00:07:28.218,0.85765,0.85781
2013.03.19 00:07:28.759,0.85766,0.85781
2013.03.19 00:07:35.519,0.85764,0.85781
2013.03.19 00:07:39.810,0.85764,0.8578
2013.03.19 00:07:40.358,0.85763,0.8578
2013.03.19 00:07:43.399,0.85763,0.85777
2013.03.19 00:07:43.531,0.8576,0.85776
2013.03.19 00:07:43.959,0.8576,0.85776
2013.03.19 00:07:44.499,0.85758,0.85775
2013.03.19 00:07:45.239,0.85758,0.85775
2013.03.19 00:07:45.358,0.85758,0.85775
2013.03.19 00:07:45.899,0.85758,0.85775
2013.03.19 00:07:46.389,0.85762,0.85777
2013.03.19 00:07:46.459,0.85762,0.85777
2013.03.19 00:07:47.238,0.85766,0.85778
2013.03.19 00:07:49.188,0.85766,0.85779
2013.03.19 00:07:51.849,0.85766,0.8578
2013.03.19 00:07:53.489,0.85767,0.8578
2013.03.19 00:07:56.419,0.85767,0.85782
2013.03.19 00:08:06.381,0.85766,0.85781
2013.03.19 00:08:13.279,0.85766,0.85781
2013.03.19 00:08:15.540,0.85766,0.85781
2013.03.19 00:08:17.179,0.85765,0.85778
2013.03.19 00:08:25.390,0.85766,0.85781
2013.03.19 00:08:26.729,0.85765,0.85779
2013.03.19 00:08:29.938,0.85763,0.85778
2013.03.19 00:08:32.141,0.85764,0.85778
2013.03.19 00:08:32.728,0.85765,0.85779
2013.03.19 00:08:37.161,0.85762,0.85777
2013.03.19 00:08:37.529,0.85761,0.85777
2013.03.19 00:08:37.660,0.85761,0.85777
2013.03.19 00:08:38.169,0.85761,0.85775
2013.03.19 00:08:38.288,0.85761,0.85776
2013.03.19 00:08:38.470,0.85762,0.85777
2013.03.19 00:08:38.898,0.85763,0.85779
2013.03.19 00:08:41.439,0.85763,0.85778
2013.03.19 00:08:41.498,0.85763,0.85778
2013.03.19 00:08:45.459,0.85763,0.85778
2013.03.19 00:08:47.098,0.85764,0.85779
2013.03.19 00:08:52.310,0.85765,0.85779
2013.03.19 00:08:52.859,0.85766,0.85782
2013.03.19 00:08:53.310,0.85767,0.85782
2013.03.19 00:08:53.619,0.85769,0.85784
2013.03.19 00:08:53.679,0.85767,0.85783
2013.03.19 00:08:55.079,0.85766,0.85781
2013.03.19 00:08:55.619,0.85766,0.85781
2013.03.19 00:09:01.691,0.85766,0.8578
2013.03.19 00:09:02.399,0.85765,0.8578
2013.03.19 00:09:12.589,0.85764,0.85779
2013.03.19 00:09:12.649,0.85763,0.85779
2013.03.19 00:09:13.168,0.85763,0.85778
2013.03.19 00:09:14.792,0.85763,0.85778
2013.03.19 00:09:15.460,0.85766,0.85779
2013.03.19 00:09:16.190,0.85766,0.85781
2013.03.19 00:09:18.129,0.85766,0.85781
2013.03.19 00:09:18.798,0.85768,0.85781
2013.03.19 00:09:18.919,0.85767,0.85781
2013.03.19 00:09:19.098,0.85767,0.85781
2013.03.19 00:09:19.159,0.85771,0.85784
2013.03.19 00:09:19.229,0.85772,0.85784
2013.03.19 00:09:19.481,0.85773,0.85785
2013.03.19 00:09:19.616,0.85773,0.85787
2013.03.19 00:09:19.689,0.85771,0.85786
2013.03.19 00:09:20.168,0.85773,0.85786
2013.03.19 00:09:20.229,0.85773,0.85786
2013.03.19 00:09:20.411,0.85772,0.85786
2013.03.19 00:09:21.578,0.85773,0.85786
2013.03.19 00:09:23.839,0.85773,0.85786
2013.03.19 00:09:24.500,0.85773,0.85786
2013.03.19 00:09:26.379,0.85773,0.85785
2013.03.19 00:09:29.699,0.85773,0.85787
2013.03.19 00:09:30.806,0.85772,0.85787
2013.03.19 00:09:30.958,0.85771,0.85783
2013.03.19 00:09:31.034,0.85771,0.85783
2013.03.19 00:09:31.161,0.8577,0.85783
2013.03.19 00:09:31.591,0.85772,0.85781
2013.03.19 00:09:31.659,0.85772,0.85781
2013.03.19 00:09:31.778,0.85768,0.85781
2013.03.19 00:09:32.139,0.85772,0.85781
2013.03.19 00:09:32.680,0.85771,0.85781
2013.03.19 00:09:33.048,0.85769,0.85781
2013.03.19 00:09:33.288,0.85768,0.85781
2013.03.19 00:09:33.900,0.85771,0.85781
2013.03.19 00:09:35.480,0.85771,0.85781
2013.03.19 00:09:35.989,0.85767,0.8578
2013.03.19 00:09:38.609,0.85767,0.8578
2013.03.19 00:09:39.390,0.85767,0.85782
2013.03.19 00:09:39.461,0.85766,0.8578
2013.03.19 00:09:39.529,0.85766,0.8578
2013.03.19 00:09:39.839,0.85771,0.85782
2013.03.19 00:09:40.260,0.85767,0.85779
2013.03.19 00:09:40.509,0.85767,0.8578
2013.03.19 00:09:40.631,0.85766,0.8578
2013.03.19 00:09:40.699,0.85766,0.8578
2013.03.19 00:09:42.069,0.85766,0.8578
2013.03.19 00:09:42.130,0.85766,0.8578
2013.03.19 00:09:49.056,0.85767,0.8578
2013.03.19 00:09:52.061,0.85765,0.8578
2013.03.19 00:09:52.371,0.85761,0.85776
2013.03.19 00:09:52.501,0.85761,0.85776
2013.03.19 00:09:52.691,0.85761,0.85776
2013.03.19 00:09:52.939,0.85761,0.85774
2013.03.19 00:09:53.179,0.85761,0.85774
2013.03.19 00:09:53.604,0.85762,0.85775
2013.03.19 00:09:54.170,0.85762,0.85775
2013.03.19 00:09:55.599,0.85764,0.85778
2013.03.19 00:09:55.660,0.85764,0.85778
2013.03.19 00:09:56.171,0.85765,0.85779
2013.03.19 00:10:01.273,0.85763,0.85779
2013.03.19 00:10:01.789,0.85766,0.85779
2013.03.19 00:10:01.970,0.85762,0.85774
2013.03.19 00:10:02.222,0.85762,0.85774
2013.03.19 00:10:02.531,0.85762,0.85773
2013.03.19 00:10:02.852,0.85761,0.85768
2013.03.19 00:10:03.280,0.85756,0.8577
2013.03.19 00:10:03.529,0.85756,0.85773
2013.03.19 00:10:07.521,0.85758,0.85773
2013.03.19 00:10:07.951,0.85758,0.85774
2013.03.19 00:10:08.460,0.85758,0.85771
2013.03.19 00:10:08.530,0.85758,0.85771
2013.03.19 00:10:09.019,0.85758,0.85771
2013.03.19 00:10:13.931,0.85759,0.85773
2013.03.19 00:10:14.731,0.85764,0.85778
2013.03.19 00:10:15.470,0.85763,0.85778
2013.03.19 00:10:18.192,0.85763,0.85777
2013.03.19 00:10:18.750,0.85763,0.85777
2013.03.19 00:10:21.091,0.85757,0.85771
2013.03.19 00:10:21.521,0.85757,0.8577
2013.03.19 00:10:21.832,0.85759,0.85774
2013.03.19 00:10:21.963,0.85757,0.8577
2013.03.19 00:10:23.922,0.85757,0.8577
2013.03.19 00:10:24.061,0.85758,0.85772
2013.03.19 00:10:24.191,0.85758,0.85772
2013.03.19 00:10:24.319,0.85759,0.85772
2013.03.19 00:10:24.631,0.85761,0.85776
2013.03.19 00:10:24.940,0.85763,0.85776
2013.03.19 00:10:25.009,0.85763,0.85776
2013.03.19 00:10:26.930,0.85759,0.85772
2013.03.19 00:10:27.001,0.85757,0.85772
2013.03.19 00:10:27.855,0.85755,0.85771
2013.03.19 00:10:28.375,0.85755,0.85771
2013.03.19 00:10:40.979,0.85755,0.85771
2013.03.19 00:10:41.101,0.85757,0.85771
2013.03.19 00:10:41.242,0.85757,0.85772
2013.03.19 00:10:41.370,0.85759,0.85776
2013.03.19 00:10:41.740,0.85762,0.85776
2013.03.19 00:10:43.549,0.85762,0.85777
2013.03.19 00:10:43.609,0.85763,0.85777
2013.03.19 00:10:46.852,0.85763,0.85776
2013.03.19 00:10:47.040,0.8576,0.85775
2013.03.19 00:10:47.620,0.85761,0.85775
2013.03.19 00:10:54.840,0.85762,0.85775
2013.03.19 00:10:58.822,0.85762,0.85773
2013.03.19 00:10:59.130,0.85759,0.85772
2013.03.19 00:10:59.671,0.85761,0.85773
2013.03.19 00:11:00.230,0.8576,0.85773
2013.03.19 00:11:01.000,0.8576,0.85773
2013.03.19 00:11:02.205,0.8576,0.85773
2013.03.19 00:11:02.591,0.85758,0.8577
2013.03.19 00:11:03.311,0.85758,0.8577
2013.03.19 00:11:03.829,0.85758,0.85772
2013.03.19 00:11:06.142,0.85756,0.85771
2013.03.19 00:11:06.569,0.85755,0.85768
2013.03.19 00:11:15.555,0.85758,0.85771
2013.03.19 00:11:17.999,0.85757,0.85772
2013.03.19 00:11:18.529,0.85757,0.85773
2013.03.19 00:11:30.563,0.8576,0.85774
2013.03.19 00:11:30.870,0.8576,0.85774
2013.03.19 00:11:31.410,0.8576,0.85773
2013.03.19 00:11:31.720,0.8576,0.85773
2013.03.19 00:11:34.914,0.8576,0.85771
2013.03.19 00:11:34.983,0.85758,0.85771
2013.03.19 00:11:35.240,0.85756,0.85771
2013.03.19 00:11:35.490,0.85755,0.8577
2013.03.19 00:11:36.760,0.85755,0.85771
2013.03.19 00:11:36.965,0.85756,0.85766
2013.03.19 00:11:37.720,0.8575,0.85764
2013.03.19 00:11:40.123,0.85751,0.85766
2013.03.19 00:11:41.553,0.85751,0.85765
2013.03.19 00:11:41.680,0.85751,0.85763
2013.03.19 00:11:42.260,0.8575,0.85764
2013.03.19 00:11:44.260,0.8575,0.85764
2013.03.19 00:11:44.451,0.85752,0.85766
2013.03.19 00:11:44.959,0.85753,0.85766
2013.03.19 00:11:50.596,0.85752,0.85766
2013.03.19 00:11:51.700,0.85752,0.85766
2013.03.19 00:11:52.011,0.8575,0.85765
2013.03.19 00:11:52.321,0.85749,0.85762
2013.03.19 00:11:52.870,0.85751,0.85762
2013.03.19 00:11:53.419,0.85751,0.85764
2013.03.19 00:11:54.970,0.85749,0.85762
2013.03.19 00:11:57.181,0.85749,0.85762
2013.03.19 00:11:57.731,0.85746,0.8576
2013.03.19 00:11:57.801,0.85746,0.8576
2013.03.19 00:11:57.871,0.85746,0.8576
2013.03.19 00:11:57.942,0.85746,0.8576
2013.03.19 00:11:58.075,0.85746,0.8576
2013.03.19 00:11:58.681,0.85746,0.85762
2013.03.19 00:11:58.989,0.85747,0.85762
2013.03.19 00:12:02.640,0.85747,0.85763
2013.03.19 00:12:06.039,0.85747,0.85763
2013.03.19 00:12:12.640,0.85748,0.85764
2013.03.19 00:12:15.057,0.85748,0.85764
2013.03.19 00:12:15.136,0.85748,0.85761
2013.03.19 00:12:15.322,0.85747,0.8576
2013.03.19 00:12:15.393,0.85746,0.8576
2013.03.19 00:12:15.956,0.85747,0.85759
2013.03.19 00:12:20.524,0.85746,0.85759
2013.03.19 00:12:20.590,0.85746,0.85759
2013.03.19 00:12:20.661,0.85745,0.85759
2013.03.19 00:12:21.459,0.85744,0.85757
2013.03.19 00:12:22.510,0.85744,0.85757
2013.03.19 00:12:27.411,0.85744,0.85757
2013.03.19 00:12:28.083,0.85743,0.85756
2013.03.19 00:12:30.769,0.85744,0.85756
2013.03.19 00:12:31.071,0.85746,0.85757
2013.03.19 00:12:31.200,0.85748,0.85759
2013.03.19 00:12:31.511,0.85748,0.85761
2013.03.19 00:12:32.070,0.85747,0.85761
2013.03.19 00:12:32.587,0.85748,0.85761
2013.03.19 00:12:40.340,0.8575,0.85764
2013.03.19 00:12:41.053,0.85751,0.85764
2013.03.19 00:12:41.599,0.85751,0.85765
2013.03.19 00:12:42.771,0.85753,0.85767
2013.03.19 00:12:43.106,0.85753,0.8577
2013.03.19 00:12:43.351,0.85754,0.85771
2013.03.19 00:12:43.420,0.85754,0.85771
2013.03.19 00:12:43.981,0.85756,0.8577
2013.03.19 00:12:44.291,0.85753,0.8577
2013.03.19 00:12:44.541,0.85752,0.8577
2013.03.19 00:12:48.160,0.85752,0.8577
2013.03.19 00:12:49.589,0.85752,0.8577
2013.03.19 00:12:50.614,0.85754,0.85771
2013.03.19 00:12:50.930,0.85754,0.8577
2013.03.19 00:12:51.360,0.85754,0.8577
2013.03.19 00:12:52.329,0.85752,0.85767
2013.03.19 00:12:52.449,0.85752,0.85767
2013.03.19 00:12:52.750,0.85751,0.85766
2013.03.19 00:13:02.109,0.85751,0.85767
2013.03.19 00:13:05.851,0.85753,0.85767
2013.03.19 00:13:06.369,0.85753,0.85767
2013.03.19 00:13:07.952,0.85753,0.85769
2013.03.19 00:13:08.211,0.85753,0.85768
2013.03.19 00:13:08.759,0.85751,0.85768
2013.03.19 00:13:10.231,0.8575,0.85766
2013.03.19 00:13:13.540,0.85745,0.8576
2013.03.19 00:13:13.870,0.85746,0.8576
2013.03.19 00:13:14.429,0.85747,0.85763
2013.03.19 00:13:14.493,0.85748,0.85763
2013.03.19 00:13:16.349,0.85748,0.85763
2013.03.19 00:13:17.149,0.85748,0.85764
2013.03.19 00:13:17.213,0.85749,0.85765
2013.03.19 00:13:17.401,0.85752,0.85766
2013.03.19 00:13:17.474,0.85752,0.85768
2013.03.19 00:13:17.904,0.85754,0.85769
2013.03.19 00:13:18.390,0.85754,0.85771
2013.03.19 00:13:18.593,0.85753,0.8577
2013.03.19 00:13:18.962,0.85755,0.85771
2013.03.19 00:13:19.030,0.85756,0.85771
2013.03.19 00:13:19.580,0.85756,0.85771
2013.03.19 00:13:20.119,0.85756,0.85771
2013.03.19 00:13:21.685,0.85756,0.85772
2013.03.19 00:13:21.756,0.85757,0.85772
2013.03.19 00:13:22.100,0.85757,0.85774
2013.03.19 00:13:22.176,0.85757,0.85773
2013.03.19 00:13:22.670,0.85757,0.85773
2013.03.19 00:13:24.240,0.85758,0.85773
2013.03.19 00:13:24.561,0.85761,0.85775
2013.03.19 00:13:24.631,0.85761,0.85775
2013.03.19 00:13:31.100,0.8576,0.85775
2013.03.19 00:13:31.700,0.8576,0.85775
2013.03.19 00:13:32.402,0.85759,0.85775
2013.03.19 00:13:32.994,0.85757,0.85773
2013.03.19 00:13:37.259,0.85757,0.85773
2013.03.19 00:13:37.439,0.85757,0.85773
2013.03.19 00:13:38.301,0.85756,0.85773
2013.03.19 00:13:38.370,0.85756,0.85772
2013.03.19 00:13:38.501,0.85755,0.85771
2013.03.19 00:13:38.939,0.85753,0.85769
2013.03.19 00:13:39.419,0.85753,0.85769
2013.03.19 00:13:47.171,0.85755,0.85769
2013.03.19 00:13:47.620,0.85754,0.85769
2013.03.19 00:13:48.179,0.8575,0.85765
2013.03.19 00:13:48.727,0.8575,0.85765
2013.03.19 00:13:49.238,0.85749,0.85765
2013.03.19 00:13:49.850,0.85749,0.85764
2013.03.19 00:13:50.232,0.85747,0.85763
2013.03.19 00:13:51.141,0.85749,0.85763
2013.03.19 00:13:51.270,0.8575,0.85766
2013.03.19 00:13:51.341,0.8575,0.85765
2013.03.19 00:13:52.129,0.8575,0.85765
2013.03.19 00:13:52.680,0.8575,0.85765
2013.03.19 00:13:52.801,0.8575,0.85765
2013.03.19 00:13:53.352,0.8575,0.85767
2013.03.19 00:13:53.910,0.85751,0.85766
2013.03.19 00:13:54.040,0.8575,0.85766
2013.03.19 00:13:54.550,0.8575,0.85766
2013.03.19 00:13:54.680,0.8575,0.85766
2013.03.19 00:13:55.310,0.85749,0.85765
2013.03.19 00:13:55.849,0.85748,0.85764
2013.03.19 00:13:58.126,0.85747,0.8576
2013.03.19 00:13:58.192,0.85744,0.8576
2013.03.19 00:13:58.916,0.85744,0.8576
2013.03.19 00:13:59.913,0.85745,0.8576
2013.03.19 00:14:02.621,0.85744,0.8576
2013.03.19 00:14:02.811,0.85744,0.85759
2013.03.19 00:14:05.273,0.85745,0.85762
2013.03.19 00:14:05.590,0.85745,0.85762
2013.03.19 00:14:13.836,0.8575,0.85763
2013.03.19 00:14:13.959,0.85749,0.85765
2013.03.19 00:14:14.201,0.85751,0.85767
2013.03.19 00:14:14.392,0.85752,0.85767
2013.03.19 00:14:14.699,0.85754,0.8577
2013.03.19 00:14:15.420,0.85755,0.8577
2013.03.19 00:14:16.189,0.85756,0.8577
2013.03.19 00:14:20.471,0.85756,0.8577
2013.03.19 00:14:23.539,0.85755,0.85772
2013.03.19 00:14:29.883,0.85755,0.85772
2013.03.19 00:14:30.263,0.85753,0.85771
2013.03.19 00:14:30.769,0.85754,0.8577
2013.03.19 00:14:31.133,0.85753,0.85769
2013.03.19 00:14:31.380,0.85751,0.85767
2013.03.19 00:14:32.915,0.8575,0.85767
2013.03.19 00:14:34.010,0.85751,0.85767
2013.03.19 00:14:34.949,0.85751,0.85767
2013.03.19 00:14:41.392,0.85751,0.85765
2013.03.19 00:14:43.529,0.85752,0.85767
2013.03.19 00:14:43.590,0.85752,0.85768
2013.03.19 00:14:43.842,0.85752,0.85768
2013.03.19 00:14:43.917,0.85753,0.8577
2013.03.19 00:14:44.471,0.85755,0.85768
2013.03.19 00:14:45.370,0.85755,0.85768
2013.03.19 00:14:45.609,0.85755,0.85768
2013.03.19 00:14:51.943,0.85755,0.85769
2013.03.19 00:14:54.301,0.85755,0.85771
2013.03.19 00:14:54.432,0.85757,0.85771
2013.03.19 00:14:54.503,0.85756,0.85772
2013.03.19 00:14:54.870,0.85758,0.85774
2013.03.19 00:14:55.419,0.85757,0.85772
2013.03.19 00:14:55.780,0.85755,0.85772
2013.03.19 00:14:56.833,0.85755,0.85772
2013.03.19 00:15:00.379,0.85755,0.85769
2013.03.19 00:15:01.697,0.85754,0.85769
2013.03.19 00:15:02.373,0.85753,0.85768
2013.03.19 00:15:03.609,0.85754,0.85768
2013.03.19 00:15:03.791,0.85755,0.8577
2013.03.19 00:15:04.339,0.85757,0.85771
2013.03.19 00:15:06.199,0.85757,0.85772
2013.03.19 00:15:06.743,0.85755,0.85772
2013.03.19 00:15:06.992,0.85758,0.85772
2013.03.19 00:15:07.121,0.85757,0.85772
2013.03.19 00:15:07.321,0.85753,0.8577
2013.03.19 00:15:07.511,0.85752,0.85767
2013.03.19 00:15:07.821,0.85751,0.85767
2013.03.19 00:15:08.311,0.85753,0.85768
2013.03.19 00:15:09.230,0.85754,0.85769
2013.03.19 00:15:09.649,0.85753,0.85767
2013.03.19 00:15:09.950,0.85752,0.85767
2013.03.19 00:15:10.250,0.85752,0.85765
2013.03.19 00:15:10.310,0.85752,0.85765
2013.03.19 00:15:11.530,0.85752,0.85767
2013.03.19 00:15:11.840,0.85753,0.85768
2013.03.19 00:15:12.405,0.85753,0.85768
2013.03.19 00:15:12.911,0.85753,0.85768
2013.03.19 00:15:13.040,0.85755,0.8577
2013.03.19 00:15:13.160,0.85755,0.8577
2013.03.19 00:15:13.711,0.85756,0.85771
2013.03.19 00:15:13.841,0.85756,0.85772
2013.03.19 00:15:13.976,0.85758,0.85772
2013.03.19 00:15:14.291,0.85759,0.85772
2013.03.19 00:15:15.368,0.8576,0.85775
2013.03.19 00:15:20.109,0.85761,0.85776
2013.03.19 00:15:23.902,0.85762,0.85776
2013.03.19 00:15:24.033,0.85762,0.85776
2013.03.19 00:15:24.339,0.85763,0.85776
2013.03.19 00:15:24.461,0.85761,0.85776
2013.03.19 00:15:25.880,0.85763,0.85776
2013.03.19 00:15:26.120,0.85761,0.85775
2013.03.19 00:15:26.431,0.85759,0.85775
2013.03.19 00:15:26.981,0.85758,0.85771
2013.03.19 00:15:27.808,0.85758,0.85771
2013.03.19 00:15:28.613,0.85759,0.85772
2013.03.19 00:15:28.750,0.8576,0.85775
2013.03.19 00:15:29.271,0.85764,0.85777
2013.03.19 00:15:30.663,0.85764,0.85776
2013.03.19 00:15:30.943,0.85763,0.85776
2013.03.19 00:15:31.462,0.85763,0.85776
2013.03.19 00:15:32.260,0.8576,0.85774
2013.03.19 00:15:33.283,0.85759,0.85773
2013.03.19 00:15:33.830,0.85758,0.85773
2013.03.19 00:15:34.028,0.85758,0.85773
2013.03.19 00:15:35.060,0.85757,0.85769
2013.03.19 00:15:35.252,0.85755,0.85769
2013.03.19 00:15:35.500,0.85755,0.85769
2013.03.19 00:15:35.692,0.85754,0.85767
2013.03.19 00:15:36.060,0.85754,0.85766
2013.03.19 00:15:37.340,0.85754,0.85767
2013.03.19 00:15:42.856,0.85754,0.85768
2013.03.19 00:15:43.232,0.85751,0.85765
2013.03.19 00:15:43.303,0.85751,0.85765
2013.03.19 00:15:43.851,0.85752,0.85764
2013.03.19 00:15:44.170,0.85754,0.85767
2013.03.19 00:15:44.411,0.85755,0.85767
2013.03.19 00:15:45.213,0.85759,0.85772
2013.03.19 00:15:46.639,0.85761,0.85774
2013.03.19 00:15:46.764,0.85762,0.85774
2013.03.19 00:15:46.951,0.85762,0.85775
2013.03.19 00:15:47.500,0.85763,0.85776
2013.03.19 00:15:47.691,0.85763,0.85776
2013.03.19 00:15:47.940,0.85763,0.85776
2013.03.19 00:15:50.079,0.85763,0.85776
2013.03.19 00:15:50.499,0.85763,0.85776
2013.03.19 00:15:50.799,0.85762,0.85776
2013.03.19 00:15:53.646,0.85761,0.85776
2013.03.19 00:16:00.950,0.85759,0.85773
2013.03.19 00:16:01.380,0.85757,0.85771
2013.03.19 00:16:01.930,0.85757,0.8577
2013.03.19 00:16:04.083,0.85759,0.85775
2013.03.19 00:16:04.150,0.85759,0.85775
2013.03.19 00:16:04.281,0.85761,0.85776
2013.03.19 00:16:04.589,0.85763,0.85776
2013.03.19 00:16:05.130,0.85762,0.85774
2013.03.19 00:16:05.502,0.85761,0.85774
2013.03.19 00:16:07.780,0.85762,0.85774
2013.03.19 00:16:10.001,0.8576,0.85774
2013.03.19 00:16:10.371,0.8576,0.85773
2013.03.19 00:16:10.681,0.85757,0.8577
2013.03.19 00:16:10.934,0.85756,0.8577
2013.03.19 00:16:11.671,0.85756,0.8577
2013.03.19 00:16:12.791,0.85756,0.8577
2013.03.19 00:16:12.861,0.85756,0.8577
2013.03.19 00:16:13.535,0.85757,0.8577
2013.03.19 00:16:16.563,0.85758,0.8577
2013.03.19 00:16:17.832,0.85758,0.8577
2013.03.19 00:16:17.961,0.85755,0.85769
2013.03.19 00:16:18.162,0.85754,0.85767
2013.03.19 00:16:18.471,0.85751,0.85763
2013.03.19 00:16:19.002,0.85753,0.85762
2013.03.19 00:16:19.324,0.85755,0.8577
2013.03.19 00:16:19.850,0.85759,0.85771
2013.03.19 00:16:21.031,0.85759,0.85773
2013.03.19 00:16:21.182,0.85759,0.85773
2013.03.19 00:16:21.391,0.85763,0.85773
2013.03.19 00:16:21.942,0.85764,0.85776
2013.03.19 00:16:22.517,0.85764,0.85776
2013.03.19 00:16:23.797,0.85765,0.85778
2013.03.19 00:16:23.921,0.85769,0.85778
2013.03.19 00:16:24.490,0.85769,0.85783
2013.03.19 00:16:25.040,0.85769,0.85783
2013.03.19 00:16:25.570,0.85771,0.85783
2013.03.19 00:16:37.082,0.85771,0.85784
2013.03.19 00:16:37.652,0.85771,0.85784
2013.03.19 00:16:42.991,0.85772,0.85786
2013.03.19 00:16:43.540,0.85773,0.85786
2013.03.19 00:16:44.819,0.85772,0.85787
2013.03.19 00:16:45.060,0.85772,0.85787
2013.03.19 00:16:47.700,0.85774,0.85788
2013.03.19 00:16:49.269,0.85773,0.85787
2013.03.19 00:16:50.910,0.85773,0.85787
2013.03.19 00:16:55.741,0.85774,0.85787
2013.03.19 00:16:57.470,0.85773,0.85786
2013.03.19 00:16:57.830,0.85772,0.85786
2013.03.19 00:17:00.060,0.85768,0.85783
2013.03.19 00:17:01.214,0.85769,0.85784
2013.03.19 00:17:02.102,0.85769,0.85783
2013.03.19 00:17:02.230,0.85767,0.85782
2013.03.19 00:17:02.356,0.85767,0.85782
2013.03.19 00:17:02.421,0.85765,0.8578
2013.03.19 00:17:02.731,0.85764,0.85777
2013.03.19 00:17:02.981,0.85763,0.85774
2013.03.19 00:17:03.490,0.85764,0.85773
2013.03.19 00:17:04.920,0.85764,0.85773
2013.03.19 00:17:05.560,0.85764,0.85775
2013.03.19 00:17:05.761,0.85764,0.85776
2013.03.19 00:17:06.314,0.85767,0.85776
2013.03.19 00:17:06.752,0.85764,0.85778
2013.03.19 00:17:06.822,0.85764,0.85779
2013.03.19 00:17:07.011,0.85767,0.85778
2013.03.19 00:17:07.324,0.85767,0.85779
2013.03.19 00:17:07.841,0.85767,0.85778
2013.03.19 00:17:08.151,0.85767,0.85777
2013.03.19 00:17:08.462,0.85767,0.85776
2013.03.19 00:17:24.530,0.85763,0.85778
2013.03.19 00:17:28.461,0.85762,0.85775
2013.03.19 00:17:28.534,0.8576,0.85775
2013.03.19 00:17:28.660,0.85761,0.85775
2013.03.19 00:17:28.970,0.85763,0.85775
2013.03.19 00:17:30.401,0.85763,0.85776
2013.03.19 00:17:32.721,0.85766,0.8578
2013.03.19 00:17:33.270,0.85768,0.8578
2013.03.19 00:17:33.809,0.85767,0.8578
2013.03.19 00:17:43.842,0.85767,0.8578
2013.03.19 00:17:43.977,0.85767,0.8578
2013.03.19 00:17:44.612,0.8577,0.85783
2013.03.19 00:17:44.682,0.85772,0.85784
2013.03.19 00:17:48.429,0.85774,0.85784
2013.03.19 00:17:48.755,0.85774,0.85785
2013.03.19 00:17:49.100,0.85776,0.85785
2013.03.19 00:17:49.442,0.85777,0.8579
2013.03.19 00:17:49.950,0.85779,0.85793
2013.03.19 00:17:50.190,0.85779,0.85789
2013.03.19 00:17:50.444,0.85775,0.85788
2013.03.19 00:17:50.631,0.85775,0.85788
2013.03.19 00:17:50.771,0.85771,0.85787
2013.03.19 00:17:50.841,0.85773,0.85787
2013.03.19 00:17:51.390,0.85772,0.85785
2013.03.19 00:17:54.537,0.85772,0.85785
2013.03.19 00:17:55.101,0.85773,0.85785
2013.03.19 00:17:55.686,0.85772,0.85785
2013.03.19 00:17:58.260,0.85773,0.85788
2013.03.19 00:17:58.383,0.85772,0.85788
2013.03.19 00:17:58.630,0.85774,0.85788
2013.03.19 00:17:58.990,0.85777,0.85791
2013.03.19 00:17:59.703,0.85777,0.85791
2013.03.19 00:18:00.129,0.85777,0.85791
2013.03.19 00:18:00.549,0.85774,0.85788
2013.03.19 00:18:01.089,0.85772,0.85787
2013.03.19 00:18:02.272,0.85774,0.85785
2013.03.19 00:18:02.649,0.85774,0.85786
2013.03.19 00:18:06.237,0.85773,0.85786
2013.03.19 00:18:06.809,0.85773,0.85785
2013.03.19 00:18:10.101,0.85773,0.85785
2013.03.19 00:18:10.470,0.85773,0.85785
2013.03.19 00:18:13.920,0.85773,0.85785
2013.03.19 00:18:15.703,0.85772,0.85786
2013.03.19 00:18:16.239,0.85772,0.85785
2013.03.19 00:18:18.830,0.8577,0.85785
2013.03.19 00:18:19.253,0.85767,0.85783
2013.03.19 00:18:19.380,0.85767,0.85783
2013.03.19 00:18:19.680,0.85767,0.85782
2013.03.19 00:18:28.662,0.85767,0.85782
2013.03.19 00:18:29.030,0.85769,0.85782
2013.03.19 00:18:29.152,0.85769,0.85782
2013.03.19 00:18:34.841,0.85769,0.85783
2013.03.19 00:18:35.396,0.8577,0.85784
2013.03.19 00:18:38.271,0.85772,0.85784
2013.03.19 00:18:40.042,0.85773,0.85786
2013.03.19 00:18:40.351,0.85773,0.85786
2013.03.19 00:18:40.660,0.85775,0.85789
2013.03.19 00:18:40.961,0.85773,0.85787
2013.03.19 00:18:42.413,0.85773,0.85787
2013.03.19 00:18:43.171,0.85772,0.85786
2013.03.19 00:18:43.300,0.85772,0.85785
2013.03.19 00:18:43.840,0.85769,0.85784
2013.03.19 00:18:46.580,0.85769,0.85785
2013.03.19 00:18:47.130,0.85769,0.85784
2013.03.19 00:18:48.911,0.85767,0.85782
2013.03.19 00:18:49.472,0.85766,0.85779
2013.03.19 00:18:49.779,0.85765,0.85779
2013.03.19 00:18:50.996,0.85766,0.85779
2013.03.19 00:18:51.072,0.85766,0.85782
2013.03.19 00:18:51.522,0.85768,0.85781
2013.03.19 00:18:51.830,0.85767,0.85782
2013.03.19 00:19:00.742,0.85767,0.85781
2013.03.19 00:19:15.701,0.85767,0.85781
2013.03.19 00:19:16.249,0.85767,0.85781
2013.03.19 00:19:19.719,0.85767,0.85781
2013.03.19 00:19:20.140,0.85766,0.85778
2013.03.19 00:19:20.950,0.85765,0.85778
2013.03.19 00:19:21.020,0.85764,0.85777
2013.03.19 00:19:21.141,0.85764,0.85777
2013.03.19 00:19:21.389,0.85764,0.85777
2013.03.19 00:19:21.809,0.85763,0.85776
2013.03.19 00:19:22.433,0.85765,0.85778
2013.03.19 00:19:23.751,0.85766,0.85781
2013.03.19 00:19:25.030,0.85767,0.85781
2013.03.19 00:19:26.001,0.85767,0.85781
2013.03.19 00:19:37.310,0.85769,0.85782
2013.03.19 00:19:37.372,0.85769,0.85782
2013.03.19 00:19:37.932,0.85772,0.85787
2013.03.19 00:19:38.001,0.85772,0.85787
2013.03.19 00:19:38.070,0.85772,0.85787
2013.03.19 00:19:38.130,0.85772,0.85787
2013.03.19 00:19:38.911,0.85774,0.85787
2013.03.19 00:19:40.381,0.85775,0.85787
2013.03.19 00:19:41.360,0.85774,0.85788
2013.03.19 00:19:43.661,0.85775,0.85789
2013.03.19 00:19:46.199,0.85773,0.85786
2013.03.19 00:19:53.444,0.85774,0.85788
2013.03.19 00:19:56.146,0.85775,0.85789
2013.03.19 00:19:56.861,0.85774,0.85789
2013.03.19 00:20:00.921,0.85774,0.85788
2013.03.19 00:20:01.931,0.85774,0.85788
2013.03.19 00:20:02.551,0.85775,0.85788
2013.03.19 00:20:14.362,0.85773,0.85786
2013.03.19 00:20:14.911,0.85774,0.85788
2013.03.19 00:20:15.042,0.85774,0.85788
2013.03.19 00:20:15.370,0.85774,0.85788
2013.03.19 00:20:15.491,0.85773,0.85787
2013.03.19 00:20:15.621,0.85773,0.85788
2013.03.19 00:20:16.054,0.85772,0.85784
2013.03.19 00:20:22.351,0.85769,0.85784
2013.03.19 00:20:22.781,0.85768,0.8578
2013.03.19 00:20:23.463,0.85766,0.8578
2013.03.19 00:20:40.803,0.85765,0.85779
2013.03.19 00:20:40.932,0.85764,0.85778
2013.03.19 00:20:41.242,0.85764,0.85775
2013.03.19 00:20:41.802,0.85763,0.85775
2013.03.19 00:20:45.512,0.85765,0.85778
2013.03.19 00:20:45.882,0.85768,0.85779
2013.03.19 00:20:46.131,0.85769,0.8578
2013.03.19 00:21:03.163,0.8577,0.85781
2013.03.19 00:21:03.412,0.85772,0.85784
2013.03.19 00:21:03.960,0.85772,0.85786
2013.03.19 00:21:06.580,0.85774,0.85786
2013.03.19 00:21:15.723,0.85773,0.85787
2013.03.19 00:21:16.030,0.85774,0.85785
2013.03.19 00:21:17.724,0.85776,0.85788
2013.03.19 00:21:18.541,0.85776,0.85788
2013.03.19 00:21:19.042,0.85778,0.85788
2013.03.19 00:21:19.721,0.8578,0.85792
2013.03.19 00:21:20.264,0.8578,0.85792
2013.03.19 00:21:22.185,0.85778,0.85792
2013.03.19 00:21:28.469,0.85777,0.8579
2013.03.19 00:21:28.538,0.85775,0.8579
2013.03.19 00:21:28.675,0.85776,0.85787
2013.03.19 00:21:29.001,0.85774,0.85788
2013.03.19 00:21:31.490,0.85773,0.85788
2013.03.19 00:21:33.333,0.85774,0.85788
2013.03.19 00:21:48.084,0.85771,0.85786
2013.03.19 00:21:48.211,0.85772,0.85786
2013.03.19 00:21:48.341,0.8577,0.85786
2013.03.19 00:21:48.522,0.85768,0.85785
2013.03.19 00:21:49.072,0.85767,0.85785
2013.03.19 00:21:49.261,0.85767,0.85781
2013.03.19 00:21:53.491,0.85766,0.8578
2013.03.19 00:21:53.683,0.85763,0.85777
2013.03.19 00:21:53.752,0.85763,0.85777
2013.03.19 00:21:53.820,0.85763,0.85775
2013.03.19 00:21:54.491,0.85763,0.85775
2013.03.19 00:21:56.361,0.85763,0.85774
2013.03.19 00:21:57.400,0.85763,0.85774
2013.03.19 00:21:58.351,0.85763,0.85775
2013.03.19 00:22:00.031,0.85764,0.85775
2013.03.19 00:22:02.611,0.85764,0.85776
2013.03.19 00:22:02.914,0.85766,0.85777
2013.03.19 00:22:03.172,0.85766,0.8578
2013.03.19 00:22:06.180,0.85768,0.8578
2013.03.19 00:22:29.132,0.8577,0.85782
2013.03.19 00:22:29.681,0.85772,0.85787
2013.03.19 00:22:33.802,0.85772,0.85786
2013.03.19 00:22:34.594,0.8577,0.85784
2013.03.19 00:22:34.668,0.8577,0.85781
2013.03.19 00:22:34.930,0.85766,0.85781
2013.03.19 00:22:44.953,0.85765,0.8578
2013.03.19 00:22:50.871,0.85765,0.8578
2013.03.19 00:22:51.422,0.85769,0.85783
2013.03.19 00:22:51.921,0.85769,0.85783
2013.03.19 00:22:52.771,0.85766,0.8578
2013.03.19 00:22:54.301,0.85765,0.8578
2013.03.19 00:22:55.772,0.85765,0.8578
2013.03.19 00:22:56.330,0.85765,0.8578
2013.03.19 00:22:58.831,0.85765,0.8578
2013.03.19 00:23:00.283,0.85768,0.85782
2013.03.19 00:23:00.412,0.85769,0.85782
2013.03.19 00:23:00.601,0.85769,0.85782
2013.03.19 00:23:00.661,0.8577,0.85785
2013.03.19 00:23:00.723,0.85771,0.85788
2013.03.19 00:23:00.931,0.85772,0.85788
2013.03.19 00:23:08.304,0.8577,0.85786
2013.03.19 00:23:08.563,0.85767,0.85784
2013.03.19 00:23:08.694,0.85769,0.85784
2013.03.19 00:23:16.382,0.85769,0.85783
2013.03.19 00:23:16.691,0.85772,0.85786
2013.03.19 00:23:17.231,0.85772,0.85786
2013.03.19 00:23:26.570,0.85771,0.85785
2013.03.19 00:23:27.252,0.85771,0.85785
2013.03.19 00:23:29.431,0.85772,0.85785
2013.03.19 00:23:29.681,0.85772,0.85785
2013.03.19 00:23:29.870,0.85772,0.85785
2013.03.19 00:23:30.530,0.85772,0.85785
2013.03.19 00:23:30.650,0.85772,0.85785
2013.03.19 00:23:36.030,0.85771,0.85787
2013.03.19 00:23:41.390,0.85773,0.85787
2013.03.19 00:23:42.981,0.85773,0.85786
2013.03.19 00:23:43.411,0.8577,0.85785
2013.03.19 00:23:43.661,0.8577,0.85785
2013.03.19 00:23:45.261,0.8577,0.85785
2013.03.19 00:23:45.752,0.85773,0.85786
2013.03.19 00:23:59.693,0.85773,0.85787
2013.03.19 00:24:01.820,0.85772,0.85787
2013.03.19 00:24:13.191,0.8577,0.85785
2013.03.19 00:24:16.141,0.85769,0.85784
2013.03.19 00:24:16.690,0.85769,0.85783
2013.03.19 00:24:17.193,0.85769,0.85781
2013.03.19 00:24:17.800,0.85769,0.85781
2013.03.19 00:24:30.079,0.85767,0.85781
2013.03.19 00:24:30.442,0.85766,0.8578
2013.03.19 00:24:30.511,0.85767,0.8578
2013.03.19 00:24:31.081,0.85764,0.85778
2013.03.19 00:24:33.160,0.85765,0.85778
2013.03.19 00:24:43.603,0.85767,0.8578
2013.03.19 00:24:47.350,0.85766,0.8578
2013.03.19 00:24:48.592,0.85767,0.85783
2013.03.19 00:24:48.661,0.85767,0.85783
2013.03.19 00:24:49.141,0.85767,0.85783
2013.03.19 00:24:56.182,0.85765,0.85778
2013.03.19 00:24:56.732,0.85764,0.85779
2013.03.19 00:24:57.902,0.85764,0.85777
2013.03.19 00:24:58.422,0.85764,0.85778
2013.03.19 00:24:58.491,0.85766,0.85779
2013.03.19 00:24:58.831,0.85764,0.85778
2013.03.19 00:25:01.500,0.85766,0.8578
2013.03.19 00:25:04.305,0.85765,0.8578
2013.03.19 00:25:06.822,0.85765,0.8578
2013.03.19 00:25:07.012,0.85767,0.85785
2013.03.19 00:25:07.081,0.85769,0.85785
2013.03.19 00:25:07.511,0.85769,0.85785
2013.03.19 00:25:09.341,0.85769,0.85785
2013.03.19 00:25:16.841,0.85769,0.85785
2013.03.19 00:25:19.127,0.8577,0.85785
2013.03.19 00:25:19.192,0.8577,0.85785
2013.03.19 00:25:19.381,0.85768,0.85785
2013.03.19 00:25:19.572,0.85771,0.85785
2013.03.19 00:25:19.702,0.85771,0.85788
2013.03.19 00:25:19.950,0.85773,0.85788
2013.03.19 00:25:23.551,0.85773,0.85788
2013.03.19 00:25:23.912,0.85771,0.85787
2013.03.19 00:25:23.981,0.8577,0.85787
2013.03.19 00:25:24.531,0.8577,0.85787
2013.03.19 00:25:27.080,0.8577,0.85787
2013.03.19 00:25:27.723,0.85771,0.85787
2013.03.19 00:25:27.970,0.85774,0.85789
2013.03.19 00:25:28.521,0.85774,0.85789
2013.03.19 00:25:31.680,0.85774,0.85789
2013.03.19 00:25:36.398,0.85773,0.85789
2013.03.19 00:25:42.151,0.85773,0.85788
2013.03.19 00:25:47.652,0.85773,0.85789
2013.03.19 00:25:50.790,0.85773,0.85789
2013.03.19 00:25:51.721,0.85773,0.85789
2013.03.19 00:25:56.931,0.85775,0.85789
2013.03.19 00:25:58.310,0.85775,0.85789
2013.03.19 00:26:00.301,0.85775,0.85789
2013.03.19 00:26:03.920,0.85775,0.85789
2013.03.19 00:26:08.500,0.85774,0.85789
2013.03.19 00:26:08.683,0.85773,0.85783
2013.03.19 00:26:08.813,0.85768,0.85784
2013.03.19 00:26:08.941,0.85769,0.85785
2013.03.19 00:26:09.131,0.8577,0.85785
2013.03.19 00:26:09.261,0.8577,0.85785
2013.03.19 00:26:12.691,0.8577,0.85786
2013.03.19 00:26:17.692,0.85769,0.85786
2013.03.19 00:26:20.252,0.85769,0.85786
2013.03.19 00:26:20.681,0.8577,0.85786
2013.03.19 00:26:22.092,0.85769,0.85786
2013.03.19 00:26:24.452,0.85768,0.85783
2013.03.19 00:26:25.444,0.85769,0.85785
2013.03.19 00:26:25.873,0.8577,0.85785
2013.03.19 00:26:27.166,0.85771,0.85787
2013.03.19 00:26:27.231,0.8577,0.85787
2013.03.19 00:26:31.164,0.8577,0.85787
2013.03.19 00:26:36.031,0.8577,0.85787
2013.03.19 00:26:47.284,0.8577,0.85788
2013.03.19 00:26:54.418,0.8577,0.85788
2013.03.19 00:27:00.031,0.8577,0.85788
2013.03.19 00:27:03.281,0.8577,0.85785
2013.03.19 00:27:03.811,0.8577,0.85785
2013.03.19 00:27:04.893,0.8577,0.85785
2013.03.19 00:27:05.681,0.85771,0.85787
2013.03.19 00:27:07.954,0.85771,0.85787
2013.03.19 00:27:08.592,0.85771,0.85787
2013.03.19 00:27:12.139,0.85772,0.85787
2013.03.19 00:27:15.112,0.8577,0.85786
2013.03.19 00:27:16.911,0.85771,0.85785
2013.03.19 00:27:16.983,0.85769,0.8578
2013.03.19 00:27:17.460,0.85767,0.8578
2013.03.19 00:27:18.662,0.85765,0.85779
2013.03.19 00:27:18.972,0.85763,0.85777
2013.03.19 00:27:19.102,0.85763,0.85777
2013.03.19 00:27:19.232,0.85763,0.85776
2013.03.19 00:27:19.372,0.85761,0.85776
2013.03.19 00:27:19.442,0.85759,0.85775
2013.03.19 00:27:19.992,0.85758,0.85775
2013.03.19 00:27:21.702,0.85757,0.85774
2013.03.19 00:27:22.211,0.85758,0.85774
2013.03.19 00:27:22.642,0.8576,0.85775
2013.03.19 00:27:24.304,0.85757,0.85775
2013.03.19 00:27:24.371,0.85758,0.85775
2013.03.19 00:27:25.691,0.85757,0.85773
2013.03.19 00:27:28.921,0.85759,0.85775
2013.03.19 00:27:29.481,0.85759,0.85773
2013.03.19 00:27:30.022,0.85761,0.85776
2013.03.19 00:27:30.331,0.85762,0.85776
2013.03.19 00:27:32.292,0.85763,0.85777
2013.03.19 00:27:52.621,0.85763,0.85778
2013.03.19 00:27:58.302,0.85763,0.85779
2013.03.19 00:27:58.493,0.85767,0.85779
2013.03.19 00:27:58.991,0.85767,0.85781
2013.03.19 00:27:59.421,0.85768,0.85781
2013.03.19 00:27:59.962,0.85769,0.85784
2013.03.19 00:28:02.078,0.85769,0.85785
2013.03.19 00:28:05.281,0.85768,0.85783
2013.03.19 00:28:09.132,0.85768,0.85784
2013.03.19 00:28:12.376,0.85767,0.85782
2013.03.19 00:28:12.572,0.85765,0.85781
2013.03.19 00:28:20.512,0.85764,0.85779
2013.03.19 00:28:22.898,0.85766,0.8578
2013.03.19 00:28:23.804,0.85764,0.85779
2013.03.19 00:28:27.311,0.85766,0.85779
2013.03.19 00:28:28.661,0.85764,0.85779
2013.03.19 00:28:32.951,0.85764,0.85779
2013.03.19 00:28:34.951,0.85764,0.85779
2013.03.19 00:28:44.501,0.85765,0.8578
2013.03.19 00:28:49.882,0.85765,0.85778
2013.03.19 00:28:59.662,0.85764,0.85776
2013.03.19 00:29:05.070,0.85763,0.85776
2013.03.19 00:29:07.942,0.85763,0.85776
2013.03.19 00:29:08.612,0.85764,0.85778
2013.03.19 00:29:09.219,0.85764,0.85779
2013.03.19 00:29:10.472,0.85764,0.85778
2013.03.19 00:29:11.201,0.85764,0.85777
2013.03.19 00:29:12.232,0.85764,0.85777
2013.03.19 00:29:16.403,0.85763,0.85777
2013.03.19 00:29:19.721,0.85764,0.85777
2013.03.19 00:29:20.382,0.85764,0.85778
2013.03.19 00:29:21.953,0.85767,0.85782
2013.03.19 00:29:22.024,0.85767,0.85782
2013.03.19 00:29:22.771,0.85767,0.85781
2013.03.19 00:29:26.414,0.85767,0.8578
2013.03.19 00:29:26.961,0.85769,0.85782
2013.03.19 00:29:29.381,0.85767,0.85782
2013.03.19 00:29:29.691,0.85767,0.85782
2013.03.19 00:29:33.933,0.85769,0.85785
2013.03.19 00:29:34.001,0.85771,0.85785
2013.03.19 00:29:34.422,0.85772,0.85786
2013.03.19 00:29:34.971,0.85773,0.85787
2013.03.19 00:29:35.302,0.85773,0.85787
2013.03.19 00:29:35.856,0.85772,0.85786
2013.03.19 00:29:36.383,0.85772,0.85786
2013.03.19 00:29:36.931,0.85772,0.85786
2013.03.19 00:29:37.472,0.85771,0.85786
2013.03.19 00:29:37.848,0.8577,0.85786
2013.03.19 00:29:38.841,0.85769,0.85786
2013.03.19 00:29:39.971,0.85768,0.85784
2013.03.19 00:29:42.592,0.85768,0.85784
2013.03.19 00:29:42.782,0.85769,0.85786
2013.03.19 00:29:43.331,0.85771,0.85786
2013.03.19 00:29:47.630,0.85771,0.85787
2013.03.19 00:29:47.751,0.85772,0.85788
2013.03.19 00:29:48.292,0.85774,0.85788
2013.03.19 00:29:49.841,0.85773,0.85787
2013.03.19 00:29:52.394,0.85773,0.85789
2013.03.19 00:29:54.277,0.85772,0.85788
2013.03.19 00:30:00.483,0.85771,0.85787
2013.03.19 00:30:00.943,0.85768,0.85785
2013.03.19 00:30:01.604,0.8577,0.85784
2013.03.19 00:30:02.146,0.85769,0.85784
2013.03.19 00:30:03.605,0.85769,0.85783
2013.03.19 00:30:04.632,0.85769,0.85783
2013.03.19 00:30:04.763,0.85769,0.85783
2013.03.19 00:30:06.166,0.85765,0.85783
2013.03.19 00:30:06.930,0.85774,0.85786
2013.03.19 00:30:07.133,0.85774,0.85792
2013.03.19 00:30:07.205,0.85775,0.85793
2013.03.19 00:30:07.394,0.8578,0.85793
2013.03.19 00:30:07.604,0.8578,0.85795
2013.03.19 00:30:08.122,0.8578,0.85796
2013.03.19 00:30:08.504,0.85778,0.85794
2013.03.19 00:30:09.013,0.8578,0.85795
2013.03.19 00:30:10.531,0.85777,0.85793
2013.03.19 00:30:11.733,0.8578,0.85795
2013.03.19 00:30:12.172,0.8578,0.85796
2013.03.19 00:30:12.425,0.85778,0.85793
2013.03.19 00:30:12.493,0.85777,0.85793
2013.03.19 00:30:12.996,0.85779,0.85795
2013.03.19 00:30:13.362,0.85779,0.85797
2013.03.19 00:30:13.912,0.8578,0.85799
2013.03.19 00:30:14.403,0.8578,0.85796
2013.03.19 00:30:14.717,0.8578,0.85796
2013.03.19 00:30:15.540,0.85784,0.85799
2013.03.19 00:30:15.881,0.85786,0.85802
2013.03.19 00:30:16.433,0.85785,0.85802
2013.03.19 00:30:16.922,0.85784,0.858
2013.03.19 00:30:17.052,0.85786,0.858
2013.03.19 00:30:17.184,0.85784,0.85799
2013.03.19 00:30:17.626,0.85783,0.85798
2013.03.19 00:30:18.472,0.85782,0.85798
2013.03.19 00:30:19.750,0.85782,0.85798
2013.03.19 00:30:23.236,0.85779,0.85794
2013.03.19 00:30:23.423,0.85779,0.85794
2013.03.19 00:30:23.553,0.85775,0.85793
2013.03.19 00:30:23.622,0.85775,0.85793
2013.03.19 00:30:23.752,0.85775,0.8579
2013.03.19 00:30:24.002,0.85776,0.8579
2013.03.19 00:30:24.581,0.85774,0.8579
2013.03.19 00:30:25.163,0.85774,0.85791
2013.03.19 00:30:26.282,0.85775,0.85791
2013.03.19 00:30:27.023,0.85777,0.85793
2013.03.19 00:30:27.454,0.85776,0.85793
2013.03.19 00:30:27.523,0.85775,0.85791
2013.03.19 00:30:27.593,0.85775,0.85791
2013.03.19 00:30:27.723,0.85773,0.85791
2013.03.19 00:30:28.092,0.85771,0.85787
2013.03.19 00:30:28.412,0.85772,0.85786
2013.03.19 00:30:28.913,0.8577,0.85786
2013.03.19 00:30:30.581,0.85772,0.85788
2013.03.19 00:30:31.229,0.85773,0.85788
2013.03.19 00:30:32.527,0.85772,0.85788
2013.03.19 00:30:33.042,0.85774,0.85788
2013.03.19 00:30:33.693,0.85771,0.85788
2013.03.19 00:30:33.882,0.8577,0.85786
2013.03.19 00:30:34.994,0.85769,0.85786
2013.03.19 00:30:35.982,0.85769,0.85786
2013.03.19 00:30:36.908,0.85769,0.85785
2013.03.19 00:30:40.633,0.85768,0.85783
2013.03.19 00:30:41.632,0.85769,0.85785
2013.03.19 00:30:42.172,0.85769,0.85785
2013.03.19 00:30:43.141,0.85769,0.85785
2013.03.19 00:30:45.354,0.85769,0.85784
2013.03.19 00:30:46.033,0.85768,0.85783
2013.03.19 00:30:46.578,0.85765,0.85781
2013.03.19 00:30:46.908,0.85765,0.85781
2013.03.19 00:30:48.722,0.85766,0.85781
2013.03.19 00:30:49.082,0.85767,0.85781
2013.03.19 00:30:49.332,0.8577,0.85783
2013.03.19 00:30:52.233,0.85765,0.85782
2013.03.19 00:30:52.302,0.85765,0.85782
2013.03.19 00:30:52.492,0.85765,0.85782
2013.03.19 00:30:54.430,0.85767,0.85783
2013.03.19 00:30:55.801,0.85767,0.85783
2013.03.19 00:30:59.842,0.85767,0.85783
2013.03.19 00:31:01.678,0.85767,0.85783
2013.03.19 00:31:03.702,0.85768,0.85784
2013.03.19 00:31:03.952,0.85771,0.85784
2013.03.19 00:31:05.081,0.85773,0.85787
2013.03.19 00:31:06.097,0.85772,0.85787
2013.03.19 00:31:10.824,0.85771,0.85787
2013.03.19 00:31:16.573,0.85771,0.85786
2013.03.19 00:31:17.122,0.8577,0.85785
2013.03.19 00:31:17.374,0.8577,0.85785
2013.03.19 00:31:19.082,0.8577,0.85785
2013.03.19 00:31:20.923,0.8577,0.85785
2013.03.19 00:31:21.124,0.85772,0.85788
2013.03.19 00:31:21.323,0.85772,0.85788
2013.03.19 00:31:21.833,0.85772,0.85788
2013.03.19 00:31:21.902,0.85772,0.85787
2013.03.19 00:31:22.333,0.8577,0.85784
2013.03.19 00:31:22.523,0.85771,0.85785
2013.03.19 00:31:23.084,0.8577,0.85786
2013.03.19 00:31:24.192,0.8577,0.85786
2013.03.19 00:31:26.584,0.85772,0.85789
2013.03.19 00:31:26.713,0.85773,0.85789
2013.03.19 00:31:27.084,0.85774,0.85789
2013.03.19 00:31:27.154,0.85773,0.85786
2013.03.19 00:31:27.663,0.85774,0.85789
2013.03.19 00:31:27.973,0.85775,0.85788
2013.03.19 00:31:28.998,0.85774,0.85789
2013.03.19 00:31:29.667,0.85774,0.85789
2013.03.19 00:31:32.103,0.85775,0.85791
2013.03.19 00:31:32.173,0.85776,0.85791
2013.03.19 00:31:32.364,0.85778,0.85793
2013.03.19 00:31:32.921,0.85778,0.85793
2013.03.19 00:31:33.668,0.85778,0.85793
2013.03.19 00:31:36.291,0.85778,0.85794
2013.03.19 00:31:38.065,0.85781,0.85794
2013.03.19 00:31:38.196,0.85781,0.85798
2013.03.19 00:31:38.466,0.85782,0.85798
2013.03.19 00:31:39.613,0.85782,0.85796
2013.03.19 00:31:39.754,0.85783,0.85799
2013.03.19 00:31:40.203,0.85784,0.858
2013.03.19 00:31:40.342,0.85785,0.858
2013.03.19 00:31:40.484,0.85786,0.85803
2013.03.19 00:31:40.553,0.85786,0.85803
2013.03.19 00:31:41.062,0.85787,0.85803
2013.03.19 00:31:42.091,0.85786,0.85802
2013.03.19 00:31:42.531,0.85785,0.85799
2013.03.19 00:31:44.552,0.85784,0.85798
2013.03.19 00:31:45.191,0.85786,0.858
2013.03.19 00:31:45.395,0.85787,0.85802
2013.03.19 00:31:45.945,0.85788,0.85803
2013.03.19 00:31:46.372,0.85788,0.85802
2013.03.19 00:31:47.942,0.85787,0.85803
2013.03.19 00:31:48.193,0.85792,0.85807
2013.03.19 00:31:48.323,0.85792,0.85807
2013.03.19 00:31:50.634,0.85795,0.8581
2013.03.19 00:31:50.706,0.85795,0.8581
2013.03.19 00:31:51.537,0.85798,0.85813
2013.03.19 00:31:52.062,0.85802,0.85816
2013.03.19 00:31:54.173,0.85802,0.85817
2013.03.19 00:31:55.673,0.85802,0.85817
2013.03.19 00:31:55.802,0.85802,0.85817
2013.03.19 00:31:55.932,0.85799,0.85815
2013.03.19 00:31:58.132,0.85801,0.85815
2013.03.19 00:31:58.644,0.85799,0.85812
2013.03.19 00:31:59.209,0.85799,0.85812
2013.03.19 00:31:59.452,0.85799,0.8581
2013.03.19 00:32:00.426,0.85792,0.85808
2013.03.19 00:32:01.186,0.85792,0.85806
2013.03.19 00:32:01.263,0.85787,0.85801
2013.03.19 00:32:03.453,0.85786,0.858
2013.03.19 00:32:03.774,0.85786,0.858
2013.03.19 00:32:04.333,0.85783,0.85798
2013.03.19 00:32:04.875,0.85783,0.85798
2013.03.19 00:32:05.767,0.85783,0.85798
2013.03.19 00:32:06.448,0.85781,0.85794
2013.03.19 00:32:06.772,0.85779,0.85792
2013.03.19 00:32:07.022,0.85777,0.85793
2013.03.19 00:32:08.113,0.85777,0.85791
2013.03.19 00:32:08.302,0.85777,0.85791
2013.03.19 00:32:08.843,0.85775,0.8579
2013.03.19 00:32:09.223,0.85775,0.8579
2013.03.19 00:32:10.849,0.85777,0.85791
2013.03.19 00:32:16.132,0.8578,0.85794
2013.03.19 00:32:18.428,0.8578,0.85796
2013.03.19 00:32:19.352,0.85782,0.85796
2013.03.19 00:32:22.632,0.85784,0.85798
2013.03.19 00:32:23.582,0.85785,0.858
2013.03.19 00:32:24.762,0.85784,0.85798
2013.03.19 00:32:25.122,0.85782,0.85796
2013.03.19 00:32:25.742,0.85782,0.85798
2013.03.19 00:32:26.252,0.85782,0.85798
2013.03.19 00:32:26.756,0.85784,0.85799
2013.03.19 00:32:26.942,0.85785,0.858
2013.03.19 00:32:27.132,0.85785,0.85802
2013.03.19 00:32:27.253,0.85786,0.85802
2013.03.19 00:32:27.928,0.85786,0.85802
2013.03.19 00:32:28.936,0.85786,0.85802
2013.03.19 00:32:32.629,0.85786,0.85802
2013.03.19 00:32:34.605,0.85786,0.85801
2013.03.19 00:32:36.201,0.85786,0.85801
2013.03.19 00:32:38.481,0.85785,0.858
2013.03.19 00:32:44.742,0.85784,0.85798
2013.03.19 00:32:44.873,0.85785,0.85798
2013.03.19 00:32:45.062,0.85786,0.85801
2013.03.19 00:32:46.777,0.85786,0.85801
2013.03.19 00:32:47.024,0.85783,0.85798
2013.03.19 00:32:47.272,0.85783,0.85798
2013.03.19 00:32:48.083,0.85781,0.85795
2013.03.19 00:32:48.152,0.85781,0.85793
2013.03.19 00:32:48.273,0.8578,0.85796
2013.03.19 00:32:48.603,0.8578,0.85793
2013.03.19 00:33:01.897,0.8578,0.85793
2013.03.19 00:33:02.602,0.85779,0.85793
2013.03.19 00:33:06.075,0.85779,0.85787
2013.03.19 00:33:07.411,0.85778,0.85792
2013.03.19 00:33:07.473,0.85778,0.85793
2013.03.19 00:33:07.601,0.85778,0.85793
2013.03.19 00:33:07.661,0.8578,0.85793
2013.03.19 00:33:08.374,0.8578,0.85793
2013.03.19 00:33:13.234,0.85781,0.85794
2013.03.19 00:33:15.922,0.85781,0.85793
2013.03.19 00:33:16.423,0.85779,0.85793
2013.03.19 00:33:17.308,0.85779,0.85794
2013.03.19 00:33:17.375,0.85779,0.85795
2013.03.19 00:33:17.694,0.8578,0.85792
2013.03.19 00:33:17.943,0.85782,0.85796
2013.03.19 00:33:22.701,0.85784,0.85798
2013.03.19 00:33:26.572,0.85786,0.85798
2013.03.19 00:33:26.820,0.85786,0.85801
2013.03.19 00:33:27.122,0.85787,0.85801
2013.03.19 00:33:32.974,0.85782,0.85796
2013.03.19 00:33:33.162,0.85782,0.85795
2013.03.19 00:33:33.722,0.85784,0.85799
2013.03.19 00:33:38.911,0.85786,0.858
2013.03.19 00:33:43.081,0.85786,0.85801
2013.03.19 00:33:43.973,0.85786,0.85801
2013.03.19 00:33:47.482,0.85786,0.85801
2013.03.19 00:33:47.744,0.8579,0.85804
2013.03.19 00:33:48.296,0.8579,0.85804
2013.03.19 00:33:54.733,0.8579,0.85803
2013.03.19 00:33:55.242,0.85789,0.85801
2013.03.19 00:33:55.973,0.85787,0.85802
2013.03.19 00:33:56.968,0.85787,0.85802
2013.03.19 00:33:58.523,0.85789,0.85802
2013.03.19 00:33:59.082,0.85786,0.85802
2013.03.19 00:34:00.923,0.85784,0.858
2013.03.19 00:34:16.213,0.85784,0.858
2013.03.19 00:34:16.522,0.85782,0.85795
2013.03.19 00:34:16.646,0.85781,0.85795
2013.03.19 00:34:16.912,0.85781,0.85794
2013.03.19 00:34:28.212,0.85781,0.85795
2013.03.19 00:34:28.732,0.85781,0.85795
2013.03.19 00:34:29.433,0.85781,0.85795
2013.03.19 00:34:31.093,0.85783,0.85796
2013.03.19 00:34:32.282,0.85782,0.85795
2013.03.19 00:34:34.061,0.85783,0.85795
2013.03.19 00:34:34.615,0.85781,0.85796
2013.03.19 00:34:35.593,0.85783,0.85797
2013.03.19 00:34:36.141,0.85785,0.85798
2013.03.19 00:34:39.274,0.85785,0.85798
2013.03.19 00:34:41.444,0.85786,0.85798
2013.03.19 00:34:42.158,0.85785,0.85798
2013.03.19 00:34:44.582,0.85786,0.85799
2013.03.19 00:34:45.133,0.85787,0.85799
2013.03.19 00:34:52.555,0.8578,0.85796
2013.03.19 00:34:52.625,0.8578,0.85795
2013.03.19 00:34:52.933,0.8578,0.85793
2013.03.19 00:34:53.003,0.85778,0.85791
2013.03.19 00:34:53.193,0.85778,0.85791
2013.03.19 00:34:56.081,0.85777,0.85791
2013.03.19 00:35:03.174,0.85775,0.85791
2013.03.19 00:35:03.934,0.85775,0.85791
2013.03.19 00:35:05.583,0.85776,0.85791
2013.03.19 00:35:06.061,0.85776,0.85791
2013.03.19 00:35:17.412,0.8578,0.85793
2013.03.19 00:35:17.784,0.85783,0.85797
2013.03.19 00:35:17.913,0.85785,0.858
2013.03.19 00:35:18.042,0.85786,0.85801
2013.03.19 00:35:18.224,0.85788,0.85802
2013.03.19 00:35:18.425,0.85788,0.85802
2013.03.19 00:35:18.972,0.85788,0.85802
2013.03.19 00:35:24.471,0.85787,0.858
2013.03.19 00:35:26.063,0.85787,0.858
2013.03.19 00:35:27.401,0.85787,0.858
2013.03.19 00:35:27.973,0.85784,0.858
2013.03.19 00:35:28.501,0.85784,0.85798
2013.03.19 00:35:28.892,0.85784,0.85798
2013.03.19 00:35:40.233,0.85784,0.85799
2013.03.19 00:35:40.481,0.85784,0.85799
2013.03.19 00:35:44.105,0.85784,0.85799
2013.03.19 00:35:44.694,0.85784,0.85799
2013.03.19 00:35:45.971,0.85784,0.85799
2013.03.19 00:35:47.253,0.85785,0.85799
2013.03.19 00:35:47.755,0.85784,0.85799
2013.03.19 00:35:48.482,0.85784,0.85799
2013.03.19 00:35:52.232,0.85784,0.85798
2013.03.19 00:35:56.778,0.85784,0.85798
2013.03.19 00:35:58.005,0.85783,0.85797
2013.03.19 00:35:58.194,0.85781,0.85796
2013.03.19 00:35:58.443,0.85778,0.85794
2013.03.19 00:35:58.633,0.85778,0.85793
2013.03.19 00:35:58.701,0.85778,0.85793
2013.03.19 00:36:04.282,0.85778,0.85793
2013.03.19 00:36:04.603,0.85781,0.85796
2013.03.19 00:36:04.733,0.85781,0.85797
2013.03.19 00:36:04.922,0.85784,0.85797
2013.03.19 00:36:05.163,0.85782,0.85797
2013.03.19 00:36:05.612,0.85784,0.85797
2013.03.19 00:36:11.573,0.85784,0.85799
2013.03.19 00:36:12.543,0.85783,0.85796
2013.03.19 00:36:13.551,0.85781,0.85797
2013.03.19 00:36:13.677,0.85779,0.85795
2013.03.19 00:36:14.114,0.85776,0.85793
2013.03.19 00:36:14.184,0.85775,0.85792
2013.03.19 00:36:14.252,0.85774,0.85791
2013.03.19 00:36:14.432,0.85775,0.8579
2013.03.19 00:36:16.076,0.85775,0.85791
2013.03.19 00:36:16.932,0.85775,0.85791
2013.03.19 00:36:17.602,0.85775,0.85791
2013.03.19 00:36:19.460,0.85775,0.85791
2013.03.19 00:36:21.762,0.85775,0.85791
2013.03.19 00:36:28.412,0.85775,0.85791
2013.03.19 00:36:29.575,0.85775,0.85791
2013.03.19 00:36:31.163,0.85775,0.85791
2013.03.19 00:36:34.357,0.85774,0.8579
2013.03.19 00:36:34.699,0.85768,0.85785
2013.03.19 00:36:34.954,0.8577,0.85783
2013.03.19 00:36:38.004,0.8577,0.85784
2013.03.19 00:36:38.706,0.8577,0.85784
2013.03.19 00:36:38.772,0.85772,0.85785
2013.03.19 00:36:39.093,0.85774,0.85788
2013.03.19 00:36:39.656,0.85772,0.85786
2013.03.19 00:36:45.578,0.85773,0.85789
2013.03.19 00:36:45.717,0.85774,0.85789
2013.03.19 00:36:45.782,0.85775,0.85789
2013.03.19 00:36:46.144,0.85769,0.85784
2013.03.19 00:36:46.273,0.85769,0.85784
2013.03.19 00:36:46.983,0.85769,0.85784
2013.03.19 00:36:49.112,0.85769,0.85785
2013.03.19 00:36:50.312,0.8577,0.85785
2013.03.19 00:36:52.443,0.8577,0.85786
2013.03.19 00:36:52.753,0.85767,0.8578
2013.03.19 00:36:52.822,0.85766,0.85782
2013.03.19 00:36:53.182,0.85765,0.8578
2013.03.19 00:36:54.704,0.85767,0.85781
2013.03.19 00:36:54.954,0.85768,0.85783
2013.03.19 00:36:55.501,0.85768,0.85784
2013.03.19 00:36:58.024,0.85768,0.85783
2013.03.19 00:36:58.778,0.85766,0.85779
2013.03.19 00:36:59.112,0.85763,0.85775
2013.03.19 00:37:00.015,0.85764,0.85778
2013.03.19 00:37:00.323,0.85766,0.85778
2013.03.19 00:37:00.633,0.85766,0.8578
2013.03.19 00:37:00.762,0.85766,0.85781
2013.03.19 00:37:02.832,0.85767,0.8578
2013.03.19 00:37:06.657,0.85767,0.85779
2013.03.19 00:37:06.934,0.85765,0.85777
2013.03.19 00:37:07.003,0.85763,0.85778
2013.03.19 00:37:07.077,0.85762,0.85778
2013.03.19 00:37:07.142,0.85762,0.85777
2013.03.19 00:37:07.655,0.85761,0.85775
2013.03.19 00:37:08.553,0.85761,0.85776
2013.03.19 00:37:09.101,0.85762,0.85776
2013.03.19 00:37:17.274,0.85762,0.85776
2013.03.19 00:37:18.072,0.85762,0.85775
2013.03.19 00:37:18.612,0.85762,0.85775
2013.03.19 00:37:21.103,0.8576,0.85775
2013.03.19 00:37:22.683,0.85762,0.85776
2013.03.19 00:37:25.593,0.85764,0.8578
2013.03.19 00:37:26.747,0.85764,0.8578
2013.03.19 00:37:28.443,0.85766,0.8578
2013.03.19 00:37:31.403,0.85766,0.85781
2013.03.19 00:37:31.954,0.85768,0.85782
2013.03.19 00:37:35.005,0.85767,0.8578
2013.03.19 00:37:35.513,0.85765,0.8578
2013.03.19 00:37:35.762,0.85766,0.85781
2013.03.19 00:37:36.004,0.85768,0.85783
2013.03.19 00:37:36.203,0.85768,0.85783
2013.03.19 00:37:36.717,0.85769,0.85783
2013.03.19 00:37:37.055,0.8577,0.85784
2013.03.19 00:37:38.084,0.85772,0.85784
2013.03.19 00:37:38.160,0.85772,0.85788
2013.03.19 00:37:38.913,0.85772,0.85788
2013.03.19 00:37:39.424,0.8577,0.85785
2013.03.19 00:37:39.613,0.85768,0.85782
2013.03.19 00:37:40.172,0.85768,0.85783
2013.03.19 00:37:40.734,0.8577,0.85786
2013.03.19 00:37:41.224,0.85769,0.85786
2013.03.19 00:37:42.034,0.85768,0.85784
2013.03.19 00:37:42.342,0.85769,0.85784
2013.03.19 00:37:44.279,0.85769,0.85785
2013.03.19 00:37:44.826,0.8577,0.85784
2013.03.19 00:37:45.153,0.8577,0.85786
2013.03.19 00:37:48.974,0.85769,0.85786
2013.03.19 00:37:49.105,0.85768,0.85782
2013.03.19 00:37:49.293,0.85768,0.85782
2013.03.19 00:37:50.456,0.85768,0.85782
2013.03.19 00:37:50.781,0.85766,0.85781
2013.03.19 00:37:51.473,0.85766,0.8578
2013.03.19 00:37:52.373,0.85767,0.8578
2013.03.19 00:37:53.042,0.85767,0.8578
2013.03.19 00:37:55.272,0.85767,0.85782
2013.03.19 00:37:56.442,0.85767,0.85782
2013.03.19 00:37:56.953,0.8577,0.85782
2013.03.19 00:37:57.145,0.8577,0.85782
2013.03.19 00:37:57.649,0.85771,0.85785
2013.03.19 00:37:58.388,0.85772,0.85785
2013.03.19 00:37:58.725,0.85773,0.85785
2013.03.19 00:37:59.433,0.85772,0.85785
2013.03.19 00:37:59.684,0.85771,0.85784
2013.03.19 00:37:59.932,0.8577,0.85784
2013.03.19 00:38:00.123,0.8577,0.85784
2013.03.19 00:38:00.432,0.8577,0.85784
2013.03.19 00:38:00.922,0.8577,0.85784
2013.03.19 00:38:01.043,0.8577,0.85784
2013.03.19 00:38:01.414,0.85768,0.85784
2013.03.19 00:38:01.722,0.85765,0.8578
2013.03.19 00:38:01.852,0.85766,0.8578
2013.03.19 00:38:02.170,0.85766,0.8578
2013.03.19 00:38:02.921,0.85765,0.8578
2013.03.19 00:38:04.371,0.85765,0.85778
2013.03.19 00:38:04.587,0.85761,0.85776
2013.03.19 00:38:05.045,0.8576,0.85772
2013.03.19 00:38:05.352,0.8576,0.85772
2013.03.19 00:38:06.454,0.8576,0.85772
2013.03.19 00:38:06.595,0.85758,0.85771
2013.03.19 00:38:06.662,0.85759,0.85771
2013.03.19 00:38:06.782,0.85759,0.85771
2013.03.19 00:38:09.184,0.85758,0.85772
2013.03.19 00:38:10.323,0.85758,0.85773
2013.03.19 00:38:10.993,0.85758,0.85771
2013.03.19 00:38:11.542,0.8576,0.85773
2013.03.19 00:38:14.193,0.85759,0.85772
2013.03.19 00:38:14.455,0.85757,0.8577
2013.03.19 00:38:14.524,0.85754,0.85769
2013.03.19 00:38:14.652,0.85753,0.85768
2013.03.19 00:38:14.963,0.85754,0.85766
2013.03.19 00:38:18.334,0.85752,0.85764
2013.03.19 00:38:18.702,0.85755,0.85766
2013.03.19 00:38:19.002,0.85755,0.85769
2013.03.19 00:38:23.654,0.85755,0.85769
2013.03.19 00:38:26.249,0.85756,0.85769
2013.03.19 00:38:28.942,0.85752,0.85765
2013.03.19 00:38:29.183,0.85752,0.85765
2013.03.19 00:38:35.792,0.85752,0.85764
2013.03.19 00:38:36.541,0.85751,0.85763
2013.03.19 00:38:39.293,0.85751,0.85764
2013.03.19 00:38:53.163,0.85749,0.8576
2013.03.19 00:38:53.234,0.85745,0.85759
2013.03.19 00:38:53.302,0.85742,0.85757
2013.03.19 00:38:53.841,0.85741,0.85756
2013.03.19 00:38:54.022,0.85738,0.85752
2013.03.19 00:38:54.143,0.85738,0.85752
2013.03.19 00:38:57.993,0.85738,0.85752
2013.03.19 00:38:58.302,0.85741,0.85755
2013.03.19 00:39:03.483,0.85743,0.85756
2013.03.19 00:39:04.872,0.85743,0.85756
2013.03.19 00:39:10.009,0.85743,0.85757
2013.03.19 00:39:10.253,0.85744,0.85758
2013.03.19 00:39:10.383,0.85744,0.85758
2013.03.19 00:39:11.852,0.85744,0.85758
2013.03.19 00:39:18.734,0.85746,0.8576
2013.03.19 00:39:19.242,0.85747,0.8576
2013.03.19 00:39:21.051,0.85747,0.8576
2013.03.19 00:39:22.971,0.85748,0.85761
2013.03.19 00:39:33.652,0.85749,0.85761
2013.03.19 00:39:36.845,0.85749,0.85761
2013.03.19 00:39:36.915,0.8575,0.85761
2013.03.19 00:39:37.282,0.85753,0.85763
2013.03.19 00:39:37.462,0.85754,0.85765
2013.03.19 00:39:38.429,0.85755,0.85766
2013.03.19 00:39:39.062,0.85755,0.85767
2013.03.19 00:39:40.142,0.85754,0.85767
2013.03.19 00:39:40.645,0.85754,0.85768
2013.03.19 00:39:41.235,0.85754,0.85768
2013.03.19 00:39:41.345,0.85754,0.85768
2013.03.19 00:39:46.222,0.85755,0.85766
2013.03.19 00:39:47.973,0.85753,0.85764
2013.03.19 00:39:48.223,0.85751,0.85764
2013.03.19 00:39:48.532,0.8575,0.85763
2013.03.19 00:39:48.782,0.85746,0.85761
2013.03.19 00:39:49.094,0.85746,0.85761
2013.03.19 00:39:49.412,0.85746,0.85757
2013.03.19 00:39:49.962,0.85745,0.85756
2013.03.19 00:39:50.693,0.85746,0.85758
2013.03.19 00:40:02.193,0.85746,0.85757
2013.03.19 00:40:02.931,0.85746,0.85757
2013.03.19 00:40:03.573,0.85746,0.85757
2013.03.19 00:40:04.617,0.85747,0.85758
2013.03.19 00:40:04.688,0.85748,0.85758
2013.03.19 00:40:04.816,0.85748,0.8576
2013.03.19 00:40:05.221,0.85748,0.8576
2013.03.19 00:40:07.341,0.8575,0.85763
2013.03.19 00:40:08.355,0.8575,0.85763
2013.03.19 00:40:08.692,0.85752,0.85765
2013.03.19 00:40:09.112,0.85752,0.85765
2013.03.19 00:40:09.293,0.8575,0.85765
2013.03.19 00:40:09.362,0.8575,0.85764
2013.03.19 00:40:11.008,0.8575,0.85762
2013.03.19 00:40:12.141,0.85751,0.85762
2013.03.19 00:40:14.374,0.8575,0.85762
2013.03.19 00:40:14.503,0.85751,0.85762
2013.03.19 00:40:19.302,0.8575,0.85762
2013.03.19 00:40:19.674,0.85749,0.85762
2013.03.19 00:40:19.742,0.85749,0.85762
2013.03.19 00:40:20.104,0.85749,0.85762
2013.03.19 00:40:20.613,0.85748,0.8576
2013.03.19 00:40:20.923,0.85749,0.85762
2013.03.19 00:40:21.424,0.85749,0.85763
2013.03.19 00:40:21.978,0.85751,0.85763
2013.03.19 00:40:22.991,0.85751,0.85766
2013.03.19 00:40:24.072,0.85751,0.85766
2013.03.19 00:40:27.004,0.85754,0.85767
2013.03.19 00:40:32.232,0.85754,0.85768
2013.03.19 00:40:37.956,0.85752,0.85767
2013.03.19 00:40:38.336,0.85752,0.85765
2013.03.19 00:40:39.734,0.85752,0.85765
2013.03.19 00:40:39.950,0.85752,0.85765
2013.03.19 00:40:40.283,0.85753,0.85765
2013.03.19 00:40:40.742,0.85754,0.85768
2013.03.19 00:40:41.382,0.85754,0.85768
2013.03.19 00:40:42.722,0.85755,0.85768
2013.03.19 00:40:43.093,0.85759,0.8577
2013.03.19 00:40:43.342,0.85759,0.85772
2013.03.19 00:40:43.722,0.85759,0.85772
2013.03.19 00:40:44.845,0.85759,0.85772
2013.03.19 00:40:45.164,0.85761,0.85774
2013.03.19 00:40:45.672,0.85762,0.85774
2013.03.19 00:40:46.713,0.85763,0.85774
2013.03.19 00:40:47.953,0.85762,0.85774
2013.03.19 00:40:48.143,0.85762,0.85774
2013.03.19 00:40:48.486,0.85762,0.85774
2013.03.19 00:40:48.793,0.8576,0.85772
2013.03.19 00:40:51.792,0.85758,0.85771
2013.03.19 00:40:52.351,0.85758,0.85771
2013.03.19 00:40:52.903,0.85758,0.85771
2013.03.19 00:40:53.732,0.85759,0.85772
2013.03.19 00:40:56.602,0.85759,0.85772
2013.03.19 00:40:59.833,0.85759,0.85774
2013.03.19 00:41:01.315,0.85759,0.85773
2013.03.19 00:41:02.330,0.85759,0.85773
2013.03.19 00:41:03.164,0.85759,0.85772
2013.03.19 00:41:03.695,0.8576,0.85775
2013.03.19 00:41:04.074,0.85761,0.85775
2013.03.19 00:41:04.143,0.85761,0.85774
2013.03.19 00:41:04.672,0.85762,0.85774
2013.03.19 00:41:06.611,0.85765,0.85774
2013.03.19 00:41:09.857,0.85763,0.85774
2013.03.19 00:41:10.402,0.85764,0.85774
2013.03.19 00:41:16.473,0.85764,0.85774
2013.03.19 00:41:23.061,0.85764,0.85774
2013.03.19 00:41:24.366,0.85764,0.85774
2013.03.19 00:41:28.622,0.85763,0.85775
2013.03.19 00:41:29.259,0.85763,0.85775
2013.03.19 00:41:29.813,0.85762,0.85774
2013.03.19 00:41:32.115,0.85761,0.85773
2013.03.19 00:41:32.626,0.8576,0.85773
2013.03.19 00:41:41.154,0.8576,0.85773
2013.03.19 00:41:41.352,0.8576,0.85773
2013.03.19 00:41:41.892,0.8576,0.85772
2013.03.19 00:41:44.552,0.8576,0.85774
2013.03.19 00:41:47.752,0.8576,0.85774
2013.03.19 00:41:52.373,0.85761,0.85773
2013.03.19 00:41:52.876,0.85761,0.85772
2013.03.19 00:41:58.593,0.85762,0.85772
2013.03.19 00:41:59.183,0.8576,0.85773
2013.03.19 00:42:00.838,0.85759,0.85768
2013.03.19 00:42:01.524,0.85759,0.85774
2013.03.19 00:42:02.042,0.85761,0.85774
2013.03.19 00:42:02.734,0.85761,0.85774
2013.03.19 00:42:04.774,0.85761,0.85774
2013.03.19 00:42:07.566,0.85761,0.85773
2013.03.19 00:42:08.722,0.85761,0.8577
2013.03.19 00:42:09.712,0.8576,0.85769
2013.03.19 00:42:10.739,0.85757,0.85769
2013.03.19 00:42:20.102,0.85758,0.85769
2013.03.19 00:42:28.753,0.85759,0.85772
2013.03.19 00:42:28.883,0.85758,0.85772
2013.03.19 00:42:31.635,0.85758,0.85771
2013.03.19 00:42:33.622,0.85759,0.85771
2013.03.19 00:42:34.204,0.8576,0.85771
2013.03.19 00:42:43.914,0.85761,0.85771
2013.03.19 00:42:50.582,0.85761,0.85772
2013.03.19 00:42:50.762,0.8576,0.85772
2013.03.19 00:42:52.005,0.8576,0.85769
2013.03.19 00:43:00.623,0.85759,0.85767
2013.03.19 00:43:01.183,0.85758,0.85767
2013.03.19 00:43:01.552,0.85761,0.85767
2013.03.19 00:43:01.613,0.85761,0.85772
2013.03.19 00:43:02.422,0.85761,0.85772
2013.03.19 00:43:02.973,0.8576,0.85772
2013.03.19 00:43:03.214,0.8576,0.85772
2013.03.19 00:43:03.343,0.8576,0.85775
2013.03.19 00:43:03.557,0.85762,0.85776
2013.03.19 00:43:03.685,0.85762,0.85777
2013.03.19 00:43:17.652,0.85763,0.85778
2013.03.19 00:43:23.912,0.85764,0.85778
2013.03.19 00:43:26.782,0.85764,0.85777
2013.03.19 00:43:28.452,0.85764,0.85777
2013.03.19 00:43:35.273,0.85765,0.85777
2013.03.19 00:43:36.685,0.85765,0.85776
2013.03.19 00:43:36.872,0.85762,0.85775
2013.03.19 00:43:36.933,0.85762,0.85775
2013.03.19 00:43:37.867,0.85761,0.85774
2013.03.19 00:43:38.672,0.85762,0.85775
2013.03.19 00:43:39.222,0.85762,0.85775
2013.03.19 00:43:43.162,0.85761,0.85774
2013.03.19 00:43:43.464,0.8576,0.85772
2013.03.19 00:43:45.673,0.85758,0.85772
2013.03.19 00:43:46.943,0.85758,0.85771
2013.03.19 00:43:49.354,0.8576,0.85771
2013.03.19 00:43:49.964,0.85759,0.85773
2013.03.19 00:43:50.512,0.85758,0.85773
2013.03.19 00:43:52.812,0.85759,0.85773
2013.03.19 00:43:53.193,0.85763,0.85776
2013.03.19 00:43:54.312,0.85763,0.85777
2013.03.19 00:43:55.101,0.85763,0.85777
2013.03.19 00:43:56.715,0.85763,0.85778
2013.03.19 00:44:00.107,0.85763,0.85778
2013.03.19 00:44:00.664,0.85764,0.85778
2013.03.19 00:44:02.246,0.85765,0.85779
2013.03.19 00:44:04.223,0.85765,0.85778
2013.03.19 00:44:05.134,0.85765,0.85779
2013.03.19 00:44:05.322,0.85765,0.85779
2013.03.19 00:44:06.115,0.85766,0.8578
2013.03.19 00:44:06.753,0.85766,0.8578
2013.03.19 00:44:06.883,0.85765,0.8578
2013.03.19 00:44:07.423,0.85765,0.8578
2013.03.19 00:44:08.971,0.85765,0.8578
2013.03.19 00:44:11.273,0.85764,0.85778
2013.03.19 00:44:13.775,0.85762,0.85777
2013.03.19 00:44:13.904,0.85762,0.85775
2013.03.19 00:44:14.153,0.85762,0.85776
2013.03.19 00:44:14.523,0.85763,0.85777
2013.03.19 00:44:15.785,0.85761,0.85777
2013.03.19 00:44:15.855,0.85762,0.85774
2013.03.19 00:44:16.056,0.85759,0.85773
2013.03.19 00:44:16.123,0.85759,0.85773
2013.03.19 00:44:16.674,0.85759,0.85773
2013.03.19 00:44:16.984,0.85759,0.8577
2013.03.19 00:44:19.672,0.8576,0.8577
2013.03.19 00:44:22.583,0.8576,0.85771
2013.03.19 00:44:23.133,0.8576,0.85771
2013.03.19 00:44:23.562,0.85761,0.85774
2013.03.19 00:44:23.703,0.85761,0.85775
2013.03.19 00:44:25.231,0.85763,0.85776
2013.03.19 00:44:26.743,0.85762,0.85777
2013.03.19 00:44:27.223,0.85761,0.85775
2013.03.19 00:44:29.229,0.8576,0.85772
2013.03.19 00:44:29.553,0.85758,0.8577
2013.03.19 00:44:30.153,0.85756,0.85771
2013.03.19 00:44:30.943,0.85756,0.85769
2013.03.19 00:44:32.956,0.85757,0.85769
2013.03.19 00:44:33.508,0.85757,0.85769
2013.03.19 00:44:34.152,0.85757,0.85769
2013.03.19 00:44:36.702,0.85757,0.85772
2013.03.19 00:44:36.885,0.85758,0.85773
2013.03.19 00:44:37.644,0.8576,0.85773
2013.03.19 00:44:39.123,0.8576,0.85772
2013.03.19 00:44:41.202,0.8576,0.85772
2013.03.19 00:44:41.323,0.8576,0.85773
2013.03.19 00:44:41.872,0.8576,0.85773
2013.03.19 00:44:42.962,0.8576,0.85773
2013.03.19 00:44:44.262,0.8576,0.85773
2013.03.19 00:44:44.775,0.8576,0.85776
2013.03.19 00:44:45.693,0.8576,0.85776
2013.03.19 00:44:48.165,0.85762,0.85776
2013.03.19 00:44:48.713,0.85764,0.85776
2013.03.19 00:44:49.623,0.85764,0.85778
2013.03.19 00:44:50.143,0.85763,0.85777
2013.03.19 00:44:52.835,0.85763,0.85776
2013.03.19 00:44:53.085,0.85764,0.85779
2013.03.19 00:44:53.343,0.85765,0.85779
2013.03.19 00:44:53.717,0.85767,0.85779
2013.03.19 00:45:01.361,0.85767,0.85779
2013.03.19 00:45:05.213,0.85767,0.85781
2013.03.19 00:45:05.523,0.85767,0.85781
2013.03.19 00:45:06.401,0.85767,0.85781
2013.03.19 00:45:07.288,0.85767,0.85781
2013.03.19 00:45:11.688,0.85767,0.85782
2013.03.19 00:45:22.259,0.85769,0.85781
2013.03.19 00:45:22.393,0.85769,0.85781
2013.03.19 00:45:28.333,0.85769,0.85781
2013.03.19 00:45:29.532,0.85768,0.85782
2013.03.19 00:45:34.262,0.85768,0.85783
2013.03.19 00:45:38.800,0.85768,0.85783
2013.03.19 00:45:41.584,0.85767,0.85782
2013.03.19 00:45:42.203,0.85769,0.85782
2013.03.19 00:45:44.103,0.85769,0.85782
2013.03.19 00:45:44.178,0.85767,0.85782
2013.03.19 00:45:44.303,0.85766,0.85782
2013.03.19 00:45:44.422,0.85766,0.85781
2013.03.19 00:45:44.482,0.85769,0.85782
2013.03.19 00:45:49.255,0.85769,0.85782
2013.03.19 00:45:53.221,0.85767,0.85783
2013.03.19 00:45:53.834,0.85767,0.85783
2013.03.19 00:45:59.413,0.85767,0.85782
2013.03.19 00:46:01.125,0.85767,0.85783
2013.03.19 00:46:02.482,0.85768,0.85783
2013.03.19 00:46:02.542,0.85767,0.85783
2013.03.19 00:46:03.354,0.85768,0.85783
2013.03.19 00:46:05.773,0.85768,0.85783
2013.03.19 00:46:08.470,0.85768,0.85783
2013.03.19 00:46:09.900,0.85768,0.85783
2013.03.19 00:46:24.976,0.85767,0.85782
2013.03.19 00:46:25.467,0.85767,0.85779
2013.03.19 00:46:25.773,0.85763,0.85778
2013.03.19 00:46:26.204,0.85766,0.85779
2013.03.19 00:46:29.063,0.85764,0.85779
2013.03.19 00:46:31.141,0.85766,0.85779
2013.03.19 00:46:32.132,0.85765,0.8578
2013.03.19 00:46:33.703,0.85764,0.8578
2013.03.19 00:46:34.213,0.85764,0.8578
2013.03.19 00:46:35.144,0.85764,0.8578
2013.03.19 00:46:36.203,0.85764,0.8578
2013.03.19 00:46:42.035,0.85766,0.8578
2013.03.19 00:46:49.782,0.85766,0.8578
2013.03.19 00:46:52.149,0.85766,0.85783
2013.03.19 00:46:56.923,0.85767,0.85784
2013.03.19 00:46:57.054,0.85768,0.85784
2013.03.19 00:46:57.123,0.85768,0.85784
2013.03.19 00:46:58.252,0.85768,0.85784
2013.03.19 00:47:04.744,0.85768,0.85784
2013.03.19 00:47:06.403,0.85769,0.85785
2013.03.19 00:47:09.824,0.85769,0.85785
2013.03.19 00:47:09.953,0.85769,0.85785
2013.03.19 00:47:13.544,0.85769,0.85785
2013.03.19 00:47:14.653,0.85769,0.85785
2013.03.19 00:47:18.102,0.85769,0.85785
2013.03.19 00:47:23.894,0.85768,0.85783
2013.03.19 00:47:24.142,0.85768,0.85783
2013.03.19 00:47:25.894,0.85769,0.85783
2013.03.19 00:47:26.203,0.8577,0.85784
2013.03.19 00:47:26.583,0.8577,0.85786
2013.03.19 00:47:27.126,0.85773,0.85786
2013.03.19 00:47:28.398,0.85773,0.85786
2013.03.19 00:47:31.139,0.85773,0.85786
2013.03.19 00:47:36.923,0.85771,0.85786
2013.03.19 00:47:37.553,0.85771,0.85785
2013.03.19 00:47:39.653,0.85771,0.85785
2013.03.19 00:47:47.719,0.8577,0.85783
2013.03.19 00:47:48.243,0.8577,0.85783
2013.03.19 00:47:50.973,0.85768,0.85781
2013.03.19 00:47:52.478,0.85767,0.85781
2013.03.19 00:47:52.550,0.85765,0.85776
2013.03.19 00:47:52.625,0.85767,0.85779
2013.03.19 00:47:53.473,0.85767,0.8578
2013.03.19 00:47:59.425,0.85774,0.85786
2013.03.19 00:47:59.496,0.85774,0.85786
2013.03.19 00:47:59.566,0.85773,0.85786
2013.03.19 00:48:00.825,0.85772,0.85786
2013.03.19 00:48:01.374,0.85771,0.85786
2013.03.19 00:48:03.243,0.85773,0.85787
2013.03.19 00:48:03.443,0.85773,0.85789
2013.03.19 00:48:03.982,0.85774,0.85788
2013.03.19 00:48:05.553,0.85774,0.85788
2013.03.19 00:48:05.856,0.85774,0.85788
2013.03.19 00:48:06.784,0.85772,0.85786
2013.03.19 00:48:06.982,0.85772,0.85786
2013.03.19 00:48:07.522,0.85773,0.85786
2013.03.19 00:48:10.182,0.85773,0.85787
2013.03.19 00:48:10.895,0.85774,0.85787
2013.03.19 00:48:10.972,0.85777,0.8579
2013.03.19 00:48:14.048,0.85777,0.8579
2013.03.19 00:48:14.119,0.85777,0.8579
2013.03.19 00:48:14.552,0.85779,0.85791
2013.03.19 00:48:17.414,0.85778,0.8579
2013.03.19 00:48:18.044,0.85776,0.85789
2013.03.19 00:48:19.192,0.85776,0.85788
2013.03.19 00:48:19.748,0.85777,0.85791
2013.03.19 00:48:19.959,0.85781,0.85796
2013.03.19 00:48:20.323,0.85783,0.85797
2013.03.19 00:48:20.744,0.85782,0.85795
2013.03.19 00:48:21.293,0.85782,0.85794
2013.03.19 00:48:21.863,0.85782,0.85795
2013.03.19 00:48:22.423,0.85782,0.85795
2013.03.19 00:48:26.903,0.85781,0.85795
2013.03.19 00:48:27.144,0.85779,0.85793
2013.03.19 00:48:27.453,0.85779,0.85793
2013.03.19 00:48:29.159,0.85778,0.85791
2013.03.19 00:48:29.863,0.85778,0.85791
2013.03.19 00:48:30.299,0.85778,0.85791
2013.03.19 00:48:31.300,0.85778,0.85791
2013.03.19 00:48:35.733,0.85778,0.8579
2013.03.19 00:48:38.835,0.85778,0.8579
2013.03.19 00:48:41.382,0.85776,0.85789
2013.03.19 00:48:42.960,0.85776,0.85788
2013.03.19 00:48:48.145,0.85775,0.85788
2013.03.19 00:48:48.574,0.85773,0.85786
2013.03.19 00:48:49.183,0.85772,0.85785
2013.03.19 00:49:01.230,0.85773,0.85786
2013.03.19 00:49:03.252,0.85774,0.85787
2013.03.19 00:49:03.883,0.85773,0.85787
2013.03.19 00:49:15.253,0.85772,0.85787
2013.03.19 00:49:15.802,0.85772,0.85785
2013.03.19 00:49:20.220,0.85771,0.85786
2013.03.19 00:49:23.164,0.8577,0.85785
2013.03.19 00:49:32.283,0.8577,0.85785
2013.03.19 00:49:32.403,0.8577,0.85785
2013.03.19 00:49:38.862,0.85769,0.85783
2013.03.19 00:49:39.464,0.85769,0.85782
2013.03.19 00:49:41.854,0.85769,0.85782
2013.03.19 00:49:42.374,0.85769,0.85782
2013.03.19 00:49:44.324,0.8577,0.85781
2013.03.19 00:49:44.877,0.85769,0.85781
2013.03.19 00:49:45.242,0.85769,0.85782
2013.03.19 00:49:48.534,0.85769,0.85782
2013.03.19 00:49:49.073,0.85769,0.85782
2013.03.19 00:49:50.371,0.85769,0.85782
2013.03.19 00:49:50.564,0.85769,0.85782
2013.03.19 00:49:53.553,0.85768,0.85781
2013.03.19 00:49:59.823,0.85768,0.85781
2013.03.19 00:50:00.122,0.85768,0.8578
2013.03.19 00:50:02.242,0.85767,0.8578
2013.03.19 00:50:05.172,0.85767,0.8578
2013.03.19 00:50:18.150,0.85767,0.85778
2013.03.19 00:50:29.894,0.85767,0.85778
2013.03.19 00:50:31.043,0.85767,0.8578
2013.03.19 00:50:36.103,0.85769,0.85779
2013.03.19 00:50:37.338,0.85769,0.85782
2013.03.19 00:50:38.554,0.85769,0.85782
2013.03.19 00:50:42.423,0.8577,0.8578
2013.03.19 00:50:45.033,0.8577,0.85782
2013.03.19 00:50:46.745,0.8577,0.85783
2013.03.19 00:50:51.844,0.85771,0.85783
2013.03.19 00:50:52.136,0.85771,0.85783
2013.03.19 00:51:16.044,0.85771,0.85782
2013.03.19 00:51:16.593,0.85769,0.85781
2013.03.19 00:51:18.806,0.85769,0.85781
2013.03.19 00:51:19.172,0.85769,0.8578
2013.03.19 00:51:19.504,0.85769,0.8578
2013.03.19 00:51:20.803,0.85768,0.85782
2013.03.19 00:51:21.044,0.8577,0.85782
2013.03.19 00:51:27.174,0.8577,0.85782
2013.03.19 00:51:29.128,0.85769,0.85782
2013.03.19 00:51:29.465,0.85769,0.85782
2013.03.19 00:51:30.367,0.85768,0.85781
2013.03.19 00:51:40.282,0.85769,0.85783
2013.03.19 00:51:47.238,0.8577,0.85783
2013.03.19 00:51:54.615,0.8577,0.85784
2013.03.19 00:52:03.565,0.8577,0.85784
2013.03.19 00:52:09.772,0.8577,0.85784
2013.03.19 00:52:13.003,0.8577,0.85784
2013.03.19 00:52:21.764,0.85771,0.85783
2013.03.19 00:52:21.954,0.85772,0.85785
2013.03.19 00:52:22.503,0.85772,0.85785
2013.03.19 00:52:23.417,0.85772,0.85785
2013.03.19 00:52:23.615,0.85772,0.85785
2013.03.19 00:52:26.637,0.85769,0.85782
2013.03.19 00:52:35.373,0.85769,0.85783
2013.03.19 00:52:43.096,0.85769,0.85783
2013.03.19 00:52:43.833,0.85769,0.85783
2013.03.19 00:52:47.207,0.85769,0.85782
2013.03.19 00:52:48.755,0.85768,0.8578
2013.03.19 00:52:53.135,0.85768,0.85781
2013.03.19 00:53:01.185,0.8577,0.85783
2013.03.19 00:53:11.154,0.85772,0.85785
2013.03.19 00:53:13.193,0.85772,0.85786
2013.03.19 00:53:13.913,0.8577,0.85785
2013.03.19 00:53:14.723,0.85769,0.85783
2013.03.19 00:53:30.517,0.85767,0.85782
2013.03.19 00:53:34.154,0.85774,0.85787
2013.03.19 00:53:51.093,0.85773,0.85787
2013.03.19 00:53:51.683,0.85773,0.85787
2013.03.19 00:53:52.589,0.85774,0.85787
2013.03.19 00:53:52.773,0.85774,0.85787
2013.03.19 00:53:53.014,0.85769,0.85784
2013.03.19 00:53:53.084,0.8577,0.85783
2013.03.19 00:53:54.653,0.85768,0.85783
2013.03.19 00:54:01.023,0.85767,0.85782
2013.03.19 00:54:01.894,0.85767,0.85782
2013.03.19 00:54:08.733,0.85769,0.85782
2013.03.19 00:54:09.073,0.85768,0.85782
2013.03.19 00:54:11.363,0.85769,0.85782
2013.03.19 00:54:12.701,0.8577,0.85782
2013.03.19 00:54:13.243,0.85774,0.85785
2013.03.19 00:54:13.833,0.85777,0.85787
2013.03.19 00:54:14.685,0.85773,0.85788
2013.03.19 00:54:15.194,0.85771,0.85786
2013.03.19 00:54:15.323,0.8577,0.85785
2013.03.19 00:54:15.863,0.85769,0.85782
2013.03.19 00:54:16.342,0.85769,0.85782
2013.03.19 00:54:18.413,0.85769,0.85782
2013.03.19 00:54:19.835,0.8577,0.85782
2013.03.19 00:54:23.923,0.85768,0.85782
2013.03.19 00:54:24.464,0.85769,0.8578
2013.03.19 00:54:24.973,0.85768,0.85781
2013.03.19 00:54:25.523,0.8577,0.85782
2013.03.19 00:54:31.213,0.85771,0.85784
2013.03.19 00:54:31.585,0.85771,0.85784
2013.03.19 00:54:31.653,0.85771,0.85786
2013.03.19 00:54:31.974,0.85776,0.85787
2013.03.19 00:54:32.523,0.85778,0.85789
2013.03.19 00:54:33.363,0.85779,0.8579
2013.03.19 00:54:33.423,0.85779,0.85792
2013.03.19 00:54:33.603,0.85779,0.85793
2013.03.19 00:54:34.726,0.85778,0.85793
2013.03.19 00:54:34.799,0.85776,0.85792
2013.03.19 00:54:34.923,0.85775,0.85792
2013.03.19 00:54:35.163,0.85777,0.8579
2013.03.19 00:54:37.302,0.85777,0.8579
2013.03.19 00:54:38.162,0.85778,0.8579
2013.03.19 00:54:38.226,0.85783,0.85795
2013.03.19 00:54:38.354,0.85783,0.85797
2013.03.19 00:54:38.903,0.85783,0.85798
2013.03.19 00:54:40.663,0.85784,0.85798
2013.03.19 00:54:41.614,0.85784,0.85798
2013.03.19 00:54:41.674,0.85787,0.85799
2013.03.19 00:54:41.735,0.85788,0.85802
2013.03.19 00:54:41.867,0.85791,0.85806
2013.03.19 00:54:41.936,0.85793,0.85807
2013.03.19 00:54:42.255,0.85794,0.85804
2013.03.19 00:54:42.447,0.85795,0.85804
2013.03.19 00:54:42.574,0.85795,0.85807
2013.03.19 00:54:42.633,0.85795,0.85807
2013.03.19 00:54:42.993,0.85798,0.85813
2013.03.19 00:54:43.234,0.85798,0.85813
2013.03.19 00:54:43.636,0.85803,0.85813
2013.03.19 00:54:43.983,0.85809,0.85822
2013.03.19 00:54:44.113,0.8581,0.85822
2013.03.19 00:54:44.353,0.85806,0.85819
2013.03.19 00:54:44.422,0.85806,0.85819
2013.03.19 00:54:48.113,0.85806,0.85819
2013.03.19 00:54:48.175,0.85807,0.85822
2013.03.19 00:54:48.304,0.85809,0.85822
2013.03.19 00:54:50.166,0.8581,0.85823
2013.03.19 00:54:50.414,0.85811,0.85823
2013.03.19 00:54:50.927,0.85811,0.85823
2013.03.19 00:54:51.434,0.85813,0.85825
2013.03.19 00:54:51.953,0.85812,0.85825
2013.03.19 00:54:52.917,0.85818,0.85826
2013.03.19 00:54:53.224,0.85821,0.85829
2013.03.19 00:54:53.487,0.8582,0.85833
2013.03.19 00:54:54.035,0.85822,0.85834
2013.03.19 00:54:54.282,0.85822,0.85834
2013.03.19 00:54:54.404,0.8582,0.85834
2013.03.19 00:54:54.833,0.85816,0.85832
2013.03.19 00:54:55.025,0.8582,0.85834
2013.03.19 00:54:55.274,0.85819,0.85832
2013.03.19 00:54:55.578,0.85817,0.8583
2013.03.19 00:54:55.857,0.85825,0.85837
2013.03.19 00:54:55.926,0.85832,0.85838
2013.03.19 00:54:56.067,0.85832,0.8584
2013.03.19 00:54:56.504,0.85829,0.8584
2013.03.19 00:54:56.695,0.85828,0.8584
2013.03.19 00:54:56.945,0.85829,0.85842
2013.03.19 00:54:57.014,0.85829,0.85842
2013.03.19 00:54:57.803,0.85832,0.85843
2013.03.19 00:54:58.044,0.85836,0.8585
2013.03.19 00:54:58.116,0.85837,0.8585
2013.03.19 00:54:58.425,0.85837,0.85848
2013.03.19 00:54:58.674,0.85836,0.85847
2013.03.19 00:54:58.748,0.85836,0.85845
2013.03.19 00:54:58.815,0.85834,0.85845
2013.03.19 00:54:58.947,0.8583,0.85845
2013.03.19 00:54:59.743,0.8583,0.85842
2013.03.19 00:54:59.824,0.85829,0.8584
2013.03.19 00:55:00.024,0.85829,0.8584
2013.03.19 00:55:00.574,0.85825,0.85838
2013.03.19 00:55:00.950,0.85825,0.85837
2013.03.19 00:55:01.016,0.85825,0.85836
2013.03.19 00:55:01.503,0.85824,0.85833
2013.03.19 00:55:01.805,0.85828,0.85837
2013.03.19 00:55:02.113,0.85829,0.8584
2013.03.19 00:55:02.414,0.85829,0.8584
2013.03.19 00:55:02.489,0.85829,0.85837
2013.03.19 00:55:03.044,0.85826,0.85837
2013.03.19 00:55:03.176,0.85825,0.85837
2013.03.19 00:55:03.605,0.85819,0.85835
2013.03.19 00:55:03.674,0.85819,0.85835
2013.03.19 00:55:03.985,0.85819,0.85832
2013.03.19 00:55:04.055,0.85819,0.85832
2013.03.19 00:55:04.124,0.8582,0.85834
2013.03.19 00:55:04.426,0.85825,0.8584
2013.03.19 00:55:04.494,0.85825,0.8584
2013.03.19 00:55:04.794,0.85827,0.85842
2013.03.19 00:55:04.865,0.85827,0.85841
2013.03.19 00:55:04.935,0.85827,0.85842
2013.03.19 00:55:05.124,0.85827,0.8584
2013.03.19 00:55:05.435,0.85826,0.8584
2013.03.19 00:55:05.804,0.85829,0.85842
2013.03.19 00:55:06.468,0.85829,0.85842
2013.03.19 00:55:06.717,0.85829,0.85845
2013.03.19 00:55:06.845,0.85829,0.85845
2013.03.19 00:55:07.515,0.85833,0.85848
2013.03.19 00:55:07.587,0.85835,0.85849
2013.03.19 00:55:08.184,0.85834,0.85847
2013.03.19 00:55:09.384,0.85837,0.85847
2013.03.19 00:55:09.645,0.85839,0.85853
2013.03.19 00:55:09.775,0.85842,0.85855
2013.03.19 00:55:10.286,0.85843,0.85855
2013.03.19 00:55:10.357,0.85843,0.85855
2013.03.19 00:55:10.545,0.8584,0.85855
2013.03.19 00:55:10.615,0.85839,0.85853
2013.03.19 00:55:10.744,0.85836,0.8585
2013.03.19 00:55:10.875,0.85835,0.85847
2013.03.19 00:55:11.185,0.85832,0.85845
2013.03.19 00:55:12.134,0.85832,0.85845
2013.03.19 00:55:12.505,0.85831,0.85842
2013.03.19 00:55:12.757,0.85826,0.85839
2013.03.19 00:55:13.065,0.85826,0.85837
2013.03.19 00:55:13.194,0.85824,0.85836
2013.03.19 00:55:13.745,0.85822,0.85835
2013.03.19 00:55:13.875,0.8582,0.85832
2013.03.19 00:55:14.427,0.8582,0.85832
2013.03.19 00:55:14.755,0.85817,0.85831
2013.03.19 00:55:15.376,0.85817,0.85829
2013.03.19 00:55:15.445,0.85816,0.85828
2013.03.19 00:55:15.634,0.85816,0.85828
2013.03.19 00:55:16.174,0.85817,0.85828
2013.03.19 00:55:16.483,0.85817,0.85828
2013.03.19 00:55:18.193,0.85816,0.85828
2013.03.19 00:55:18.494,0.85816,0.85828
2013.03.19 00:55:19.209,0.85814,0.85827
2013.03.19 00:55:19.764,0.85811,0.85826
2013.03.19 00:55:20.284,0.85811,0.85824
2013.03.19 00:55:20.595,0.85815,0.85826
2013.03.19 00:55:20.663,0.85815,0.85827
2013.03.19 00:55:21.155,0.85818,0.85829
2013.03.19 00:55:21.583,0.8582,0.85833
2013.03.19 00:55:21.706,0.85822,0.85834
2013.03.19 00:55:22.015,0.85825,0.85836
2013.03.19 00:55:22.907,0.85828,0.85842
2013.03.19 00:55:22.976,0.8583,0.85842
2013.03.19 00:55:23.046,0.85832,0.85842
2013.03.19 00:55:23.593,0.85832,0.85842
2013.03.19 00:55:24.654,0.85829,0.85842
2013.03.19 00:55:25.085,0.85827,0.85842
2013.03.19 00:55:25.155,0.85826,0.85842
2013.03.19 00:55:25.664,0.85825,0.85839
2013.03.19 00:55:25.966,0.85825,0.85837
2013.03.19 00:55:26.038,0.85825,0.85838
2013.03.19 00:55:27.184,0.85824,0.85838
2013.03.19 00:55:27.667,0.85822,0.85834
2013.03.19 00:55:28.175,0.85822,0.85834
2013.03.19 00:55:28.246,0.85823,0.85836
2013.03.19 00:55:28.435,0.85823,0.85838
2013.03.19 00:55:29.554,0.85826,0.85839
2013.03.19 00:55:30.121,0.85826,0.85839
2013.03.19 00:55:30.727,0.85824,0.85839
2013.03.19 00:55:32.564,0.85826,0.8584
2013.03.19 00:55:32.905,0.85829,0.85841
2013.03.19 00:55:33.377,0.85833,0.85846
2013.03.19 00:55:33.625,0.85833,0.85844
2013.03.19 00:55:33.694,0.85831,0.85844
2013.03.19 00:55:33.825,0.85831,0.85842
2013.03.19 00:55:34.255,0.85826,0.85841
2013.03.19 00:55:34.803,0.85827,0.8584
2013.03.19 00:55:35.403,0.85827,0.85838
2013.03.19 00:55:35.757,0.85826,0.85835
2013.03.19 00:55:36.364,0.85824,0.85834
2013.03.19 00:55:38.303,0.85824,0.85834
2013.03.19 00:55:39.193,0.85824,0.85834
2013.03.19 00:55:40.153,0.85824,0.85834
2013.03.19 00:55:40.626,0.85822,0.85831
2013.03.19 00:55:40.695,0.85821,0.85831
2013.03.19 00:55:40.765,0.85818,0.8583
2013.03.19 00:55:41.432,0.85817,0.8583
2013.03.19 00:55:41.645,0.85813,0.85825
2013.03.19 00:55:41.834,0.85813,0.85825
2013.03.19 00:55:42.376,0.85813,0.85826
2013.03.19 00:55:42.825,0.85816,0.85826
2013.03.19 00:55:43.205,0.85817,0.85829
2013.03.19 00:55:43.394,0.85817,0.85829
2013.03.19 00:55:44.225,0.85816,0.85829
2013.03.19 00:55:44.415,0.85817,0.85829
2013.03.19 00:55:44.734,0.85818,0.85831
2013.03.19 00:55:45.244,0.8582,0.85831
2013.03.19 00:55:46.565,0.8582,0.85831
2013.03.19 00:55:47.123,0.8582,0.85831
2013.03.19 00:55:51.460,0.8582,0.85833
2013.03.19 00:55:52.003,0.85821,0.85829
2013.03.19 00:55:52.124,0.8582,0.85829
2013.03.19 00:55:52.673,0.8582,0.85829
2013.03.19 00:55:53.396,0.85814,0.85826
2013.03.19 00:55:53.525,0.85813,0.85824
2013.03.19 00:55:53.714,0.85814,0.85826
2013.03.19 00:55:53.927,0.85814,0.85824
2013.03.19 00:55:54.569,0.85816,0.85823
2013.03.19 00:55:55.393,0.85815,0.85823
2013.03.19 00:55:55.694,0.85814,0.8582
2013.03.19 00:55:56.713,0.85814,0.8582
2013.03.19 00:55:56.834,0.85811,0.85822
2013.03.19 00:55:57.096,0.85811,0.85822
2013.03.19 00:55:57.226,0.85812,0.85821
2013.03.19 00:55:57.713,0.85811,0.85821
2013.03.19 00:55:58.424,0.85811,0.85821
2013.03.19 00:55:58.664,0.85809,0.85821
2013.03.19 00:55:58.735,0.85809,0.85822
2013.03.19 00:55:58.864,0.85809,0.85821
2013.03.19 00:55:58.994,0.85811,0.85822
2013.03.19 00:55:59.132,0.85811,0.85821
2013.03.19 00:56:02.899,0.85812,0.8582
2013.03.19 00:56:04.444,0.85812,0.85819
2013.03.19 00:56:05.464,0.85812,0.85821
2013.03.19 00:56:05.773,0.85812,0.85821
2013.03.19 00:56:08.074,0.85812,0.85821
2013.03.19 00:56:08.204,0.85812,0.85819
2013.03.19 00:56:08.393,0.85812,0.8582
2013.03.19 00:56:08.735,0.85812,0.85818
2013.03.19 00:56:08.935,0.85809,0.85822
2013.03.19 00:56:10.187,0.85809,0.85821
2013.03.19 00:56:10.453,0.85808,0.85818
2013.03.19 00:56:11.003,0.85811,0.85818
2013.03.19 00:56:11.784,0.8581,0.85819
2013.03.19 00:56:14.404,0.85809,0.85818
2013.03.19 00:56:14.593,0.85808,0.85818
2013.03.19 00:56:15.633,0.85804,0.85816
2013.03.19 00:56:16.174,0.85804,0.85815
2013.03.19 00:56:22.833,0.85804,0.85815
2013.03.19 00:56:23.794,0.85804,0.85814
2013.03.19 00:56:29.067,0.85802,0.85814
2013.03.19 00:56:29.714,0.85802,0.85812
2013.03.19 00:56:31.815,0.85802,0.85811
2013.03.19 00:56:31.943,0.85797,0.85811
2013.03.19 00:56:32.065,0.85799,0.85811
2013.03.19 00:56:32.385,0.85799,0.85811
2013.03.19 00:56:46.104,0.85798,0.85809
2013.03.19 00:56:46.643,0.85798,0.85807
2013.03.19 00:56:46.944,0.85798,0.85808
2013.03.19 00:56:47.135,0.85798,0.85807
2013.03.19 00:56:53.914,0.85799,0.85806
2013.03.19 00:56:54.104,0.858,0.85811
2013.03.19 00:56:54.176,0.85801,0.85811
2013.03.19 00:56:56.393,0.85801,0.85812
2013.03.19 00:56:56.454,0.85801,0.85811
2013.03.19 00:56:56.642,0.85801,0.85811
2013.03.19 00:56:58.362,0.85801,0.85811
2013.03.19 00:56:58.664,0.858,0.8581
2013.03.19 00:56:59.055,0.858,0.85812
2013.03.19 00:56:59.746,0.85799,0.85812
2013.03.19 00:57:05.413,0.85799,0.85809
2013.03.19 00:57:05.593,0.85799,0.85808
2013.03.19 00:57:05.713,0.85799,0.85808
2013.03.19 00:57:05.973,0.85799,0.85811
2013.03.19 00:57:06.274,0.85799,0.85809
2013.03.19 00:57:06.533,0.85799,0.85811
2013.03.19 00:57:06.714,0.85799,0.85809
2013.03.19 00:57:10.676,0.85797,0.85809
2013.03.19 00:57:10.804,0.85797,0.8581
2013.03.19 00:57:11.163,0.85797,0.85805
2013.03.19 00:57:11.484,0.85796,0.85803
2013.03.19 00:57:12.433,0.85797,0.85803
2013.03.19 00:57:12.984,0.85796,0.85803
2013.03.19 00:57:16.163,0.85795,0.858
2013.03.19 00:57:19.319,0.85793,0.858
2013.03.19 00:57:19.873,0.85793,0.85802
2013.03.19 00:57:23.534,0.85791,0.85801
2013.03.19 00:57:32.969,0.85791,0.858
2013.03.19 00:57:33.041,0.85791,0.85799
2013.03.19 00:57:33.946,0.8579,0.85799
2013.03.19 00:57:35.095,0.85789,0.85797
2013.03.19 00:57:38.803,0.85789,0.85797
2013.03.19 00:57:45.174,0.85789,0.85803
2013.03.19 00:57:45.243,0.85791,0.85805
2013.03.19 00:57:45.304,0.85793,0.85805
2013.03.19 00:57:45.428,0.85791,0.85803
2013.03.19 00:57:45.555,0.8579,0.85801
2013.03.19 00:57:45.623,0.8579,0.85799
2013.03.19 00:57:46.174,0.85788,0.85799
2013.03.19 00:57:49.393,0.8579,0.85802
2013.03.19 00:57:50.695,0.8579,0.85802
2013.03.19 00:57:50.766,0.8579,0.85802
2013.03.19 00:57:51.434,0.85792,0.85802
2013.03.19 00:57:52.284,0.8579,0.85802
2013.03.19 00:57:54.976,0.85788,0.85802
2013.03.19 00:57:55.352,0.85787,0.85802
2013.03.19 00:58:03.456,0.85787,0.85802
2013.03.19 00:58:04.004,0.85789,0.85802
2013.03.19 00:58:04.314,0.85793,0.85804
2013.03.19 00:58:04.674,0.85793,0.85804
2013.03.19 00:58:05.213,0.85792,0.85803
2013.03.19 00:58:05.677,0.85793,0.85803
2013.03.19 00:58:06.226,0.85795,0.85803
2013.03.19 00:58:06.295,0.85795,0.85803
2013.03.19 00:58:06.544,0.85791,0.85803
2013.03.19 00:58:08.745,0.85793,0.85803
2013.03.19 00:58:09.119,0.85793,0.85803
2013.03.19 00:58:09.425,0.85794,0.85804
2013.03.19 00:58:09.853,0.85794,0.85808
2013.03.19 00:58:12.113,0.85794,0.85808
2013.03.19 00:58:12.653,0.85793,0.85806
2013.03.19 00:58:13.664,0.85793,0.85806
2013.03.19 00:58:14.633,0.85795,0.85809
2013.03.19 00:58:15.404,0.85798,0.85815
2013.03.19 00:58:15.534,0.85798,0.85815
2013.03.19 00:58:15.666,0.85799,0.85816
2013.03.19 00:58:15.973,0.85801,0.85816
2013.03.19 00:58:19.505,0.85799,0.85814
2013.03.19 00:58:19.816,0.85799,0.85814
2013.03.19 00:58:21.355,0.85797,0.85813
2013.03.19 00:58:23.883,0.85795,0.8581
2013.03.19 00:58:24.333,0.85795,0.85807
2013.03.19 00:58:26.104,0.85795,0.85812
2013.03.19 00:58:28.527,0.85795,0.85808
2013.03.19 00:58:35.812,0.85795,0.85808
2013.03.19 00:58:36.115,0.85796,0.8581
2013.03.19 00:58:38.720,0.85796,0.8581
2013.03.19 00:58:41.585,0.85794,0.85809
2013.03.19 00:58:42.094,0.85793,0.85809
2013.03.19 00:58:45.114,0.85793,0.85808
2013.03.19 00:58:45.663,0.85792,0.85808
2013.03.19 00:58:50.512,0.85792,0.85806
2013.03.19 00:58:58.801,0.85795,0.85806
2013.03.19 00:58:58.863,0.85795,0.85806
2013.03.19 00:58:58.923,0.85796,0.85806
2013.03.19 00:58:58.984,0.85796,0.85809
2013.03.19 00:58:59.114,0.85798,0.85809
2013.03.19 00:58:59.353,0.85793,0.85809
2013.03.19 00:58:59.884,0.85791,0.85808
2013.03.19 00:59:01.835,0.85791,0.85808
2013.03.19 00:59:02.145,0.85795,0.8581
2013.03.19 00:59:02.216,0.85795,0.85811
2013.03.19 00:59:02.283,0.85795,0.85811
2013.03.19 00:59:02.405,0.85798,0.85811
2013.03.19 00:59:02.953,0.85798,0.85812
2013.03.19 00:59:03.744,0.85798,0.85812
2013.03.19 00:59:04.535,0.85799,0.85812
2013.03.19 00:59:04.844,0.85799,0.85812
2013.03.19 00:59:04.964,0.85799,0.85812
2013.03.19 00:59:11.804,0.85797,0.85813
2013.03.19 00:59:17.923,0.85797,0.85813
2013.03.19 00:59:22.884,0.85799,0.85812
2013.03.19 00:59:23.003,0.858,0.85813
2013.03.19 00:59:23.246,0.85797,0.85813
2013.03.19 00:59:24.849,0.85797,0.85813
2013.03.19 00:59:26.564,0.858,0.85814
2013.03.19 00:59:28.423,0.85799,0.85812
2013.03.19 00:59:34.333,0.85799,0.85813
2013.03.19 00:59:34.873,0.858,0.85812
2013.03.19 00:59:36.732,0.858,0.85812
2013.03.19 00:59:36.925,0.858,0.85813
2013.03.19 00:59:37.473,0.858,0.85812
2013.03.19 00:59:48.282,0.85799,0.85813
2013.03.19 00:59:48.752,0.85799,0.85812
2013.03.19 00:59:56.621,0.85799,0.85812
2013.03.19 00:59:56.699,0.85797,0.85813
2013.03.19 00:59:58.605,0.85798,0.85813
2013.03.19 00:59:59.153,0.85799,0.85813
2013.03.19 00:59:59.695,0.858,0.85813
2013.03.19 01:00:04.784,0.858,0.85813
2013.03.19 01:00:07.854,0.858,0.85813
2013.03.19 01:00:12.243,0.85799,0.85813
2013.03.19 01:00:13.727,0.85797,0.85812
2013.03.19 01:00:14.400,0.85797,0.85812
2013.03.19 01:00:14.955,0.85796,0.85811
2013.03.19 01:00:15.825,0.85795,0.85811
2013.03.19 01:00:16.384,0.85795,0.85811
2013.03.19 01:00:17.365,0.85795,0.85811
2013.03.19 01:00:17.674,0.85798,0.85813
2013.03.19 01:00:18.223,0.85801,0.85812
2013.03.19 01:00:18.763,0.85801,0.85812
2013.03.19 01:00:19.284,0.858,0.85812
2013.03.19 01:00:19.862,0.858,0.85812
2013.03.19 01:00:21.265,0.858,0.85812
2013.03.19 01:00:22.864,0.858,0.85812
2013.03.19 01:00:23.530,0.858,0.85812
2013.03.19 01:00:23.935,0.858,0.85809
2013.03.19 01:00:24.005,0.85794,0.85808
2013.03.19 01:00:24.075,0.85791,0.85806
2013.03.19 01:00:24.269,0.85787,0.85801
2013.03.19 01:00:24.334,0.85787,0.85801
2013.03.19 01:00:24.763,0.85782,0.85797
2013.03.19 01:00:24.894,0.8578,0.85797
2013.03.19 01:00:25.254,0.85779,0.85794
2013.03.19 01:00:25.562,0.85779,0.85794
2013.03.19 01:00:26.203,0.85779,0.85795
2013.03.19 01:00:26.515,0.85783,0.85798
2013.03.19 01:00:26.885,0.85787,0.85799
2013.03.19 01:00:26.954,0.85785,0.85799
2013.03.19 01:00:27.664,0.85788,0.85804
2013.03.19 01:00:27.735,0.8579,0.85806
2013.03.19 01:00:28.236,0.85791,0.85806
2013.03.19 01:00:28.304,0.85791,0.85806
2013.03.19 01:00:30.594,0.85791,0.85806
2013.03.19 01:00:31.113,0.85791,0.85805
2013.03.19 01:00:31.234,0.85787,0.85804
2013.03.19 01:00:31.305,0.85787,0.85802
2013.03.19 01:00:31.675,0.85788,0.85803
2013.03.19 01:00:31.803,0.85789,0.85804
2013.03.19 01:00:33.255,0.8579,0.85804
2013.03.19 01:00:33.385,0.8579,0.85804
2013.03.19 01:00:33.716,0.85793,0.85805
2013.03.19 01:00:33.845,0.85795,0.85811
2013.03.19 01:00:33.917,0.85796,0.85804
2013.03.19 01:00:34.346,0.85792,0.85804
2013.03.19 01:00:34.715,0.85791,0.85803
2013.03.19 01:00:35.394,0.85792,0.85804
2013.03.19 01:00:35.515,0.85794,0.85807
2013.03.19 01:00:35.585,0.85794,0.85808
2013.03.19 01:00:36.025,0.85794,0.85808
2013.03.19 01:00:36.156,0.85794,0.85803
2013.03.19 01:00:36.283,0.85789,0.85803
2013.03.19 01:00:36.823,0.8579,0.85802
2013.03.19 01:00:38.543,0.8579,0.85804
2013.03.19 01:00:39.073,0.8579,0.85804
2013.03.19 01:00:39.853,0.8579,0.85805
2013.03.19 01:00:40.276,0.85791,0.85805
2013.03.19 01:00:40.404,0.85791,0.85805
2013.03.19 01:00:42.716,0.8579,0.85805
2013.03.19 01:00:43.255,0.8579,0.85805
2013.03.19 01:00:43.924,0.8579,0.85805
2013.03.19 01:00:44.889,0.85791,0.85805
2013.03.19 01:00:44.956,0.85791,0.85805
2013.03.19 01:00:45.144,0.85792,0.85809
2013.03.19 01:00:45.443,0.85796,0.85809
2013.03.19 01:00:45.623,0.85794,0.85811
2013.03.19 01:00:45.984,0.85792,0.85808
2013.03.19 01:00:52.095,0.85792,0.85809
2013.03.19 01:00:55.373,0.85792,0.85809
2013.03.19 01:00:56.266,0.85792,0.85809
2013.03.19 01:00:56.654,0.85792,0.85809
2013.03.19 01:00:57.224,0.85792,0.8581
2013.03.19 01:00:57.463,0.85792,0.8581
2013.03.19 01:00:57.824,0.85793,0.8581
2013.03.19 01:00:58.378,0.85797,0.8581
2013.03.19 01:00:59.190,0.85795,0.8581
2013.03.19 01:00:59.844,0.85795,0.85811
2013.03.19 01:01:00.403,0.85795,0.85811
2013.03.19 01:01:00.943,0.85795,0.85809
2013.03.19 01:01:01.424,0.85795,0.85812
2013.03.19 01:01:06.685,0.85795,0.85811
2013.03.19 01:01:06.994,0.85799,0.85813
2013.03.19 01:01:07.124,0.85798,0.85813
2013.03.19 01:01:07.644,0.85798,0.85813
2013.03.19 01:01:11.795,0.85798,0.85812
2013.03.19 01:01:11.866,0.85798,0.85812
2013.03.19 01:01:11.998,0.858,0.85813
2013.03.19 01:01:12.545,0.85801,0.85812
2013.03.19 01:01:16.654,0.85803,0.85812
2013.03.19 01:01:16.783,0.85803,0.85819
2013.03.19 01:01:16.903,0.85803,0.8582
2013.03.19 01:01:17.708,0.85803,0.85819
2013.03.19 01:01:19.726,0.85804,0.85819
2013.03.19 01:01:20.036,0.85805,0.85822
2013.03.19 01:01:20.345,0.85807,0.85822
2013.03.19 01:01:22.505,0.85807,0.85822
2013.03.19 01:01:22.575,0.85807,0.85822
2013.03.19 01:01:24.145,0.85807,0.85822
2013.03.19 01:01:24.860,0.85808,0.85822
2013.03.19 01:01:27.114,0.85808,0.85822
2013.03.19 01:01:27.425,0.85815,0.85827
2013.03.19 01:01:27.496,0.85815,0.8583
2013.03.19 01:01:27.564,0.85815,0.85831
2013.03.19 01:01:27.626,0.85814,0.85834
2013.03.19 01:01:27.876,0.85815,0.85831
2013.03.19 01:01:28.394,0.85815,0.85831
2013.03.19 01:01:28.767,0.85815,0.85829
2013.03.19 01:01:30.799,0.85813,0.85829
2013.03.19 01:01:31.834,0.85813,0.85829
2013.03.19 01:01:32.695,0.85813,0.85829
2013.03.19 01:01:32.824,0.85813,0.85829
2013.03.19 01:01:35.205,0.85813,0.85829
2013.03.19 01:01:35.884,0.85813,0.85829
2013.03.19 01:01:37.415,0.85813,0.85829
2013.03.19 01:01:40.035,0.85813,0.85829
2013.03.19 01:01:41.944,0.85813,0.85827
2013.03.19 01:01:42.505,0.85813,0.85827
2013.03.19 01:01:43.017,0.85812,0.85827
2013.03.19 01:01:43.444,0.85809,0.85826
2013.03.19 01:01:49.323,0.8581,0.85827
2013.03.19 01:01:49.874,0.85814,0.85829
2013.03.19 01:01:49.945,0.85816,0.85829
2013.03.19 01:01:50.075,0.85816,0.85829
2013.03.19 01:01:50.204,0.85817,0.85829
2013.03.19 01:01:51.373,0.85818,0.85832
2013.03.19 01:01:51.705,0.85813,0.85827
2013.03.19 01:01:51.894,0.85813,0.85827
2013.03.19 01:01:52.598,0.85813,0.85829
2013.03.19 01:01:52.667,0.85817,0.85829
2013.03.19 01:01:53.674,0.85817,0.85829
2013.03.19 01:01:54.943,0.85815,0.85829
2013.03.19 01:01:57.934,0.85816,0.85827
2013.03.19 01:01:59.636,0.85814,0.85829
2013.03.19 01:02:00.183,0.85814,0.85828
2013.03.19 01:02:02.174,0.85811,0.85827
2013.03.19 01:02:02.305,0.85811,0.85827
2013.03.19 01:02:03.594,0.85811,0.85826
2013.03.19 01:02:03.928,0.85809,0.85825
2013.03.19 01:02:04.473,0.85808,0.85825
2013.03.19 01:02:05.134,0.85808,0.85825
2013.03.19 01:02:05.450,0.85811,0.85826
2013.03.19 01:02:05.575,0.85812,0.85826
2013.03.19 01:02:06.214,0.85813,0.85828
2013.03.19 01:02:16.515,0.85813,0.85829
2013.03.19 01:02:17.024,0.85814,0.85829
2013.03.19 01:02:19.741,0.85815,0.85831
2013.03.19 01:02:22.205,0.85818,0.8583
2013.03.19 01:02:22.906,0.85816,0.85831
2013.03.19 01:02:24.966,0.85818,0.8583
2013.03.19 01:02:25.513,0.85819,0.85832
2013.03.19 01:02:35.025,0.85819,0.85832
2013.03.19 01:02:37.614,0.85818,0.85831
2013.03.19 01:02:40.614,0.85818,0.8583
2013.03.19 01:02:41.175,0.85812,0.85826
2013.03.19 01:02:41.244,0.85811,0.85824
2013.03.19 01:02:42.034,0.85808,0.8582
2013.03.19 01:02:44.215,0.85808,0.8582
2013.03.19 01:02:44.863,0.85806,0.8582
2013.03.19 01:02:46.738,0.85804,0.85819
2013.03.19 01:02:48.694,0.85806,0.85819
2013.03.19 01:02:49.114,0.85809,0.85821
2013.03.19 01:02:49.494,0.85808,0.85823
2013.03.19 01:02:49.565,0.85808,0.85823
2013.03.19 01:02:49.695,0.85809,0.85824
2013.03.19 01:02:50.245,0.85809,0.85824
2013.03.19 01:02:50.675,0.85811,0.85824
2013.03.19 01:02:50.865,0.85812,0.85824
2013.03.19 01:02:52.291,0.85812,0.85827
2013.03.19 01:02:52.844,0.85812,0.85823
2013.03.19 01:02:53.153,0.85803,0.85821
2013.03.19 01:02:53.214,0.85802,0.85818
2013.03.19 01:02:53.735,0.85802,0.85815
2013.03.19 01:02:55.849,0.85802,0.85815
2013.03.19 01:02:56.735,0.85802,0.85818
2013.03.19 01:02:56.864,0.85802,0.85818
2013.03.19 01:02:57.174,0.85805,0.85818
2013.03.19 01:02:57.364,0.85805,0.8582
2013.03.19 01:02:57.924,0.85806,0.8582
2013.03.19 01:02:58.553,0.85806,0.8582
2013.03.19 01:02:59.144,0.85806,0.8582
2013.03.19 01:02:59.684,0.85805,0.85818
2013.03.19 01:03:00.813,0.85805,0.85818
2013.03.19 01:03:01.455,0.85805,0.85818
2013.03.19 01:03:02.584,0.85803,0.85818
2013.03.19 01:03:03.721,0.85803,0.85818
2013.03.19 01:03:03.792,0.85803,0.85818
2013.03.19 01:03:06.064,0.85805,0.8582
2013.03.19 01:03:06.595,0.85805,0.85821
2013.03.19 01:03:07.934,0.85805,0.85821
2013.03.19 01:03:09.448,0.85806,0.85821
2013.03.19 01:03:12.537,0.85805,0.8582
2013.03.19 01:03:12.873,0.85805,0.8582
2013.03.19 01:03:13.423,0.85806,0.8582
2013.03.19 01:03:20.984,0.85806,0.8582
2013.03.19 01:03:21.193,0.85806,0.85818
2013.03.19 01:03:24.144,0.85806,0.85821
2013.03.19 01:03:24.455,0.85808,0.85823
2013.03.19 01:03:24.904,0.85808,0.85823
2013.03.19 01:03:25.507,0.85808,0.85823
2013.03.19 01:03:31.186,0.85809,0.85823
2013.03.19 01:03:31.374,0.85809,0.85822
2013.03.19 01:03:31.494,0.85809,0.85822
2013.03.19 01:03:33.904,0.85807,0.85821
2013.03.19 01:03:36.084,0.85805,0.85821
2013.03.19 01:03:36.647,0.85806,0.85821
2013.03.19 01:03:37.198,0.85808,0.85823
2013.03.19 01:03:38.925,0.85804,0.8582
2013.03.19 01:03:39.012,0.85804,0.85818
2013.03.19 01:03:39.075,0.85803,0.85818
2013.03.19 01:03:39.634,0.85804,0.85815
2013.03.19 01:03:40.183,0.85804,0.85816
2013.03.19 01:03:41.406,0.85804,0.85819
2013.03.19 01:03:41.476,0.85805,0.85819
2013.03.19 01:03:41.545,0.85806,0.85819
2013.03.19 01:03:41.737,0.85806,0.85822
2013.03.19 01:03:41.924,0.85806,0.85821
2013.03.19 01:03:41.990,0.85806,0.85822
2013.03.19 01:03:42.294,0.85808,0.85821
2013.03.19 01:03:43.695,0.85811,0.85824
2013.03.19 01:03:44.013,0.85812,0.85826
2013.03.19 01:03:44.144,0.85812,0.85826
2013.03.19 01:03:49.934,0.85813,0.85826
2013.03.19 01:04:02.097,0.85813,0.85826
2013.03.19 01:04:03.084,0.8581,0.85825
2013.03.19 01:04:03.394,0.8581,0.85823
