Time,Bid,Ask
2013.03.08 00:00:01.849,0.87228,0.87246
2013.03.08 00:00:02.404,0.87228,0.87246
2013.03.08 00:00:03.534,0.87229,0.87247
2013.03.08 00:00:04.078,0.87229,0.87249
2013.03.08 00:00:04.204,0.8723,0.87249
2013.03.08 00:00:06.005,0.8723,0.87246
2013.03.08 00:00:06.606,0.87227,0.87246
2013.03.08 00:00:06.906,0.87228,0.87246
2013.03.08 00:00:11.536,0.8723,0.87246
2013.03.08 00:00:15.066,0.87229,0.87246
2013.03.08 00:00:15.937,0.87229,0.87246
2013.03.08 00:00:16.596,0.87229,0.87246
2013.03.08 00:00:17.216,0.87229,0.87246
2013.03.08 00:00:17.577,0.87232,0.87246
2013.03.08 00:00:18.434,0.87232,0.87251
2013.03.08 00:00:24.154,0.87232,0.87251
2013.03.08 00:00:24.695,0.87229,0.87247
2013.03.08 00:00:25.456,0.87228,0.87247
2013.03.08 00:00:26.218,0.87231,0.87248
2013.03.08 00:00:27.477,0.87232,0.87248
2013.03.08 00:00:33.028,0.87232,0.87249
2013.03.08 00:00:34.675,0.87232,0.87249
2013.03.08 00:00:36.954,0.87233,0.87251
2013.03.08 00:00:37.596,0.87233,0.87253
2013.03.08 00:00:37.725,0.87235,0.87253
2013.03.08 00:00:37.966,0.87235,0.87253
2013.03.08 00:00:39.629,0.87236,0.87255
2013.03.08 00:00:40.237,0.87237,0.87255
2013.03.08 00:00:40.815,0.87237,0.87256
2013.03.08 00:00:41.415,0.87238,0.87256
2013.03.08 00:00:41.485,0.87239,0.87256
2013.03.08 00:00:41.846,0.8724,0.87257
2013.03.08 00:00:42.156,0.8724,0.87257
2013.03.08 00:00:42.526,0.87241,0.87257
2013.03.08 00:00:42.646,0.87241,0.87259
2013.03.08 00:00:43.197,0.87237,0.87256
2013.03.08 00:00:43.387,0.87236,0.87254
2013.03.08 00:00:43.939,0.87235,0.87254
2013.03.08 00:00:44.477,0.87234,0.87253
2013.03.08 00:00:44.968,0.87234,0.87249
2013.03.08 00:00:45.336,0.87229,0.87249
2013.03.08 00:00:53.087,0.87229,0.87247
2013.03.08 00:00:53.218,0.87227,0.87247
2013.03.08 00:00:53.467,0.87227,0.87247
2013.03.08 00:00:53.797,0.87227,0.87247
2013.03.08 00:00:54.396,0.87227,0.87247
2013.03.08 00:00:54.729,0.87227,0.87247
2013.03.08 00:00:54.856,0.87227,0.87247
2013.03.08 00:00:58.396,0.87227,0.87247
2013.03.08 00:00:58.907,0.87227,0.87247
2013.03.08 00:01:01.941,0.87227,0.87247
2013.03.08 00:01:02.007,0.87228,0.87247
2013.03.08 00:01:02.975,0.87228,0.87247
2013.03.08 00:01:11.897,0.8723,0.87247
2013.03.08 00:01:16.388,0.87229,0.87249
2013.03.08 00:01:16.934,0.8723,0.87249
2013.03.08 00:01:17.795,0.8723,0.87249
2013.03.08 00:01:17.855,0.87232,0.87249
2013.03.08 00:01:19.645,0.8723,0.87246
2013.03.08 00:01:19.711,0.87229,0.87247
2013.03.08 00:01:20.315,0.8723,0.87248
2013.03.08 00:01:32.037,0.8723,0.87249
2013.03.08 00:01:32.406,0.8723,0.87248
2013.03.08 00:01:32.945,0.87227,0.87244
2013.03.08 00:01:34.049,0.87227,0.87244
2013.03.08 00:01:36.176,0.87227,0.87244
2013.03.08 00:01:36.366,0.87229,0.87244
2013.03.08 00:01:36.906,0.87229,0.87244
2013.03.08 00:01:37.743,0.87229,0.87244
2013.03.08 00:01:37.937,0.8723,0.87247
2013.03.08 00:01:38.127,0.87232,0.87249
2013.03.08 00:01:38.196,0.87231,0.87249
2013.03.08 00:01:38.737,0.8723,0.87249
2013.03.08 00:01:38.865,0.87231,0.87249
2013.03.08 00:01:39.467,0.87233,0.87252
2013.03.08 00:01:39.996,0.87233,0.87252
2013.03.08 00:01:40.536,0.87233,0.87252
2013.03.08 00:01:41.475,0.87233,0.87252
2013.03.08 00:01:42.306,0.87233,0.87251
2013.03.08 00:01:42.785,0.87231,0.87249
2013.03.08 00:01:43.575,0.87231,0.87249
2013.03.08 00:01:44.086,0.87231,0.87249
2013.03.08 00:01:45.245,0.87231,0.87249
2013.03.08 00:01:45.556,0.87232,0.87249
2013.03.08 00:01:45.686,0.87232,0.8725
2013.03.08 00:01:46.198,0.87234,0.87253
2013.03.08 00:01:46.758,0.87234,0.87253
2013.03.08 00:01:47.306,0.87234,0.87253
2013.03.08 00:01:48.088,0.87234,0.87253
2013.03.08 00:01:48.593,0.87234,0.87253
2013.03.08 00:01:48.939,0.87231,0.87248
2013.03.08 00:01:49.007,0.8723,0.87248
2013.03.08 00:01:49.456,0.87229,0.87245
2013.03.08 00:01:49.695,0.87227,0.87245
2013.03.08 00:01:49.911,0.87227,0.87245
2013.03.08 00:01:49.983,0.87226,0.87244
2013.03.08 00:01:51.550,0.87225,0.87243
2013.03.08 00:01:51.917,0.87225,0.8724
2013.03.08 00:01:52.598,0.87226,0.87243
2013.03.08 00:01:53.106,0.87226,0.87242
2013.03.08 00:01:53.647,0.87225,0.87242
2013.03.08 00:01:54.165,0.87226,0.87242
2013.03.08 00:01:54.955,0.87227,0.87243
2013.03.08 00:01:55.496,0.87226,0.87243
2013.03.08 00:01:55.998,0.87228,0.87243
2013.03.08 00:01:56.685,0.87228,0.87243
2013.03.08 00:01:58.244,0.87228,0.87243
2013.03.08 00:01:58.607,0.87229,0.87243
2013.03.08 00:01:59.047,0.87232,0.87247
2013.03.08 00:01:59.477,0.87233,0.87249
2013.03.08 00:02:00.030,0.87233,0.87249
2013.03.08 00:02:01.485,0.87233,0.87249
2013.03.08 00:02:01.986,0.87233,0.87249
2013.03.08 00:02:02.546,0.87232,0.87249
2013.03.08 00:02:03.055,0.87231,0.87246
2013.03.08 00:02:03.977,0.87231,0.87247
2013.03.08 00:02:07.785,0.8723,0.87245
2013.03.08 00:02:07.905,0.8723,0.87245
2013.03.08 00:02:08.457,0.8723,0.87245
2013.03.08 00:02:12.006,0.87228,0.87244
2013.03.08 00:02:12.220,0.8723,0.87244
2013.03.08 00:02:12.726,0.87231,0.87244
2013.03.08 00:02:21.323,0.87231,0.87246
2013.03.08 00:02:27.465,0.87231,0.87246
2013.03.08 00:02:28.006,0.87231,0.87246
2013.03.08 00:02:29.599,0.87231,0.87246
2013.03.08 00:02:30.157,0.87231,0.87247
2013.03.08 00:02:34.945,0.8723,0.87247
2013.03.08 00:02:38.686,0.87233,0.87247
2013.03.08 00:02:38.985,0.87232,0.87247
2013.03.08 00:02:39.528,0.8723,0.87247
2013.03.08 00:02:39.956,0.87231,0.87247
2013.03.08 00:02:41.176,0.87229,0.87244
2013.03.08 00:02:41.545,0.87227,0.87244
2013.03.08 00:02:41.606,0.87229,0.87246
2013.03.08 00:02:41.726,0.87229,0.87247
2013.03.08 00:02:41.787,0.87229,0.87247
2013.03.08 00:02:42.096,0.87228,0.87246
2013.03.08 00:02:42.636,0.87227,0.87245
2013.03.08 00:02:43.655,0.87227,0.87248
2013.03.08 00:02:44.327,0.87227,0.87248
2013.03.08 00:02:52.487,0.87229,0.87248
2013.03.08 00:02:53.000,0.8723,0.87248
2013.03.08 00:02:55.689,0.87231,0.87248
2013.03.08 00:02:58.387,0.8723,0.87248
2013.03.08 00:02:58.897,0.8723,0.87248
2013.03.08 00:03:00.655,0.87229,0.87247
2013.03.08 00:03:00.956,0.87228,0.87247
2013.03.08 00:03:01.495,0.87228,0.87247
2013.03.08 00:03:01.795,0.87227,0.87246
2013.03.08 00:03:02.336,0.87226,0.87246
2013.03.08 00:03:02.587,0.87225,0.87244
2013.03.08 00:03:02.715,0.87227,0.87246
2013.03.08 00:03:03.676,0.87229,0.87248
2013.03.08 00:03:03.857,0.87231,0.87248
2013.03.08 00:03:04.410,0.87232,0.87249
2013.03.08 00:03:04.536,0.87234,0.87254
2013.03.08 00:03:05.085,0.87232,0.87252
2013.03.08 00:03:05.206,0.87233,0.87252
2013.03.08 00:03:05.445,0.87233,0.87252
2013.03.08 00:03:06.146,0.87233,0.87252
2013.03.08 00:03:06.696,0.87234,0.87253
2013.03.08 00:03:07.197,0.87235,0.87253
2013.03.08 00:03:07.505,0.87236,0.87254
2013.03.08 00:03:07.625,0.87236,0.87254
2013.03.08 00:03:07.928,0.87235,0.87254
2013.03.08 00:03:14.124,0.87235,0.87252
2013.03.08 00:03:15.706,0.87235,0.87252
2013.03.08 00:03:16.246,0.87237,0.87253
2013.03.08 00:03:16.607,0.87239,0.87253
2013.03.08 00:03:16.678,0.87239,0.87253
2013.03.08 00:03:16.866,0.87239,0.87257
2013.03.08 00:03:17.516,0.87242,0.87257
2013.03.08 00:03:19.868,0.87242,0.87258
2013.03.08 00:03:21.196,0.87242,0.87258
2013.03.08 00:03:21.616,0.87241,0.87255
2013.03.08 00:03:22.168,0.8724,0.87252
2013.03.08 00:03:22.684,0.8724,0.87252
2013.03.08 00:03:23.230,0.8724,0.87251
2013.03.08 00:03:24.324,0.8724,0.87251
2013.03.08 00:03:34.697,0.87237,0.87249
2013.03.08 00:03:35.233,0.87237,0.87249
2013.03.08 00:03:39.115,0.87237,0.87251
2013.03.08 00:03:39.419,0.87238,0.87252
2013.03.08 00:03:39.618,0.87235,0.87252
2013.03.08 00:03:39.895,0.87234,0.87253
2013.03.08 00:03:42.407,0.87234,0.87252
2013.03.08 00:03:43.316,0.87234,0.87252
2013.03.08 00:03:51.396,0.87233,0.87253
2013.03.08 00:03:53.396,0.87233,0.87252
2013.03.08 00:03:54.536,0.87233,0.87252
2013.03.08 00:03:54.906,0.87234,0.87252
2013.03.08 00:03:55.565,0.87234,0.87253
2013.03.08 00:03:56.147,0.87234,0.87253
2013.03.08 00:03:57.459,0.87234,0.87253
2013.03.08 00:03:58.285,0.87234,0.87253
2013.03.08 00:03:58.870,0.87236,0.87253
2013.03.08 00:03:59.906,0.87236,0.87253
2013.03.08 00:03:59.965,0.87235,0.87254
2013.03.08 00:04:01.503,0.87234,0.87253
2013.03.08 00:04:02.186,0.87234,0.87253
2013.03.08 00:04:02.696,0.87235,0.8725
2013.03.08 00:04:03.507,0.87236,0.8725
2013.03.08 00:04:08.939,0.87236,0.87253
2013.03.08 00:04:09.446,0.87236,0.87253
2013.03.08 00:04:09.986,0.87236,0.87253
2013.03.08 00:04:11.557,0.87236,0.87253
2013.03.08 00:04:12.905,0.87236,0.87253
2013.03.08 00:04:27.096,0.87236,0.87254
2013.03.08 00:04:28.176,0.87237,0.87254
2013.03.08 00:04:29.465,0.87236,0.87253
2013.03.08 00:04:34.176,0.87237,0.87256
2013.03.08 00:04:34.296,0.87238,0.87257
2013.03.08 00:04:37.825,0.87239,0.87258
2013.03.08 00:04:57.896,0.87241,0.87256
2013.03.08 00:04:58.435,0.87242,0.87261
2013.03.08 00:04:59.824,0.87242,0.87261
2013.03.08 00:05:01.705,0.87243,0.87261
2013.03.08 00:05:03.466,0.87243,0.87261
2013.03.08 00:05:04.107,0.87243,0.87261
2013.03.08 00:05:07.265,0.87243,0.87261
2013.03.08 00:05:07.858,0.87243,0.87261
2013.03.08 00:05:11.945,0.87243,0.8726
2013.03.08 00:05:16.175,0.87243,0.87261
2013.03.08 00:05:19.345,0.87243,0.87261
2013.03.08 00:05:27.357,0.87243,0.87262
2013.03.08 00:05:27.416,0.87246,0.87264
2013.03.08 00:05:27.657,0.87249,0.87264
2013.03.08 00:05:27.786,0.87251,0.87266
2013.03.08 00:05:27.966,0.87255,0.8727
2013.03.08 00:05:28.146,0.87252,0.8727
2013.03.08 00:05:28.448,0.87252,0.8727
2013.03.08 00:05:28.996,0.87252,0.87268
2013.03.08 00:05:29.356,0.87252,0.87268
2013.03.08 00:05:29.476,0.87252,0.87268
2013.03.08 00:05:32.746,0.87251,0.87268
2013.03.08 00:05:51.095,0.8725,0.87269
2013.03.08 00:05:51.606,0.87251,0.87269
2013.03.08 00:05:55.297,0.87251,0.87269
2013.03.08 00:05:59.386,0.8725,0.87269
2013.03.08 00:06:05.869,0.8725,0.87268
2013.03.08 00:06:09.175,0.87249,0.87268
2013.03.08 00:06:11.002,0.87249,0.87266
2013.03.08 00:06:13.788,0.87249,0.87267
2013.03.08 00:06:28.916,0.87249,0.87267
2013.03.08 00:06:56.444,0.87247,0.87264
2013.03.08 00:06:56.957,0.87243,0.87263
2013.03.08 00:07:17.707,0.87247,0.87263
2013.03.08 00:07:26.119,0.87245,0.87263
2013.03.08 00:07:28.307,0.87245,0.87263
2013.03.08 00:07:32.447,0.87244,0.87264
2013.03.08 00:07:41.918,0.87244,0.87263
2013.03.08 00:07:42.406,0.87248,0.87265
2013.03.08 00:07:48.856,0.87248,0.87265
2013.03.08 00:08:00.867,0.87248,0.87265
2013.03.08 00:08:01.428,0.87247,0.87265
2013.03.08 00:08:01.867,0.87246,0.87265
2013.03.08 00:08:02.115,0.87244,0.87262
2013.03.08 00:08:02.177,0.87244,0.87262
2013.03.08 00:08:02.418,0.8724,0.87259
2013.03.08 00:08:02.939,0.87233,0.8725
2013.03.08 00:08:03.247,0.87233,0.87248
2013.03.08 00:08:03.428,0.8723,0.87248
2013.03.08 00:08:03.976,0.8723,0.87248
2013.03.08 00:08:04.524,0.8723,0.87248
2013.03.08 00:08:05.194,0.8723,0.87248
2013.03.08 00:08:05.771,0.8723,0.87247
2013.03.08 00:08:06.392,0.8723,0.87247
2013.03.08 00:08:07.547,0.8723,0.87247
2013.03.08 00:08:07.725,0.8723,0.87247
2013.03.08 00:08:07.905,0.8723,0.87249
2013.03.08 00:08:08.456,0.87233,0.8725
2013.03.08 00:08:11.927,0.87234,0.87252
2013.03.08 00:08:12.620,0.87234,0.87253
2013.03.08 00:08:13.187,0.87236,0.87254
2013.03.08 00:08:17.036,0.87236,0.87254
2013.03.08 00:08:18.355,0.87238,0.87255
2013.03.08 00:08:18.896,0.87236,0.87254
2013.03.08 00:08:19.377,0.87236,0.87253
2013.03.08 00:08:19.437,0.87234,0.87253
2013.03.08 00:08:23.636,0.87231,0.8725
2013.03.08 00:08:24.056,0.87233,0.87251
2013.03.08 00:08:29.026,0.87233,0.87251
2013.03.08 00:08:43.636,0.87232,0.87251
2013.03.08 00:08:45.376,0.87233,0.87251
2013.03.08 00:08:48.376,0.87233,0.87251
2013.03.08 00:08:50.428,0.87231,0.87251
2013.03.08 00:08:52.877,0.87234,0.87254
2013.03.08 00:08:53.057,0.87234,0.87254
2013.03.08 00:08:53.298,0.87237,0.87254
2013.03.08 00:08:56.257,0.87237,0.87254
2013.03.08 00:08:58.578,0.87237,0.87254
2013.03.08 00:08:59.136,0.87237,0.87253
2013.03.08 00:08:59.816,0.87237,0.87253
2013.03.08 00:09:00.126,0.87234,0.87252
2013.03.08 00:09:04.947,0.87234,0.87252
2013.03.08 00:09:05.286,0.87237,0.87253
2013.03.08 00:09:05.827,0.87238,0.87256
2013.03.08 00:09:06.076,0.87238,0.87256
2013.03.08 00:09:06.966,0.87238,0.87254
2013.03.08 00:09:07.506,0.87235,0.87251
2013.03.08 00:09:08.176,0.87234,0.87251
2013.03.08 00:09:09.185,0.87234,0.87251
2013.03.08 00:09:18.257,0.87234,0.87251
2013.03.08 00:09:21.345,0.87232,0.8725
2013.03.08 00:09:24.197,0.87232,0.87251
2013.03.08 00:09:27.276,0.87233,0.87251
2013.03.08 00:09:30.706,0.87233,0.87251
2013.03.08 00:09:33.581,0.87233,0.87251
2013.03.08 00:09:36.436,0.87235,0.8725
2013.03.08 00:09:36.995,0.87235,0.8725
2013.03.08 00:09:38.981,0.87235,0.87251
2013.03.08 00:09:40.056,0.87235,0.87251
2013.03.08 00:09:42.925,0.87235,0.87251
2013.03.08 00:09:46.033,0.87235,0.87251
2013.03.08 00:09:49.245,0.87235,0.87251
2013.03.08 00:09:50.875,0.87235,0.87251
2013.03.08 00:09:54.152,0.87234,0.87253
2013.03.08 00:09:54.457,0.87234,0.87253
2013.03.08 00:09:54.647,0.87235,0.87253
2013.03.08 00:09:55.007,0.87235,0.87251
2013.03.08 00:09:55.546,0.87234,0.87252
2013.03.08 00:09:57.236,0.87234,0.87252
2013.03.08 00:09:57.776,0.87235,0.87253
2013.03.08 00:09:58.326,0.87233,0.87249
2013.03.08 00:09:58.687,0.87232,0.8725
2013.03.08 00:09:59.107,0.8723,0.87247
2013.03.08 00:10:00.797,0.87229,0.87247
2013.03.08 00:10:00.987,0.87229,0.87248
2013.03.08 00:10:02.746,0.87229,0.87248
2013.03.08 00:10:04.046,0.8723,0.87248
2013.03.08 00:10:05.905,0.8723,0.87248
2013.03.08 00:10:08.327,0.87232,0.8725
2013.03.08 00:10:09.807,0.87235,0.87252
2013.03.08 00:10:10.739,0.87235,0.87252
2013.03.08 00:10:11.167,0.87234,0.87251
2013.03.08 00:10:11.466,0.87232,0.87248
2013.03.08 00:10:11.648,0.87231,0.87246
2013.03.08 00:10:11.897,0.87229,0.87248
2013.03.08 00:10:12.546,0.87229,0.87248
2013.03.08 00:10:12.666,0.87229,0.87246
2013.03.08 00:10:13.216,0.87229,0.87243
2013.03.08 00:10:13.998,0.87227,0.87242
2013.03.08 00:10:15.327,0.87227,0.87242
2013.03.08 00:10:15.748,0.87225,0.87241
2013.03.08 00:10:17.487,0.87225,0.87242
2013.03.08 00:10:18.576,0.87225,0.87242
2013.03.08 00:10:19.116,0.87224,0.87242
2013.03.08 00:10:24.270,0.87227,0.87244
2013.03.08 00:10:24.601,0.87228,0.87246
2013.03.08 00:10:24.671,0.87228,0.87247
2013.03.08 00:10:25.582,0.87229,0.87249
2013.03.08 00:10:27.597,0.87231,0.8725
2013.03.08 00:10:27.898,0.87232,0.87248
2013.03.08 00:10:28.407,0.87228,0.87246
2013.03.08 00:10:28.708,0.87227,0.87245
2013.03.08 00:10:30.468,0.87226,0.87245
2013.03.08 00:10:30.979,0.87226,0.87245
2013.03.08 00:10:32.656,0.87226,0.87246
2013.03.08 00:10:45.217,0.87226,0.87246
2013.03.08 00:10:47.326,0.87226,0.87246
2013.03.08 00:10:47.947,0.87226,0.87245
2013.03.08 00:10:48.644,0.87226,0.87244
2013.03.08 00:10:49.547,0.87226,0.87244
2013.03.08 00:10:50.649,0.87226,0.87244
2013.03.08 00:10:51.206,0.87227,0.87247
2013.03.08 00:10:51.327,0.87227,0.87247
2013.03.08 00:11:05.657,0.8723,0.87244
2013.03.08 00:11:07.598,0.87228,0.87244
2013.03.08 00:11:10.767,0.87226,0.87243
2013.03.08 00:11:11.306,0.87226,0.87242
2013.03.08 00:11:11.817,0.87224,0.87242
2013.03.08 00:11:12.638,0.87224,0.87242
2013.03.08 00:11:13.412,0.87224,0.87242
2013.03.08 00:11:14.087,0.87224,0.87242
2013.03.08 00:11:20.569,0.87224,0.87242
2013.03.08 00:11:20.756,0.87224,0.87242
2013.03.08 00:11:22.316,0.87224,0.87242
2013.03.08 00:11:22.448,0.87224,0.87242
2013.03.08 00:11:23.058,0.87221,0.8724
2013.03.08 00:11:23.367,0.87221,0.87238
2013.03.08 00:11:23.905,0.87221,0.87238
2013.03.08 00:11:24.769,0.8722,0.87239
2013.03.08 00:11:24.896,0.8722,0.8724
2013.03.08 00:11:27.126,0.87222,0.87241
2013.03.08 00:11:27.626,0.87221,0.87241
2013.03.08 00:11:27.927,0.87221,0.87239
2013.03.08 00:11:28.616,0.8722,0.8724
2013.03.08 00:11:38.807,0.8722,0.87238
2013.03.08 00:11:39.315,0.8722,0.87238
2013.03.08 00:11:39.876,0.8722,0.87238
2013.03.08 00:11:40.597,0.8722,0.87238
2013.03.08 00:11:40.957,0.8722,0.8724
2013.03.08 00:11:42.981,0.87222,0.8724
2013.03.08 00:11:47.397,0.87221,0.8724
2013.03.08 00:11:52.137,0.87222,0.87239
2013.03.08 00:11:57.301,0.8722,0.87236
2013.03.08 00:11:57.368,0.87217,0.87236
2013.03.08 00:12:04.801,0.87218,0.87235
2013.03.08 00:12:09.422,0.87217,0.87235
2013.03.08 00:12:18.195,0.87217,0.87234
2013.03.08 00:12:24.366,0.87216,0.87234
2013.03.08 00:12:24.966,0.87217,0.87234
2013.03.08 00:12:25.207,0.87217,0.87234
2013.03.08 00:12:30.616,0.87217,0.87235
2013.03.08 00:12:32.822,0.87217,0.87234
2013.03.08 00:12:33.957,0.87217,0.87235
2013.03.08 00:12:42.875,0.87218,0.87237
2013.03.08 00:13:06.927,0.8722,0.87237
2013.03.08 00:13:07.467,0.8722,0.87238
2013.03.08 00:13:12.178,0.8722,0.87237
2013.03.08 00:13:13.438,0.8722,0.87237
2013.03.08 00:13:24.105,0.8722,0.8724
2013.03.08 00:13:27.467,0.8722,0.87237
2013.03.08 00:13:33.778,0.87217,0.87235
2013.03.08 00:13:34.325,0.87216,0.87233
2013.03.08 00:13:34.875,0.87216,0.87233
2013.03.08 00:13:37.457,0.87216,0.87233
2013.03.08 00:13:37.696,0.87217,0.87234
2013.03.08 00:13:37.877,0.87218,0.87235
2013.03.08 00:13:49.839,0.87219,0.87237
2013.03.08 00:13:50.386,0.87219,0.87237
2013.03.08 00:14:02.728,0.87219,0.87235
2013.03.08 00:14:02.858,0.87218,0.87234
2013.03.08 00:14:03.109,0.87218,0.87233
2013.03.08 00:14:03.417,0.87215,0.87231
2013.03.08 00:14:03.927,0.87215,0.87227
2013.03.08 00:14:04.228,0.87215,0.8723
2013.03.08 00:14:04.417,0.87217,0.87232
2013.03.08 00:14:04.538,0.87218,0.87234
2013.03.08 00:14:04.669,0.8722,0.87236
2013.03.08 00:14:05.157,0.8722,0.87238
2013.03.08 00:14:05.589,0.8722,0.87238
2013.03.08 00:14:06.378,0.8722,0.87238
2013.03.08 00:14:07.378,0.8722,0.87238
2013.03.08 00:14:09.807,0.8722,0.87238
2013.03.08 00:14:14.727,0.8722,0.87238
2013.03.08 00:14:15.157,0.87218,0.87236
2013.03.08 00:14:15.648,0.87218,0.87234
2013.03.08 00:14:15.778,0.87218,0.87237
2013.03.08 00:14:16.086,0.87218,0.87236
2013.03.08 00:14:22.079,0.87218,0.87236
2013.03.08 00:14:22.328,0.8722,0.87238
2013.03.08 00:14:22.996,0.8722,0.87238
2013.03.08 00:14:25.048,0.87219,0.87236
2013.03.08 00:14:27.597,0.87219,0.87237
2013.03.08 00:14:33.737,0.87218,0.87237
2013.03.08 00:14:36.068,0.87218,0.87236
2013.03.08 00:14:45.366,0.87218,0.87235
2013.03.08 00:14:45.956,0.87217,0.87233
2013.03.08 00:14:46.626,0.87217,0.87235
2013.03.08 00:14:47.230,0.87217,0.87233
2013.03.08 00:14:50.626,0.87217,0.87235
2013.03.08 00:14:51.171,0.87217,0.87235
2013.03.08 00:14:51.355,0.87217,0.87236
2013.03.08 00:14:51.907,0.87217,0.87236
2013.03.08 00:14:52.446,0.87217,0.87233
2013.03.08 00:14:52.507,0.87217,0.87233
2013.03.08 00:14:52.806,0.87217,0.87236
2013.03.08 00:14:53.167,0.87215,0.87232
2013.03.08 00:14:53.706,0.87216,0.87233
2013.03.08 00:14:54.216,0.87215,0.87233
2013.03.08 00:14:54.767,0.87216,0.87233
2013.03.08 00:14:55.556,0.87216,0.87232
2013.03.08 00:14:56.096,0.87215,0.87233
2013.03.08 00:14:57.126,0.87216,0.87232
2013.03.08 00:14:57.665,0.87215,0.87233
2013.03.08 00:14:58.207,0.87215,0.87233
2013.03.08 00:14:58.946,0.87216,0.87233
2013.03.08 00:14:59.487,0.87216,0.87232
2013.03.08 00:15:00.386,0.87216,0.87233
2013.03.08 00:15:00.896,0.87217,0.87233
2013.03.08 00:15:01.678,0.87216,0.87233
2013.03.08 00:15:02.593,0.87215,0.87232
2013.03.08 00:15:03.447,0.87216,0.87233
2013.03.08 00:15:04.176,0.87216,0.87235
2013.03.08 00:15:04.716,0.87215,0.87234
2013.03.08 00:15:05.261,0.87216,0.87234
2013.03.08 00:15:05.638,0.87219,0.87236
2013.03.08 00:15:06.356,0.87218,0.87236
2013.03.08 00:15:10.607,0.87218,0.87236
2013.03.08 00:15:24.050,0.87218,0.87235
2013.03.08 00:15:24.118,0.87217,0.87235
2013.03.08 00:15:46.626,0.87217,0.8723
2013.03.08 00:15:46.946,0.87213,0.87227
2013.03.08 00:15:58.947,0.87212,0.87225
2013.03.08 00:16:10.186,0.87212,0.87225
2013.03.08 00:16:32.117,0.87212,0.87227
2013.03.08 00:16:32.178,0.87212,0.87228
2013.03.08 00:16:32.357,0.87214,0.87231
2013.03.08 00:16:40.276,0.87214,0.87229
2013.03.08 00:16:44.676,0.87214,0.87229
2013.03.08 00:16:45.376,0.87214,0.87229
2013.03.08 00:16:49.386,0.87213,0.87229
2013.03.08 00:16:50.788,0.87213,0.87228
2013.03.08 00:17:00.533,0.87213,0.87229
2013.03.08 00:17:15.148,0.87213,0.87229
2013.03.08 00:17:15.666,0.87213,0.87228
2013.03.08 00:17:16.787,0.87213,0.87228
2013.03.08 00:17:17.708,0.87212,0.87231
2013.03.08 00:17:18.127,0.87215,0.87235
2013.03.08 00:17:19.897,0.87215,0.87235
2013.03.08 00:17:23.408,0.87217,0.87237
2013.03.08 00:17:41.396,0.87223,0.87241
2013.03.08 00:17:41.577,0.87223,0.87241
2013.03.08 00:17:42.117,0.87223,0.87242
2013.03.08 00:17:54.717,0.87223,0.87241
2013.03.08 00:17:54.837,0.87223,0.87241
2013.03.08 00:18:54.817,0.87222,0.87241
2013.03.08 00:18:54.938,0.87224,0.87242
2013.03.08 00:19:02.387,0.87224,0.87243
2013.03.08 00:19:03.013,0.87224,0.87243
2013.03.08 00:19:03.688,0.87223,0.87243
2013.03.08 00:19:05.696,0.87223,0.87243
2013.03.08 00:19:11.098,0.87224,0.87242
2013.03.08 00:19:13.255,0.87224,0.87243
2013.03.08 00:19:18.409,0.87224,0.87243
2013.03.08 00:19:20.276,0.87223,0.87243
2013.03.08 00:19:20.962,0.87224,0.87243
2013.03.08 00:19:30.369,0.87223,0.87237
2013.03.08 00:19:30.619,0.87223,0.87237
2013.03.08 00:19:31.176,0.87223,0.87238
2013.03.08 00:19:32.000,0.87223,0.87239
2013.03.08 00:19:34.507,0.87223,0.87241
2013.03.08 00:19:34.688,0.87223,0.87241
2013.03.08 00:19:34.757,0.87223,0.87242
2013.03.08 00:19:37.297,0.87224,0.87242
2013.03.08 00:19:39.357,0.87225,0.87242
2013.03.08 00:19:39.978,0.87224,0.87242
2013.03.08 00:19:43.187,0.87226,0.87242
2013.03.08 00:19:43.249,0.87228,0.87245
2013.03.08 00:19:43.438,0.87229,0.87245
2013.03.08 00:19:46.207,0.8723,0.8725
2013.03.08 00:19:46.270,0.8723,0.8725
2013.03.08 00:19:55.037,0.8723,0.8725
2013.03.08 00:19:55.687,0.87229,0.8725
2013.03.08 00:20:00.668,0.8723,0.87247
2013.03.08 00:20:03.208,0.87228,0.87247
2013.03.08 00:20:04.799,0.87228,0.87247
2013.03.08 00:20:10.099,0.87225,0.87245
2013.03.08 00:20:10.668,0.87225,0.87245
2013.03.08 00:20:16.247,0.87224,0.87244
2013.03.08 00:20:20.737,0.87224,0.87244
2013.03.08 00:20:21.107,0.87226,0.87244
2013.03.08 00:20:21.242,0.87228,0.87244
2013.03.08 00:20:22.248,0.87228,0.87245
2013.03.08 00:20:24.418,0.87228,0.87245
2013.03.08 00:20:27.380,0.87228,0.87245
2013.03.08 00:20:30.710,0.87224,0.87243
2013.03.08 00:20:51.500,0.87224,0.87243
2013.03.08 00:20:56.181,0.87226,0.87243
2013.03.08 00:21:22.479,0.87228,0.87244
2013.03.08 00:21:23.548,0.87229,0.87245
2013.03.08 00:21:23.668,0.87229,0.87247
2013.03.08 00:21:24.349,0.87233,0.87249
2013.03.08 00:21:27.408,0.87235,0.8725
2013.03.08 00:21:30.168,0.87232,0.87249
2013.03.08 00:21:55.177,0.8723,0.87249
2013.03.08 00:22:13.879,0.87227,0.87245
2013.03.08 00:22:14.499,0.87227,0.87245
2013.03.08 00:22:17.610,0.87227,0.87245
2013.03.08 00:22:22.547,0.87228,0.87245
2013.03.08 00:22:24.517,0.87227,0.87246
2013.03.08 00:22:25.384,0.87228,0.87246
2013.03.08 00:22:26.587,0.87228,0.87246
2013.03.08 00:22:28.798,0.87228,0.87245
2013.03.08 00:22:30.549,0.87228,0.87246
2013.03.08 00:22:33.825,0.87228,0.87246
2013.03.08 00:22:40.968,0.87227,0.87245
2013.03.08 00:23:07.069,0.87227,0.87242
2013.03.08 00:23:10.587,0.87227,0.87242
2013.03.08 00:23:50.583,0.87227,0.87242
2013.03.08 00:23:51.197,0.87228,0.87243
2013.03.08 00:24:14.632,0.87228,0.87245
2013.03.08 00:24:20.317,0.87228,0.87245
2013.03.08 00:24:20.677,0.87229,0.87246
2013.03.08 00:24:21.698,0.8723,0.87247
2013.03.08 00:24:29.868,0.87229,0.87247
2013.03.08 00:24:30.967,0.87228,0.87247
2013.03.08 00:24:32.232,0.87229,0.87247
2013.03.08 00:24:34.567,0.87229,0.87247
2013.03.08 00:24:37.178,0.8723,0.87247
2013.03.08 00:24:37.820,0.87229,0.87243
2013.03.08 00:24:38.537,0.87229,0.87243
2013.03.08 00:24:39.717,0.87228,0.87243
2013.03.08 00:24:41.248,0.87228,0.87244
2013.03.08 00:24:41.809,0.87227,0.87243
2013.03.08 00:24:56.633,0.87228,0.87243
2013.03.08 00:24:56.878,0.87229,0.87244
2013.03.08 00:24:57.118,0.87228,0.87243
2013.03.08 00:24:57.537,0.87228,0.87243
2013.03.08 00:24:58.117,0.87228,0.87243
2013.03.08 00:24:58.671,0.87228,0.87243
2013.03.08 00:25:07.658,0.87228,0.87246
2013.03.08 00:25:08.224,0.8723,0.87248
2013.03.08 00:25:08.727,0.8723,0.87247
2013.03.08 00:25:18.778,0.87232,0.8725
2013.03.08 00:25:19.308,0.87233,0.87249
2013.03.08 00:25:21.011,0.87233,0.87251
2013.03.08 00:25:24.979,0.87235,0.87253
2013.03.08 00:25:25.362,0.87237,0.87253
2013.03.08 00:25:26.148,0.87237,0.87254
2013.03.08 00:25:33.638,0.87238,0.87256
2013.03.08 00:25:47.907,0.87237,0.87255
2013.03.08 00:25:54.476,0.87238,0.87256
2013.03.08 00:25:55.140,0.87239,0.87257
2013.03.08 00:25:59.677,0.87239,0.87257
2013.03.08 00:25:59.919,0.87239,0.87258
2013.03.08 00:26:02.971,0.87239,0.87258
2013.03.08 00:26:03.099,0.87239,0.87257
2013.03.08 00:26:03.627,0.87238,0.87257
2013.03.08 00:26:05.790,0.87238,0.87257
2013.03.08 00:26:06.188,0.87239,0.87258
2013.03.08 00:26:11.854,0.87241,0.87257
2013.03.08 00:26:12.159,0.87239,0.87256
2013.03.08 00:26:12.361,0.87237,0.87255
2013.03.08 00:26:12.848,0.87235,0.87253
2013.03.08 00:26:19.458,0.87234,0.87252
2013.03.08 00:26:29.940,0.87235,0.87254
2013.03.08 00:26:32.909,0.87235,0.87256
2013.03.08 00:26:48.478,0.87236,0.87257
2013.03.08 00:26:55.369,0.87237,0.87256
2013.03.08 00:26:55.551,0.87241,0.87258
2013.03.08 00:26:55.803,0.87242,0.87259
2013.03.08 00:26:57.750,0.8724,0.87258
2013.03.08 00:27:00.519,0.8724,0.87256
2013.03.08 00:27:12.199,0.87235,0.87255
2013.03.08 00:27:12.448,0.87235,0.87254
2013.03.08 00:27:12.929,0.87231,0.8725
2013.03.08 00:27:13.480,0.8723,0.87249
2013.03.08 00:27:15.380,0.87229,0.87248
2013.03.08 00:27:15.569,0.87228,0.87245
2013.03.08 00:27:15.930,0.87226,0.87246
2013.03.08 00:27:16.298,0.87225,0.87244
2013.03.08 00:27:16.358,0.87225,0.87245
2013.03.08 00:27:16.900,0.87227,0.87245
2013.03.08 00:27:17.150,0.87227,0.87247
2013.03.08 00:27:37.713,0.87227,0.87247
2013.03.08 00:27:40.191,0.87226,0.87245
2013.03.08 00:27:47.978,0.87224,0.87244
2013.03.08 00:28:40.168,0.87224,0.87244
2013.03.08 00:28:45.148,0.87226,0.87244
2013.03.08 00:28:45.748,0.87228,0.87247
2013.03.08 00:28:46.288,0.8723,0.87247
2013.03.08 00:28:46.789,0.8723,0.87248
2013.03.08 00:28:47.557,0.8723,0.87248
2013.03.08 00:28:48.217,0.8723,0.87248
2013.03.08 00:28:49.948,0.8723,0.87248
2013.03.08 00:28:50.573,0.8723,0.87248
2013.03.08 00:28:54.400,0.8723,0.87248
2013.03.08 00:28:54.791,0.87232,0.87252
2013.03.08 00:28:54.862,0.87237,0.87254
2013.03.08 00:28:55.170,0.87238,0.87255
2013.03.08 00:28:55.298,0.87239,0.8726
2013.03.08 00:28:55.887,0.87238,0.87259
2013.03.08 00:29:00.978,0.8724,0.8726
2013.03.08 00:29:09.179,0.87238,0.87258
2013.03.08 00:29:09.689,0.87238,0.87258
2013.03.08 00:29:10.929,0.87238,0.87258
2013.03.08 00:29:14.460,0.87238,0.87258
2013.03.08 00:29:14.978,0.87238,0.87258
2013.03.08 00:29:15.098,0.87238,0.87257
2013.03.08 00:29:15.280,0.87236,0.87255
2013.03.08 00:29:20.879,0.87236,0.87255
2013.03.08 00:29:22.198,0.87235,0.87254
2013.03.08 00:29:22.320,0.87235,0.87253
2013.03.08 00:29:22.390,0.87233,0.87253
2013.03.08 00:29:22.948,0.87233,0.8725
2013.03.08 00:29:23.858,0.87232,0.8725
2013.03.08 00:29:29.050,0.87231,0.8725
2013.03.08 00:29:39.138,0.87231,0.8725
2013.03.08 00:29:39.199,0.87229,0.87249
2013.03.08 00:29:39.389,0.87231,0.87251
2013.03.08 00:29:46.051,0.87231,0.8725
2013.03.08 00:29:46.358,0.87231,0.87248
2013.03.08 00:29:48.158,0.87229,0.87249
2013.03.08 00:29:48.278,0.87227,0.87247
2013.03.08 00:29:48.400,0.87228,0.87248
2013.03.08 00:29:50.129,0.8723,0.87247
2013.03.08 00:29:50.431,0.87231,0.87249
2013.03.08 00:29:50.499,0.87231,0.87249
2013.03.08 00:29:50.622,0.87231,0.87249
2013.03.08 00:29:50.689,0.87232,0.87249
2013.03.08 00:30:00.598,0.87229,0.87249
2013.03.08 00:30:00.958,0.87229,0.87247
2013.03.08 00:30:01.141,0.87228,0.87247
2013.03.08 00:30:01.330,0.87228,0.87248
2013.03.08 00:30:07.419,0.8723,0.87248
2013.03.08 00:30:07.959,0.8723,0.8725
2013.03.08 00:30:08.719,0.8723,0.8725
2013.03.08 00:30:09.718,0.8723,0.87248
2013.03.08 00:30:10.269,0.8723,0.87248
2013.03.08 00:30:10.889,0.87229,0.87248
2013.03.08 00:30:13.749,0.87229,0.8725
2013.03.08 00:30:17.171,0.87232,0.8725
2013.03.08 00:30:17.366,0.87232,0.87251
2013.03.08 00:30:17.609,0.87233,0.87252
2013.03.08 00:30:20.950,0.87233,0.87253
2013.03.08 00:30:21.499,0.87236,0.87254
2013.03.08 00:30:23.209,0.87235,0.87255
2013.03.08 00:30:29.686,0.87235,0.87253
2013.03.08 00:30:30.000,0.87232,0.87251
2013.03.08 00:30:33.582,0.87231,0.8725
2013.03.08 00:30:36.958,0.87231,0.87249
2013.03.08 00:30:37.639,0.87231,0.87249
2013.03.08 00:30:42.039,0.87231,0.8725
2013.03.08 00:30:42.588,0.87231,0.8725
2013.03.08 00:30:46.279,0.87233,0.8725
2013.03.08 00:30:46.769,0.87231,0.87249
2013.03.08 00:30:46.829,0.87231,0.87249
2013.03.08 00:31:03.799,0.87228,0.87246
2013.03.08 00:31:04.348,0.87227,0.87246
2013.03.08 00:31:04.898,0.87227,0.87245
2013.03.08 00:31:50.176,0.87225,0.87245
2013.03.08 00:31:53.889,0.87231,0.87247
2013.03.08 00:31:53.950,0.87231,0.87247
2013.03.08 00:31:54.458,0.87232,0.87249
2013.03.08 00:31:54.973,0.87232,0.87248
2013.03.08 00:31:55.651,0.87232,0.87249
2013.03.08 00:31:55.919,0.87232,0.87248
2013.03.08 00:31:58.109,0.87231,0.87248
2013.03.08 00:31:58.599,0.87229,0.87248
2013.03.08 00:31:59.311,0.87229,0.87248
2013.03.08 00:32:00.708,0.87229,0.87248
2013.03.08 00:32:01.241,0.8723,0.87248
2013.03.08 00:32:01.788,0.87228,0.87245
2013.03.08 00:32:01.909,0.87227,0.87245
2013.03.08 00:32:02.088,0.87227,0.87246
2013.03.08 00:32:02.818,0.87228,0.87246
2013.03.08 00:32:03.808,0.87227,0.87246
2013.03.08 00:32:06.958,0.87227,0.87246
2013.03.08 00:32:08.159,0.87226,0.87246
2013.03.08 00:32:08.278,0.87226,0.87246
2013.03.08 00:32:08.639,0.87226,0.87246
2013.03.08 00:32:13.090,0.87225,0.87243
2013.03.08 00:32:13.595,0.87224,0.87242
2013.03.08 00:32:13.660,0.87224,0.87242
2013.03.08 00:32:14.209,0.87224,0.87242
2013.03.08 00:32:14.630,0.87225,0.87244
2013.03.08 00:32:15.181,0.87225,0.87244
2013.03.08 00:32:15.717,0.87225,0.87244
2013.03.08 00:32:16.230,0.87228,0.87246
2013.03.08 00:32:16.779,0.87231,0.87247
2013.03.08 00:32:17.419,0.87231,0.87249
2013.03.08 00:32:18.068,0.8723,0.87249
2013.03.08 00:32:27.138,0.87229,0.8725
2013.03.08 00:32:27.709,0.8723,0.8725
2013.03.08 00:32:28.319,0.87229,0.87249
2013.03.08 00:32:28.847,0.87229,0.87248
2013.03.08 00:32:29.430,0.87228,0.87247
2013.03.08 00:32:29.492,0.87228,0.87245
2013.03.08 00:32:29.681,0.87228,0.87245
2013.03.08 00:32:30.239,0.87225,0.87243
2013.03.08 00:32:31.338,0.87224,0.87243
2013.03.08 00:32:35.248,0.87223,0.87242
2013.03.08 00:32:38.408,0.87223,0.87243
2013.03.08 00:32:38.919,0.87223,0.87243
2013.03.08 00:32:40.008,0.87223,0.87242
2013.03.08 00:32:44.710,0.87223,0.87242
2013.03.08 00:32:45.310,0.87223,0.87241
2013.03.08 00:32:46.039,0.87222,0.87238
2013.03.08 00:32:48.600,0.87222,0.87238
2013.03.08 00:32:50.349,0.87223,0.87238
2013.03.08 00:32:51.009,0.87223,0.87241
2013.03.08 00:33:02.111,0.87223,0.8724
2013.03.08 00:33:02.362,0.87222,0.87238
2013.03.08 00:33:02.922,0.87222,0.87238
2013.03.08 00:33:03.590,0.87223,0.87238
2013.03.08 00:33:04.310,0.87223,0.87238
2013.03.08 00:33:04.868,0.87223,0.87241
2013.03.08 00:33:06.419,0.87223,0.87241
2013.03.08 00:33:06.960,0.87222,0.87237
2013.03.08 00:33:08.809,0.87223,0.87237
2013.03.08 00:33:09.360,0.87223,0.87237
2013.03.08 00:33:09.901,0.87223,0.87237
2013.03.08 00:33:10.520,0.87223,0.87237
2013.03.08 00:33:11.201,0.87223,0.87238
2013.03.08 00:33:11.759,0.87223,0.87241
2013.03.08 00:33:12.299,0.87223,0.87241
2013.03.08 00:33:13.180,0.87222,0.87241
2013.03.08 00:33:15.180,0.87223,0.87239
2013.03.08 00:33:15.610,0.87223,0.87237
2013.03.08 00:33:16.341,0.87223,0.87238
2013.03.08 00:33:20.270,0.87223,0.87238
2013.03.08 00:33:24.409,0.87221,0.87237
2013.03.08 00:33:25.069,0.8722,0.87236
2013.03.08 00:33:25.431,0.87219,0.87235
2013.03.08 00:33:32.690,0.87217,0.87234
2013.03.08 00:33:33.140,0.87214,0.8723
2013.03.08 00:33:34.029,0.87211,0.87229
2013.03.08 00:33:41.865,0.87211,0.87229
2013.03.08 00:33:42.351,0.87211,0.87231
2013.03.08 00:33:42.733,0.87212,0.87231
2013.03.08 00:33:43.221,0.87214,0.87234
2013.03.08 00:33:43.773,0.87219,0.87236
2013.03.08 00:33:44.021,0.87219,0.87238
2013.03.08 00:33:44.655,0.87219,0.87238
2013.03.08 00:33:47.529,0.87221,0.87239
2013.03.08 00:33:48.850,0.87222,0.8724
2013.03.08 00:33:49.280,0.87225,0.87243
2013.03.08 00:33:49.660,0.87225,0.87243
2013.03.08 00:33:50.199,0.87224,0.87242
2013.03.08 00:33:50.381,0.87224,0.8724
2013.03.08 00:33:51.166,0.87224,0.87242
2013.03.08 00:33:51.240,0.87224,0.87242
2013.03.08 00:33:51.749,0.87225,0.87242
2013.03.08 00:33:52.269,0.87225,0.87243
2013.03.08 00:33:53.440,0.87225,0.87245
2013.03.08 00:33:54.999,0.87225,0.87245
2013.03.08 00:33:55.190,0.87227,0.87245
2013.03.08 00:33:55.562,0.87229,0.87247
2013.03.08 00:33:56.300,0.8723,0.87249
2013.03.08 00:33:56.480,0.87228,0.87247
2013.03.08 00:33:56.782,0.87228,0.87246
2013.03.08 00:33:57.331,0.87228,0.87246
2013.03.08 00:34:07.962,0.87228,0.87246
2013.03.08 00:34:08.575,0.87228,0.87244
2013.03.08 00:34:11.295,0.87228,0.87245
2013.03.08 00:34:11.436,0.87228,0.87246
2013.03.08 00:34:13.870,0.8723,0.87248
2013.03.08 00:34:21.170,0.8723,0.87248
2013.03.08 00:34:23.590,0.87229,0.87248
2013.03.08 00:34:28.651,0.87226,0.87246
2013.03.08 00:34:29.333,0.87223,0.87243
2013.03.08 00:34:29.409,0.87223,0.87242
2013.03.08 00:34:30.410,0.87223,0.87243
2013.03.08 00:34:33.940,0.87223,0.87243
2013.03.08 00:34:37.954,0.87223,0.87243
2013.03.08 00:34:40.210,0.87223,0.87243
2013.03.08 00:34:40.721,0.87223,0.87241
2013.03.08 00:34:42.620,0.87223,0.87241
2013.03.08 00:34:43.160,0.87221,0.87239
2013.03.08 00:34:45.891,0.8722,0.87239
2013.03.08 00:34:46.440,0.87217,0.87236
2013.03.08 00:34:46.979,0.87216,0.87236
2013.03.08 00:34:48.769,0.87219,0.87236
2013.03.08 00:34:49.089,0.8722,0.87237
2013.03.08 00:34:49.653,0.8722,0.87239
2013.03.08 00:34:51.153,0.87219,0.87239
2013.03.08 00:34:51.869,0.87219,0.87239
2013.03.08 00:34:55.201,0.8722,0.87239
2013.03.08 00:34:56.233,0.87219,0.87239
2013.03.08 00:34:58.221,0.87221,0.87238
2013.03.08 00:34:58.581,0.87223,0.87239
2013.03.08 00:34:58.653,0.87227,0.87241
2013.03.08 00:34:58.900,0.87227,0.87246
2013.03.08 00:34:59.440,0.87228,0.87246
2013.03.08 00:35:05.355,0.87228,0.87246
2013.03.08 00:35:06.351,0.8723,0.87248
2013.03.08 00:35:07.729,0.8723,0.87249
2013.03.08 00:35:09.519,0.8723,0.87248
2013.03.08 00:35:10.090,0.8723,0.87248
2013.03.08 00:35:15.350,0.87229,0.87247
2013.03.08 00:35:28.096,0.87227,0.87246
2013.03.08 00:35:31.454,0.8723,0.87248
2013.03.08 00:35:39.200,0.8723,0.87248
2013.03.08 00:35:41.521,0.8723,0.87248
2013.03.08 00:35:54.832,0.8723,0.87248
2013.03.08 00:35:55.391,0.87231,0.87248
2013.03.08 00:35:56.985,0.87231,0.87251
2013.03.08 00:35:58.574,0.87233,0.8725
2013.03.08 00:36:01.430,0.87229,0.87248
2013.03.08 00:36:01.979,0.87228,0.87247
2013.03.08 00:36:02.039,0.87228,0.87247
2013.03.08 00:36:03.141,0.87228,0.87247
2013.03.08 00:36:04.019,0.87228,0.87247
2013.03.08 00:36:06.690,0.87228,0.87247
2013.03.08 00:36:11.479,0.87228,0.87247
2013.03.08 00:36:13.821,0.87228,0.87246
2013.03.08 00:36:16.020,0.87227,0.87244
2013.03.08 00:36:16.903,0.87227,0.87244
2013.03.08 00:36:18.120,0.87227,0.87244
2013.03.08 00:36:19.740,0.87227,0.87246
2013.03.08 00:36:22.370,0.87227,0.87247
2013.03.08 00:36:22.997,0.87225,0.87244
2013.03.08 00:36:23.370,0.87224,0.87244
2013.03.08 00:36:23.911,0.87224,0.8724
2013.03.08 00:36:25.271,0.87223,0.8724
2013.03.08 00:36:47.920,0.87223,0.8724
2013.03.08 00:36:48.484,0.87223,0.8724
2013.03.08 00:36:48.880,0.87223,0.8724
2013.03.08 00:36:53.671,0.87223,0.87242
2013.03.08 00:36:54.198,0.87223,0.8724
2013.03.08 00:37:00.642,0.87221,0.87238
2013.03.08 00:37:00.832,0.87221,0.87238
2013.03.08 00:37:01.268,0.8722,0.87238
2013.03.08 00:37:01.473,0.8722,0.87238
2013.03.08 00:37:02.024,0.8722,0.8724
2013.03.08 00:37:02.091,0.87221,0.87241
2013.03.08 00:37:02.580,0.87223,0.87241
2013.03.08 00:37:05.380,0.87225,0.87243
2013.03.08 00:37:05.444,0.87225,0.87243
2013.03.08 00:37:06.121,0.87225,0.87244
2013.03.08 00:37:06.204,0.87225,0.87244
2013.03.08 00:37:06.711,0.87225,0.87244
2013.03.08 00:37:08.747,0.87225,0.87244
2013.03.08 00:37:08.870,0.87225,0.87245
2013.03.08 00:37:08.929,0.87225,0.87245
2013.03.08 00:37:09.441,0.87225,0.87245
2013.03.08 00:37:09.964,0.87225,0.87245
2013.03.08 00:37:11.480,0.87225,0.87245
2013.03.08 00:37:12.131,0.87225,0.87245
2013.03.08 00:37:13.860,0.87225,0.87245
2013.03.08 00:37:14.401,0.87225,0.87244
2013.03.08 00:37:18.649,0.87224,0.87244
2013.03.08 00:37:19.320,0.87223,0.87243
2013.03.08 00:37:19.860,0.87223,0.87241
2013.03.08 00:37:20.160,0.87223,0.87241
2013.03.08 00:37:28.430,0.87223,0.87242
2013.03.08 00:37:30.751,0.87225,0.87243
2013.03.08 00:37:31.948,0.87225,0.87241
2013.03.08 00:37:33.640,0.87225,0.87243
2013.03.08 00:37:34.021,0.87227,0.87243
2013.03.08 00:37:34.461,0.87228,0.87245
2013.03.08 00:37:35.001,0.87226,0.87243
2013.03.08 00:37:35.713,0.87226,0.87245
2013.03.08 00:37:40.762,0.87226,0.87244
2013.03.08 00:37:41.310,0.87224,0.87242
2013.03.08 00:37:41.491,0.87224,0.87241
2013.03.08 00:37:42.030,0.87224,0.8724
2013.03.08 00:37:42.579,0.87223,0.8724
2013.03.08 00:37:42.760,0.87223,0.8724
2013.03.08 00:37:43.295,0.87223,0.8724
2013.03.08 00:37:55.419,0.87224,0.8724
2013.03.08 00:37:55.721,0.87224,0.8724
2013.03.08 00:37:55.910,0.87224,0.8724
2013.03.08 00:37:56.210,0.87224,0.8724
2013.03.08 00:37:56.435,0.87224,0.8724
2013.03.08 00:37:57.219,0.87223,0.8724
2013.03.08 00:37:57.771,0.87223,0.8724
2013.03.08 00:37:57.829,0.87223,0.8724
2013.03.08 00:37:57.950,0.87223,0.8724
2013.03.08 00:37:58.069,0.87222,0.8724
2013.03.08 00:37:58.253,0.87223,0.8724
2013.03.08 00:37:58.440,0.87223,0.87241
2013.03.08 00:37:58.970,0.87223,0.8724
2013.03.08 00:37:59.510,0.87222,0.87239
2013.03.08 00:38:00.363,0.8722,0.87239
2013.03.08 00:38:00.431,0.8722,0.87236
2013.03.08 00:38:00.734,0.87221,0.87235
2013.03.08 00:38:01.669,0.87221,0.87235
2013.03.08 00:38:01.909,0.87221,0.87235
2013.03.08 00:38:02.210,0.87221,0.87238
2013.03.08 00:38:02.839,0.87221,0.87238
2013.03.08 00:38:04.670,0.87222,0.87238
2013.03.08 00:38:05.210,0.87225,0.87242
2013.03.08 00:38:05.888,0.87225,0.87242
2013.03.08 00:38:06.249,0.87225,0.87242
2013.03.08 00:38:06.556,0.87225,0.8724
2013.03.08 00:38:07.102,0.87223,0.8724
2013.03.08 00:38:08.150,0.8722,0.87239
2013.03.08 00:38:08.340,0.87219,0.87237
2013.03.08 00:38:09.180,0.87219,0.87234
2013.03.08 00:38:10.610,0.87218,0.87235
2013.03.08 00:38:12.940,0.87219,0.87236
2013.03.08 00:38:13.422,0.87223,0.87239
2013.03.08 00:38:13.970,0.87223,0.87238
2013.03.08 00:38:14.512,0.87222,0.87239
2013.03.08 00:38:15.023,0.87225,0.8724
2013.03.08 00:38:15.210,0.87225,0.87242
2013.03.08 00:38:19.660,0.87227,0.87244
2013.03.08 00:38:20.869,0.87223,0.87241
2013.03.08 00:38:23.870,0.87224,0.87239
2013.03.08 00:38:24.469,0.87223,0.87241
2013.03.08 00:38:25.134,0.87223,0.87239
2013.03.08 00:38:25.679,0.87223,0.87239
2013.03.08 00:38:27.739,0.87223,0.87239
2013.03.08 00:38:28.289,0.87223,0.87239
2013.03.08 00:38:28.829,0.87223,0.87239
2013.03.08 00:38:29.370,0.87223,0.87239
2013.03.08 00:38:29.850,0.87223,0.87239
2013.03.08 00:38:30.171,0.87223,0.87238
2013.03.08 00:38:34.260,0.87223,0.87239
2013.03.08 00:38:41.594,0.87222,0.87239
2013.03.08 00:39:15.701,0.87223,0.87239
2013.03.08 00:39:16.910,0.87222,0.8724
2013.03.08 00:39:20.120,0.8722,0.8724
2013.03.08 00:39:20.480,0.8722,0.87239
2013.03.08 00:39:22.591,0.8722,0.87239
2013.03.08 00:39:23.132,0.8722,0.87236
2013.03.08 00:39:23.680,0.8722,0.87236
2013.03.08 00:39:24.280,0.8722,0.87236
2013.03.08 00:39:26.113,0.8722,0.87237
2013.03.08 00:39:26.779,0.8722,0.87236
2013.03.08 00:39:27.250,0.8722,0.87236
2013.03.08 00:39:28.449,0.8722,0.87236
2013.03.08 00:39:28.751,0.8722,0.87236
2013.03.08 00:39:29.271,0.8722,0.87238
2013.03.08 00:39:33.041,0.87221,0.87237
2013.03.08 00:39:42.200,0.8722,0.87235
2013.03.08 00:39:42.680,0.8722,0.87235
2013.03.08 00:39:43.221,0.8722,0.87236
2013.03.08 00:39:43.659,0.8722,0.87236
2013.03.08 00:39:43.780,0.87219,0.87236
2013.03.08 00:39:44.101,0.87219,0.87236
2013.03.08 00:39:44.650,0.87219,0.87236
2013.03.08 00:39:45.012,0.87219,0.87236
2013.03.08 00:39:45.201,0.87219,0.87236
2013.03.08 00:39:45.510,0.87219,0.87236
2013.03.08 00:39:45.690,0.87219,0.87236
2013.03.08 00:39:45.990,0.87219,0.87235
2013.03.08 00:39:46.169,0.87219,0.87236
2013.03.08 00:39:46.409,0.87219,0.87236
2013.03.08 00:39:46.710,0.87219,0.87236
2013.03.08 00:39:47.940,0.87219,0.87236
2013.03.08 00:39:48.730,0.8722,0.87236
2013.03.08 00:39:48.973,0.8722,0.87236
2013.03.08 00:39:49.161,0.8722,0.87236
2013.03.08 00:39:49.469,0.8722,0.87236
2013.03.08 00:39:50.035,0.8722,0.87236
2013.03.08 00:39:50.160,0.8722,0.87236
2013.03.08 00:39:50.284,0.8722,0.87236
2013.03.08 00:39:50.471,0.8722,0.87235
2013.03.08 00:39:50.770,0.8722,0.87236
2013.03.08 00:39:50.959,0.8722,0.87236
2013.03.08 00:39:51.140,0.8722,0.87236
2013.03.08 00:39:51.440,0.8722,0.87235
2013.03.08 00:39:51.830,0.8722,0.87236
2013.03.08 00:39:52.370,0.87219,0.87236
2013.03.08 00:39:52.971,0.87219,0.87236
2013.03.08 00:39:53.520,0.87219,0.87236
2013.03.08 00:39:55.711,0.87219,0.87236
2013.03.08 00:39:55.954,0.87219,0.87236
2013.03.08 00:39:56.349,0.87219,0.87236
2013.03.08 00:39:56.950,0.87219,0.87236
2013.03.08 00:39:57.011,0.87218,0.87235
2013.03.08 00:39:57.550,0.87218,0.87234
2013.03.08 00:39:59.281,0.87218,0.87233
2013.03.08 00:40:00.271,0.87218,0.87234
2013.03.08 00:40:02.991,0.8722,0.87238
2013.03.08 00:40:03.171,0.8722,0.87238
2013.03.08 00:40:03.471,0.87223,0.87239
2013.03.08 00:40:03.591,0.87223,0.87239
2013.03.08 00:40:08.849,0.87223,0.87239
2013.03.08 00:40:09.551,0.87223,0.87239
2013.03.08 00:40:10.171,0.87222,0.8724
2013.03.08 00:40:15.901,0.87221,0.87239
2013.03.08 00:40:15.961,0.87221,0.87239
2013.03.08 00:40:16.545,0.87219,0.87236
2013.03.08 00:40:16.624,0.87216,0.87233
2013.03.08 00:40:16.694,0.87216,0.87232
2013.03.08 00:40:17.770,0.87216,0.87232
2013.03.08 00:40:23.180,0.87216,0.87232
2013.03.08 00:40:23.730,0.87216,0.87235
2013.03.08 00:40:23.970,0.87216,0.87233
2013.03.08 00:40:24.150,0.87216,0.87235
2013.03.08 00:40:24.450,0.87216,0.87234
2013.03.08 00:40:24.990,0.87216,0.87232
2013.03.08 00:40:25.183,0.87216,0.87235
2013.03.08 00:40:25.370,0.87216,0.87235
2013.03.08 00:40:25.670,0.87216,0.87235
2013.03.08 00:40:25.910,0.87216,0.87234
2013.03.08 00:40:26.210,0.87216,0.87235
2013.03.08 00:40:26.390,0.87216,0.87235
2013.03.08 00:40:26.700,0.87216,0.87235
2013.03.08 00:40:26.880,0.87216,0.87235
2013.03.08 00:40:27.184,0.87216,0.87235
2013.03.08 00:40:27.432,0.87216,0.87232
2013.03.08 00:40:27.679,0.87216,0.87235
2013.03.08 00:40:27.981,0.87216,0.87232
2013.03.08 00:40:28.220,0.87216,0.87235
2013.03.08 00:40:28.401,0.87216,0.87234
2013.03.08 00:40:28.700,0.87216,0.87235
2013.03.08 00:40:28.945,0.87216,0.87233
2013.03.08 00:40:29.190,0.87216,0.87235
2013.03.08 00:40:29.430,0.87216,0.87235
2013.03.08 00:40:29.730,0.87216,0.87235
2013.03.08 00:40:29.909,0.87216,0.87235
2013.03.08 00:40:30.218,0.87216,0.87235
2013.03.08 00:40:30.400,0.87216,0.87235
2013.03.08 00:40:30.720,0.87216,0.87235
2013.03.08 00:40:30.910,0.87216,0.87235
2013.03.08 00:40:31.213,0.87216,0.87235
2013.03.08 00:40:31.522,0.87217,0.87233
2013.03.08 00:40:31.770,0.87217,0.87236
2013.03.08 00:40:31.891,0.87217,0.87234
2013.03.08 00:40:32.420,0.87217,0.87233
2013.03.08 00:40:33.080,0.87217,0.87233
2013.03.08 00:40:33.140,0.87217,0.87233
2013.03.08 00:40:33.457,0.87218,0.87233
2013.03.08 00:40:33.650,0.87218,0.87234
2013.03.08 00:40:34.416,0.87218,0.87233
2013.03.08 00:40:34.483,0.87218,0.87232
2013.03.08 00:40:34.731,0.87216,0.87235
2013.03.08 00:40:34.791,0.87216,0.87235
2013.03.08 00:40:34.911,0.87216,0.87235
2013.03.08 00:40:35.212,0.87218,0.87235
2013.03.08 00:40:38.212,0.87218,0.87235
2013.03.08 00:40:38.770,0.87218,0.87235
2013.03.08 00:40:39.080,0.87218,0.87235
2013.03.08 00:40:40.234,0.8722,0.87235
2013.03.08 00:40:40.741,0.8722,0.87235
2013.03.08 00:40:44.200,0.8722,0.87235
2013.03.08 00:40:45.390,0.8722,0.87235
2013.03.08 00:40:55.302,0.8722,0.87235
2013.03.08 00:40:55.540,0.8722,0.87236
2013.03.08 00:40:55.783,0.8722,0.87236
2013.03.08 00:40:56.151,0.8722,0.87236
2013.03.08 00:40:56.452,0.8722,0.87235
2013.03.08 00:40:56.671,0.8722,0.87236
2013.03.08 00:40:56.971,0.8722,0.87236
2013.03.08 00:40:57.182,0.8722,0.87236
2013.03.08 00:40:57.685,0.8722,0.87236
2013.03.08 00:40:57.870,0.8722,0.87236
2013.03.08 00:40:59.212,0.8722,0.87235
2013.03.08 00:41:53.470,0.87218,0.87235
2013.03.08 00:41:59.210,0.87217,0.87235
2013.03.08 00:41:59.832,0.87219,0.87235
2013.03.08 00:42:00.382,0.87219,0.87235
2013.03.08 00:42:00.459,0.87219,0.87236
2013.03.08 00:42:00.718,0.87219,0.87235
2013.03.08 00:42:01.952,0.87219,0.87237
2013.03.08 00:42:02.013,0.87221,0.87237
2013.03.08 00:42:02.322,0.87225,0.87243
2013.03.08 00:42:02.823,0.87224,0.87241
2013.03.08 00:42:02.897,0.87224,0.87241
2013.03.08 00:42:03.082,0.87221,0.87235
2013.03.08 00:42:04.793,0.87221,0.87235
2013.03.08 00:42:04.922,0.8722,0.87235
2013.03.08 00:42:05.421,0.87219,0.87236
2013.03.08 00:42:05.723,0.87219,0.87236
2013.03.08 00:42:05.971,0.87219,0.87235
2013.03.08 00:42:06.103,0.87219,0.87235
2013.03.08 00:42:06.410,0.87219,0.87236
2013.03.08 00:42:06.711,0.87219,0.87236
2013.03.08 00:42:07.441,0.87219,0.87236
2013.03.08 00:42:07.690,0.87219,0.87236
2013.03.08 00:42:07.930,0.87219,0.87236
2013.03.08 00:42:08.180,0.87219,0.87236
2013.03.08 00:42:08.420,0.87219,0.87236
2013.03.08 00:42:08.670,0.87219,0.87236
2013.03.08 00:42:08.971,0.87219,0.87236
2013.03.08 00:42:09.627,0.87219,0.87236
2013.03.08 00:42:10.487,0.87219,0.87236
2013.03.08 00:42:10.671,0.87219,0.87236
2013.03.08 00:42:11.220,0.87219,0.87236
2013.03.08 00:42:11.702,0.87219,0.87236
2013.03.08 00:42:12.071,0.87219,0.87237
2013.03.08 00:42:12.921,0.87219,0.87236
2013.03.08 00:42:13.041,0.87219,0.87235
2013.03.08 00:42:13.220,0.87219,0.87237
2013.03.08 00:42:13.461,0.87219,0.87235
2013.03.08 00:42:13.720,0.87219,0.87237
2013.03.08 00:42:14.261,0.87219,0.87237
2013.03.08 00:42:14.440,0.87219,0.87237
2013.03.08 00:42:14.740,0.87219,0.87237
2013.03.08 00:42:14.934,0.87219,0.87237
2013.03.08 00:42:15.120,0.87217,0.87235
2013.03.08 00:42:15.240,0.87217,0.87236
2013.03.08 00:42:15.301,0.87216,0.87236
2013.03.08 00:42:15.430,0.87216,0.87236
2013.03.08 00:42:20.440,0.87216,0.87234
2013.03.08 00:42:20.975,0.87216,0.87232
2013.03.08 00:42:30.770,0.87213,0.87232
2013.03.08 00:42:31.310,0.87213,0.87231
2013.03.08 00:42:31.491,0.87213,0.87233
2013.03.08 00:42:31.691,0.87213,0.87233
2013.03.08 00:42:32.520,0.87213,0.87233
2013.03.08 00:42:32.700,0.87213,0.8723
2013.03.08 00:42:33.000,0.87213,0.87232
2013.03.08 00:42:33.180,0.87213,0.8723
2013.03.08 00:42:33.880,0.87213,0.87231
2013.03.08 00:42:34.000,0.87213,0.87232
2013.03.08 00:42:34.300,0.87213,0.87232
2013.03.08 00:42:34.360,0.87213,0.8723
2013.03.08 00:42:34.670,0.87213,0.87231
2013.03.08 00:42:34.910,0.87213,0.87231
2013.03.08 00:42:35.490,0.87213,0.87232
2013.03.08 00:42:35.722,0.87213,0.87231
2013.03.08 00:42:35.910,0.87213,0.87231
2013.03.08 00:42:36.210,0.87213,0.87231
2013.03.08 00:42:36.960,0.87213,0.87233
2013.03.08 00:42:37.200,0.87213,0.87231
2013.03.08 00:42:37.450,0.87213,0.87231
2013.03.08 00:42:37.710,0.87213,0.8723
2013.03.08 00:42:37.951,0.87213,0.87232
2013.03.08 00:42:38.254,0.87213,0.87231
2013.03.08 00:42:38.925,0.87213,0.87231
2013.03.08 00:42:39.240,0.87213,0.87231
2013.03.08 00:42:39.420,0.87213,0.87231
2013.03.08 00:42:39.720,0.87213,0.8723
2013.03.08 00:42:40.283,0.87213,0.87231
2013.03.08 00:42:40.410,0.87213,0.87231
2013.03.08 00:42:40.682,0.87213,0.8723
2013.03.08 00:42:41.460,0.87213,0.87233
2013.03.08 00:42:42.130,0.87213,0.87232
2013.03.08 00:42:42.940,0.87213,0.87231
2013.03.08 00:42:43.181,0.87213,0.87231
2013.03.08 00:42:43.439,0.87213,0.87232
2013.03.08 00:42:43.681,0.87213,0.87231
2013.03.08 00:42:43.979,0.87213,0.87232
2013.03.08 00:42:44.160,0.87213,0.8723
2013.03.08 00:42:44.460,0.87213,0.87232
2013.03.08 00:42:44.639,0.87213,0.87232
2013.03.08 00:42:44.979,0.87213,0.87233
2013.03.08 00:42:45.160,0.87213,0.87233
2013.03.08 00:42:45.520,0.87213,0.87232
2013.03.08 00:42:45.639,0.87213,0.87232
2013.03.08 00:42:45.940,0.87213,0.87233
2013.03.08 00:42:46.138,0.87213,0.87233
2013.03.08 00:42:46.980,0.87213,0.87232
2013.03.08 00:42:47.361,0.87213,0.8723
2013.03.08 00:42:47.480,0.87213,0.87233
2013.03.08 00:42:47.660,0.87213,0.87233
2013.03.08 00:42:48.221,0.87213,0.87229
2013.03.08 00:42:50.891,0.87212,0.87231
2013.03.08 00:42:51.250,0.87211,0.87231
2013.03.08 00:42:51.430,0.87213,0.8723
2013.03.08 00:42:51.730,0.87213,0.87231
2013.03.08 00:42:51.910,0.87213,0.87231
2013.03.08 00:42:52.230,0.87213,0.87231
2013.03.08 00:42:52.750,0.87213,0.87231
2013.03.08 00:42:52.929,0.87213,0.87231
2013.03.08 00:42:53.229,0.87213,0.87231
2013.03.08 00:42:53.410,0.87213,0.87231
2013.03.08 00:42:53.955,0.87213,0.8723
2013.03.08 00:42:54.260,0.87213,0.87231
2013.03.08 00:42:54.440,0.87213,0.8723
2013.03.08 00:42:54.750,0.87213,0.87231
2013.03.08 00:42:55.460,0.87213,0.8723
2013.03.08 00:42:55.719,0.87213,0.87231
2013.03.08 00:42:55.960,0.87213,0.8723
2013.03.08 00:42:56.274,0.87213,0.87231
2013.03.08 00:42:56.460,0.87213,0.8723
2013.03.08 00:42:56.700,0.87213,0.87231
2013.03.08 00:42:57.001,0.87213,0.87231
2013.03.08 00:42:57.180,0.87213,0.87231
2013.03.08 00:42:57.480,0.87213,0.87231
2013.03.08 00:42:57.660,0.87213,0.87231
2013.03.08 00:42:57.959,0.87213,0.87231
2013.03.08 00:42:58.210,0.87213,0.87231
2013.03.08 00:42:58.510,0.87213,0.87231
2013.03.08 00:42:58.690,0.87213,0.87231
2013.03.08 00:42:59.010,0.87213,0.8723
2013.03.08 00:42:59.265,0.87213,0.87231
2013.03.08 00:42:59.462,0.87213,0.87231
2013.03.08 00:42:59.720,0.87213,0.87231
2013.03.08 00:43:00.410,0.87213,0.87231
2013.03.08 00:43:00.689,0.87213,0.87231
2013.03.08 00:43:00.889,0.87213,0.87231
2013.03.08 00:43:01.190,0.87213,0.87231
2013.03.08 00:43:01.430,0.87213,0.8723
2013.03.08 00:43:01.760,0.87213,0.87231
2013.03.08 00:43:02.420,0.87213,0.8723
2013.03.08 00:43:02.720,0.87213,0.87231
2013.03.08 00:43:03.229,0.87213,0.87231
2013.03.08 00:43:03.420,0.87213,0.8723
2013.03.08 00:43:03.720,0.87213,0.87231
2013.03.08 00:43:03.960,0.87213,0.87231
2013.03.08 00:43:04.200,0.87213,0.87231
2013.03.08 00:43:04.930,0.87213,0.8723
2013.03.08 00:43:05.229,0.87213,0.87231
2013.03.08 00:43:05.666,0.87213,0.87231
2013.03.08 00:43:05.730,0.87213,0.87231
2013.03.08 00:43:05.970,0.87213,0.87231
2013.03.08 00:43:06.210,0.87213,0.87231
2013.03.08 00:43:06.460,0.87213,0.8723
2013.03.08 00:43:06.760,0.87213,0.87231
2013.03.08 00:43:06.941,0.87213,0.87231
2013.03.08 00:43:07.631,0.87213,0.87231
2013.03.08 00:43:07.990,0.87213,0.8723
2013.03.08 00:43:08.110,0.87213,0.8723
2013.03.08 00:43:08.964,0.87213,0.87231
2013.03.08 00:43:09.635,0.87213,0.87231
2013.03.08 00:43:09.940,0.87213,0.8723
2013.03.08 00:43:10.120,0.87213,0.87231
2013.03.08 00:43:10.671,0.87213,0.87231
2013.03.08 00:43:10.981,0.87213,0.8723
2013.03.08 00:43:11.160,0.87213,0.87231
2013.03.08 00:43:11.460,0.87213,0.87231
2013.03.08 00:43:12.130,0.87213,0.87231
2013.03.08 00:43:12.490,0.87213,0.8723
2013.03.08 00:43:13.030,0.87213,0.8723
2013.03.08 00:43:13.170,0.87213,0.87231
2013.03.08 00:43:13.470,0.87213,0.8723
2013.03.08 00:43:13.710,0.87213,0.87231
2013.03.08 00:43:13.990,0.87213,0.8723
2013.03.08 00:43:14.530,0.87213,0.8723
2013.03.08 00:43:14.650,0.87213,0.87231
2013.03.08 00:43:15.491,0.87213,0.8723
2013.03.08 00:43:15.680,0.87213,0.8723
2013.03.08 00:43:16.233,0.87213,0.8723
2013.03.08 00:43:16.780,0.87213,0.87231
2013.03.08 00:43:17.400,0.87213,0.87231
2013.03.08 00:43:17.950,0.87213,0.87231
2013.03.08 00:43:18.190,0.87213,0.87231
2013.03.08 00:43:18.870,0.87213,0.87231
2013.03.08 00:43:19.180,0.87213,0.87231
2013.03.08 00:43:20.183,0.87213,0.87231
2013.03.08 00:43:20.250,0.87213,0.87231
2013.03.08 00:43:20.761,0.87213,0.87231
2013.03.08 00:43:20.890,0.87213,0.87231
2013.03.08 00:43:21.860,0.87213,0.87231
2013.03.08 00:43:22.551,0.87213,0.8723
2013.03.08 00:43:23.103,0.87213,0.8723
2013.03.08 00:43:23.177,0.87213,0.87231
2013.03.08 00:43:23.483,0.87213,0.8723
2013.03.08 00:43:23.995,0.87213,0.8723
2013.03.08 00:43:24.242,0.87212,0.87229
2013.03.08 00:43:24.984,0.87212,0.8723
2013.03.08 00:43:25.637,0.87212,0.8723
2013.03.08 00:43:32.241,0.87212,0.8723
2013.03.08 00:43:32.481,0.87212,0.8723
2013.03.08 00:43:32.660,0.87212,0.8723
2013.03.08 00:43:32.960,0.87212,0.8723
2013.03.08 00:43:33.210,0.87212,0.8723
2013.03.08 00:43:33.761,0.87212,0.8723
2013.03.08 00:43:34.490,0.87212,0.8723
2013.03.08 00:43:35.030,0.87211,0.87229
2013.03.08 00:43:35.151,0.87211,0.87229
2013.03.08 00:43:35.700,0.8721,0.87227
2013.03.08 00:43:36.240,0.8721,0.87226
2013.03.08 00:43:48.570,0.87207,0.87225
2013.03.08 00:43:49.860,0.87206,0.87225
2013.03.08 00:43:55.892,0.87208,0.87225
2013.03.08 00:43:56.440,0.87209,0.87226
2013.03.08 00:44:04.260,0.8721,0.87227
2013.03.08 00:44:10.713,0.87207,0.87226
2013.03.08 00:44:11.166,0.87206,0.87223
2013.03.08 00:44:11.745,0.87206,0.87223
2013.03.08 00:44:11.822,0.87208,0.87226
2013.03.08 00:44:12.421,0.87208,0.87226
2013.03.08 00:44:16.112,0.87208,0.87226
2013.03.08 00:44:16.662,0.87208,0.87225
2013.03.08 00:44:17.217,0.87208,0.87225
2013.03.08 00:44:19.411,0.87208,0.87226
2013.03.08 00:44:28.227,0.87208,0.87227
2013.03.08 00:44:37.314,0.87208,0.87228
2013.03.08 00:44:40.960,0.87208,0.87227
2013.03.08 00:44:41.270,0.87207,0.87225
2013.03.08 00:44:53.763,0.87207,0.87225
2013.03.08 00:45:01.500,0.87207,0.87225
2013.03.08 00:45:02.952,0.87207,0.87223
2013.03.08 00:45:03.502,0.87211,0.87226
2013.03.08 00:45:03.692,0.87211,0.87227
2013.03.08 00:45:03.944,0.87213,0.87231
2013.03.08 00:45:04.011,0.87215,0.8723
2013.03.08 00:45:04.312,0.87213,0.87229
2013.03.08 00:45:04.383,0.87213,0.87231
2013.03.08 00:45:04.455,0.87213,0.87231
2013.03.08 00:45:04.881,0.87214,0.87231
2013.03.08 00:45:05.360,0.87214,0.87234
2013.03.08 00:45:05.903,0.87218,0.87236
2013.03.08 00:45:08.361,0.87218,0.87237
2013.03.08 00:45:08.900,0.8722,0.87238
2013.03.08 00:45:09.441,0.87219,0.87239
2013.03.08 00:45:09.792,0.87219,0.87239
2013.03.08 00:45:10.277,0.8722,0.8724
2013.03.08 00:45:10.521,0.87219,0.87239
2013.03.08 00:45:11.076,0.87219,0.87238
2013.03.08 00:45:11.621,0.87219,0.87237
2013.03.08 00:45:11.742,0.87221,0.87239
2013.03.08 00:45:12.113,0.87223,0.87241
2013.03.08 00:45:12.502,0.87223,0.87241
2013.03.08 00:45:14.261,0.87223,0.87243
2013.03.08 00:45:14.682,0.87222,0.87241
2013.03.08 00:45:14.860,0.8722,0.8724
2013.03.08 00:45:15.400,0.87221,0.8724
2013.03.08 00:45:19.443,0.87223,0.87241
2013.03.08 00:45:19.525,0.87223,0.87242
2013.03.08 00:45:20.071,0.87223,0.87242
2013.03.08 00:45:20.265,0.87224,0.87243
2013.03.08 00:45:20.964,0.87224,0.87243
2013.03.08 00:45:21.441,0.87225,0.87242
2013.03.08 00:45:22.101,0.87224,0.87242
2013.03.08 00:45:24.251,0.87222,0.87241
2013.03.08 00:45:24.790,0.87219,0.87239
2013.03.08 00:45:25.331,0.8722,0.8724
2013.03.08 00:45:25.692,0.87221,0.8724
2013.03.08 00:45:26.910,0.87221,0.87241
2013.03.08 00:45:34.760,0.8722,0.87239
2013.03.08 00:45:42.400,0.87222,0.87242
2013.03.08 00:45:43.420,0.87222,0.87242
2013.03.08 00:45:48.813,0.87222,0.87242
2013.03.08 00:45:49.730,0.87222,0.87242
2013.03.08 00:45:49.910,0.87222,0.87242
2013.03.08 00:45:50.452,0.87222,0.8724
2013.03.08 00:45:50.691,0.87221,0.87239
2013.03.08 00:45:50.813,0.8722,0.87239
2013.03.08 00:45:51.732,0.87222,0.87242
2013.03.08 00:45:54.980,0.87222,0.87242
2013.03.08 00:45:55.570,0.87222,0.8724
2013.03.08 00:45:59.530,0.87221,0.8724
2013.03.08 00:46:00.191,0.87221,0.87238
2013.03.08 00:46:02.562,0.8722,0.87238
2013.03.08 00:46:06.110,0.87219,0.87237
2013.03.08 00:46:06.641,0.87218,0.87234
2013.03.08 00:46:07.193,0.87216,0.87234
2013.03.08 00:46:08.273,0.87217,0.87234
2013.03.08 00:46:09.026,0.87217,0.87237
2013.03.08 00:46:17.293,0.87217,0.87237
2013.03.08 00:46:17.852,0.87217,0.87233
2013.03.08 00:46:18.173,0.87215,0.8723
2013.03.08 00:46:18.361,0.87211,0.8723
2013.03.08 00:46:20.741,0.8721,0.87228
2013.03.08 00:46:23.051,0.8721,0.87229
2013.03.08 00:46:23.470,0.87209,0.87229
2013.03.08 00:46:26.000,0.87209,0.87229
2013.03.08 00:46:29.600,0.8721,0.87228
2013.03.08 00:46:29.901,0.87215,0.87233
2013.03.08 00:46:29.961,0.87215,0.87233
2013.03.08 00:46:30.201,0.87217,0.87236
2013.03.08 00:46:30.440,0.87217,0.87237
2013.03.08 00:46:52.603,0.87218,0.87238
2013.03.08 00:47:05.561,0.87218,0.87238
2013.03.08 00:47:10.390,0.87221,0.87237
2013.03.08 00:47:11.173,0.87223,0.87239
2013.03.08 00:47:11.302,0.87224,0.87243
2013.03.08 00:47:13.983,0.87224,0.87243
2013.03.08 00:47:14.540,0.87224,0.87243
2013.03.08 00:47:15.081,0.87224,0.87243
2013.03.08 00:47:15.642,0.87224,0.87243
2013.03.08 00:47:16.157,0.87224,0.87244
2013.03.08 00:47:17.181,0.87224,0.87244
2013.03.08 00:47:17.361,0.87224,0.87244
2013.03.08 00:47:17.972,0.87224,0.87242
2013.03.08 00:47:18.510,0.87224,0.87243
2013.03.08 00:47:19.171,0.87228,0.87246
2013.03.08 00:47:19.871,0.87228,0.87247
2013.03.08 00:47:19.933,0.87228,0.87247
2013.03.08 00:47:20.471,0.87227,0.87248
2013.03.08 00:47:25.331,0.87229,0.87248
2013.03.08 00:47:25.751,0.87232,0.8725
2013.03.08 00:47:26.183,0.87233,0.87252
2013.03.08 00:47:26.252,0.87233,0.87252
2013.03.08 00:47:26.801,0.87234,0.87252
2013.03.08 00:47:27.642,0.87232,0.87251
2013.03.08 00:47:31.443,0.87231,0.87251
2013.03.08 00:47:35.661,0.87232,0.87253
2013.03.08 00:47:36.200,0.87232,0.87254
2013.03.08 00:47:46.080,0.87232,0.87253
2013.03.08 00:47:56.241,0.87235,0.87253
2013.03.08 00:47:57.423,0.87237,0.87254
2013.03.08 00:47:57.732,0.87238,0.87257
2013.03.08 00:47:58.274,0.87238,0.87258
2013.03.08 00:47:59.863,0.8724,0.87256
2013.03.08 00:48:00.260,0.87237,0.87255
2013.03.08 00:48:00.386,0.87237,0.87255
2013.03.08 00:48:00.991,0.87238,0.87254
2013.03.08 00:48:01.611,0.87234,0.87253
2013.03.08 00:48:02.032,0.87235,0.87253
2013.03.08 00:48:02.664,0.87235,0.87253
2013.03.08 00:48:02.972,0.87234,0.87253
2013.03.08 00:48:09.280,0.87234,0.87253
2013.03.08 00:48:10.260,0.87234,0.87252
2013.03.08 00:48:19.240,0.87235,0.87253
2013.03.08 00:48:43.201,0.87236,0.87254
2013.03.08 00:48:43.321,0.87238,0.87256
2013.03.08 00:48:43.910,0.87236,0.87255
2013.03.08 00:48:44.437,0.87234,0.87252
2013.03.08 00:48:44.873,0.87231,0.87251
2013.03.08 00:48:45.464,0.87231,0.8725
2013.03.08 00:48:45.752,0.87231,0.87247
2013.03.08 00:48:46.480,0.87228,0.87247
2013.03.08 00:48:47.022,0.87227,0.87246
2013.03.08 00:48:47.381,0.87227,0.87245
2013.03.08 00:48:49.390,0.87228,0.87244
2013.03.08 00:48:49.642,0.87227,0.87244
2013.03.08 00:48:50.200,0.87228,0.87244
2013.03.08 00:48:51.230,0.87228,0.87242
2013.03.08 00:48:51.963,0.87223,0.87242
2013.03.08 00:48:52.151,0.87223,0.87241
2013.03.08 00:48:52.690,0.87223,0.87241
2013.03.08 00:48:53.121,0.87222,0.8724
2013.03.08 00:48:54.550,0.87222,0.8724
2013.03.08 00:48:55.102,0.87223,0.8724
2013.03.08 00:48:55.343,0.87223,0.87241
2013.03.08 00:48:55.591,0.87223,0.87241
2013.03.08 00:48:55.952,0.87225,0.87243
2013.03.08 00:48:56.502,0.87225,0.87244
2013.03.08 00:48:58.661,0.87224,0.87244
2013.03.08 00:49:00.291,0.87225,0.87244
2013.03.08 00:49:00.411,0.87226,0.87244
2013.03.08 00:49:00.651,0.87228,0.87245
2013.03.08 00:49:01.131,0.87232,0.87247
2013.03.08 00:49:01.311,0.87232,0.87247
2013.03.08 00:49:01.680,0.87228,0.87247
2013.03.08 00:49:02.221,0.87227,0.87246
2013.03.08 00:49:02.733,0.87227,0.87245
2013.03.08 00:49:05.400,0.87228,0.87247
2013.03.08 00:49:05.981,0.87228,0.87246
2013.03.08 00:49:11.305,0.87229,0.87247
2013.03.08 00:49:11.623,0.87232,0.8725
2013.03.08 00:49:11.931,0.87234,0.87252
2013.03.08 00:49:12.471,0.87237,0.87257
2013.03.08 00:49:13.490,0.87237,0.87257
2013.03.08 00:49:20.811,0.87237,0.87257
2013.03.08 00:49:25.223,0.87237,0.87256
2013.03.08 00:49:25.355,0.87239,0.87258
2013.03.08 00:49:25.782,0.8724,0.87258
2013.03.08 00:49:28.081,0.87242,0.8726
2013.03.08 00:49:36.550,0.87242,0.8726
2013.03.08 00:49:40.760,0.87242,0.8726
2013.03.08 00:49:43.312,0.87242,0.8726
2013.03.08 00:49:44.123,0.87242,0.87259
2013.03.08 00:49:45.781,0.87242,0.8726
2013.03.08 00:49:46.408,0.87242,0.8726
2013.03.08 00:49:47.025,0.87242,0.8726
2013.03.08 00:49:48.544,0.87242,0.8726
2013.03.08 00:49:49.092,0.87242,0.8726
2013.03.08 00:49:50.012,0.87242,0.8726
2013.03.08 00:49:50.551,0.87242,0.8726
2013.03.08 00:49:52.551,0.87242,0.87259
2013.03.08 00:49:53.185,0.87242,0.87259
2013.03.08 00:49:53.971,0.87242,0.87259
2013.03.08 00:49:54.671,0.87242,0.87259
2013.03.08 00:49:56.303,0.87242,0.87259
2013.03.08 00:49:56.924,0.87242,0.87259
2013.03.08 00:49:57.502,0.87242,0.87259
2013.03.08 00:49:58.901,0.87242,0.87259
2013.03.08 00:49:59.252,0.87242,0.87257
2013.03.08 00:49:59.791,0.87242,0.8726
2013.03.08 00:50:00.032,0.87242,0.8726
2013.03.08 00:50:00.543,0.87242,0.8726
2013.03.08 00:50:00.672,0.87243,0.87261
2013.03.08 00:50:01.093,0.87244,0.87262
2013.03.08 00:50:01.642,0.87243,0.87261
2013.03.08 00:50:04.533,0.87242,0.87261
2013.03.08 00:50:07.611,0.87242,0.87261
2013.03.08 00:50:08.672,0.87242,0.87261
2013.03.08 00:50:09.943,0.8724,0.87258
2013.03.08 00:50:10.243,0.87237,0.87255
2013.03.08 00:50:11.984,0.87235,0.87255
2013.03.08 00:50:12.532,0.87234,0.87252
2013.03.08 00:50:13.071,0.87231,0.8725
2013.03.08 00:50:13.652,0.87231,0.87249
2013.03.08 00:50:14.203,0.87231,0.8725
2013.03.08 00:50:17.421,0.87231,0.8725
2013.03.08 00:50:25.666,0.87231,0.87249
2013.03.08 00:50:26.211,0.87231,0.8725
2013.03.08 00:50:26.721,0.87232,0.8725
2013.03.08 00:50:26.842,0.87232,0.8725
2013.03.08 00:50:29.182,0.87231,0.87251
2013.03.08 00:50:33.733,0.87229,0.87249
2013.03.08 00:50:34.516,0.87229,0.87249
2013.03.08 00:50:34.911,0.87227,0.87247
2013.03.08 00:50:35.507,0.87227,0.87245
2013.03.08 00:50:36.641,0.87227,0.87245
2013.03.08 00:50:38.813,0.87227,0.87245
2013.03.08 00:50:40.212,0.87223,0.87243
2013.03.08 00:50:40.819,0.87223,0.87243
2013.03.08 00:50:41.122,0.87224,0.87244
2013.03.08 00:50:41.663,0.87227,0.87245
2013.03.08 00:50:42.081,0.87227,0.87245
2013.03.08 00:50:42.622,0.87227,0.87245
2013.03.08 00:50:43.790,0.87227,0.87245
2013.03.08 00:50:45.026,0.87227,0.87247
2013.03.08 00:50:45.533,0.87227,0.87247
2013.03.08 00:50:47.932,0.87227,0.87248
2013.03.08 00:50:48.832,0.87227,0.87248
2013.03.08 00:50:55.524,0.87228,0.87248
2013.03.08 00:50:56.248,0.8723,0.87248
2013.03.08 00:50:57.052,0.87228,0.87248
2013.03.08 00:50:58.924,0.87229,0.87248
2013.03.08 00:51:00.283,0.87229,0.87248
2013.03.08 00:51:13.312,0.87229,0.87247
2013.03.08 00:51:16.335,0.87231,0.87249
2013.03.08 00:51:16.406,0.87232,0.8725
2013.03.08 00:51:16.712,0.87234,0.87251
2013.03.08 00:51:19.075,0.87232,0.8725
2013.03.08 00:51:19.695,0.87232,0.8725
2013.03.08 00:51:23.881,0.87232,0.8725
2013.03.08 00:51:25.532,0.87233,0.8725
2013.03.08 00:51:28.119,0.87236,0.87252
2013.03.08 00:51:28.643,0.87236,0.87252
2013.03.08 00:51:33.872,0.87236,0.87252
2013.03.08 00:51:34.373,0.87236,0.87252
2013.03.08 00:51:34.552,0.87236,0.87252
2013.03.08 00:51:35.092,0.87236,0.87253
2013.03.08 00:51:35.271,0.87236,0.87254
2013.03.08 00:51:36.037,0.87236,0.87253
2013.03.08 00:51:37.139,0.87236,0.87254
2013.03.08 00:51:38.622,0.87236,0.87254
2013.03.08 00:51:39.162,0.87238,0.87254
2013.03.08 00:51:55.374,0.87238,0.87253
2013.03.08 00:51:59.712,0.87238,0.87253
2013.03.08 00:52:00.082,0.87236,0.87253
2013.03.08 00:52:00.262,0.87236,0.87253
2013.03.08 00:52:01.179,0.87236,0.87253
2013.03.08 00:52:01.253,0.87235,0.87254
2013.03.08 00:52:02.234,0.87235,0.87254
2013.03.08 00:52:02.744,0.87237,0.87254
2013.03.08 00:52:04.721,0.87236,0.87255
2013.03.08 00:52:05.272,0.87236,0.87255
2013.03.08 00:52:07.797,0.87236,0.87254
2013.03.08 00:52:10.913,0.87235,0.87254
2013.03.08 00:52:11.463,0.87236,0.87254
2013.03.08 00:52:12.013,0.87236,0.87254
2013.03.08 00:52:13.078,0.87236,0.87255
2013.03.08 00:52:13.547,0.87235,0.87255
2013.03.08 00:52:26.644,0.87236,0.87255
2013.03.08 00:52:38.703,0.87239,0.87256
2013.03.08 00:52:38.775,0.87239,0.87256
2013.03.08 00:52:39.591,0.87241,0.87259
2013.03.08 00:52:42.603,0.87242,0.8726
2013.03.08 00:52:42.672,0.87242,0.87262
2013.03.08 00:52:42.982,0.87245,0.87263
2013.03.08 00:52:50.202,0.87244,0.87263
2013.03.08 00:52:50.824,0.87244,0.87264
2013.03.08 00:52:54.954,0.87246,0.87264
2013.03.08 00:52:55.801,0.87246,0.87266
2013.03.08 00:52:56.333,0.87246,0.87266
2013.03.08 00:52:58.222,0.87249,0.87267
2013.03.08 00:52:59.287,0.87249,0.87267
2013.03.08 00:53:00.441,0.87249,0.87267
2013.03.08 00:53:00.982,0.87249,0.87269
2013.03.08 00:53:01.532,0.87248,0.87268
2013.03.08 00:53:09.099,0.87248,0.87268
2013.03.08 00:53:09.664,0.87249,0.87268
2013.03.08 00:53:11.504,0.87249,0.87267
2013.03.08 00:53:11.633,0.87249,0.87267
2013.03.08 00:53:13.272,0.8725,0.87267
2013.03.08 00:53:17.692,0.87249,0.87268
2013.03.08 00:53:20.241,0.87249,0.87268
2013.03.08 00:53:26.592,0.87249,0.87267
2013.03.08 00:53:35.594,0.87247,0.87267
2013.03.08 00:53:36.883,0.8725,0.87268
2013.03.08 00:53:36.953,0.87249,0.87269
2013.03.08 00:53:37.145,0.87249,0.8727
2013.03.08 00:53:37.393,0.87248,0.87268
2013.03.08 00:53:41.432,0.87248,0.87267
2013.03.08 00:53:41.972,0.8725,0.8727
2013.03.08 00:53:45.312,0.87251,0.87271
2013.03.08 00:53:50.933,0.87251,0.8727
2013.03.08 00:53:53.412,0.87251,0.87268
2013.03.08 00:53:58.152,0.87249,0.87267
2013.03.08 00:53:58.272,0.87249,0.87267
2013.03.08 00:53:58.571,0.87249,0.87265
2013.03.08 00:53:59.672,0.87248,0.87265
2013.03.08 00:54:00.262,0.87248,0.87265
2013.03.08 00:54:00.846,0.87248,0.87265
2013.03.08 00:54:01.371,0.87248,0.87265
2013.03.08 00:54:02.422,0.87248,0.87265
2013.03.08 00:54:03.196,0.87248,0.87265
2013.03.08 00:54:04.223,0.87248,0.87265
2013.03.08 00:54:04.701,0.87246,0.87264
2013.03.08 00:54:06.391,0.87246,0.87264
2013.03.08 00:54:06.632,0.87245,0.87264
2013.03.08 00:54:08.992,0.87245,0.87262
2013.03.08 00:54:10.693,0.87245,0.87262
2013.03.08 00:54:12.232,0.87245,0.87264
2013.03.08 00:54:12.852,0.87245,0.87264
2013.03.08 00:54:12.911,0.87245,0.87264
2013.03.08 00:54:13.224,0.87248,0.87265
2013.03.08 00:54:13.472,0.87248,0.87266
2013.03.08 00:54:15.732,0.87248,0.87266
2013.03.08 00:54:15.913,0.87248,0.87266
2013.03.08 00:54:16.723,0.87248,0.87266
2013.03.08 00:54:17.082,0.87246,0.87264
2013.03.08 00:54:17.383,0.87243,0.87262
2013.03.08 00:54:17.744,0.87241,0.8726
2013.03.08 00:54:18.352,0.87241,0.8726
2013.03.08 00:54:18.911,0.87241,0.8726
2013.03.08 00:54:19.231,0.87241,0.8726
2013.03.08 00:54:19.893,0.87243,0.87259
2013.03.08 00:54:33.802,0.87244,0.87263
2013.03.08 00:54:34.515,0.87245,0.87264
2013.03.08 00:54:36.042,0.87246,0.87265
2013.03.08 00:54:36.582,0.87247,0.87267
2013.03.08 00:54:36.642,0.87249,0.87267
2013.03.08 00:54:37.062,0.87249,0.87267
2013.03.08 00:54:37.603,0.87247,0.87267
2013.03.08 00:54:38.402,0.87247,0.87267
2013.03.08 00:54:39.004,0.87246,0.87267
2013.03.08 00:54:39.073,0.87246,0.87266
2013.03.08 00:54:39.252,0.87246,0.87266
2013.03.08 00:54:41.433,0.87246,0.87266
2013.03.08 00:54:42.984,0.87246,0.87266
2013.03.08 00:54:46.565,0.87246,0.87266
2013.03.08 00:54:47.201,0.87246,0.87266
2013.03.08 00:54:54.422,0.87247,0.87263
2013.03.08 00:54:56.734,0.87246,0.87263
2013.03.08 00:54:57.252,0.87247,0.87265
2013.03.08 00:54:59.653,0.87247,0.87265
2013.03.08 00:55:00.218,0.87246,0.87264
2013.03.08 00:55:00.774,0.87246,0.87264
2013.03.08 00:55:01.324,0.87246,0.87264
2013.03.08 00:55:01.635,0.87248,0.87267
2013.03.08 00:55:01.704,0.87249,0.87267
2013.03.08 00:55:01.774,0.8725,0.87268
2013.03.08 00:55:01.843,0.8725,0.87268
2013.03.08 00:55:02.203,0.87249,0.87268
2013.03.08 00:55:02.335,0.87249,0.87267
2013.03.08 00:55:03.387,0.87245,0.87265
2013.03.08 00:55:03.455,0.87245,0.87264
2013.03.08 00:55:03.703,0.87245,0.87264
2013.03.08 00:55:04.363,0.87244,0.87262
2013.03.08 00:55:04.912,0.87242,0.87262
2013.03.08 00:55:05.711,0.87241,0.8726
2013.03.08 00:55:06.212,0.87241,0.8726
2013.03.08 00:55:07.852,0.87242,0.8726
2013.03.08 00:55:08.382,0.87242,0.8726
2013.03.08 00:55:08.962,0.87242,0.8726
2013.03.08 00:55:09.692,0.87242,0.8726
2013.03.08 00:55:10.245,0.87242,0.87261
2013.03.08 00:55:13.436,0.8724,0.87261
2013.03.08 00:55:13.507,0.8724,0.8726
2013.03.08 00:55:13.575,0.8724,0.8726
2013.03.08 00:55:13.645,0.8724,0.87261
2013.03.08 00:55:14.251,0.87241,0.8726
2013.03.08 00:55:14.841,0.87243,0.87262
2013.03.08 00:55:20.423,0.87243,0.87262
2013.03.08 00:55:21.723,0.87243,0.87262
2013.03.08 00:55:22.083,0.87241,0.87261
2013.03.08 00:55:22.764,0.87241,0.8726
2013.03.08 00:55:23.312,0.87241,0.8726
2013.03.08 00:55:36.293,0.87241,0.8726
2013.03.08 00:55:36.663,0.87244,0.87264
2013.03.08 00:55:37.453,0.87244,0.87264
2013.03.08 00:55:39.404,0.87244,0.87264
2013.03.08 00:55:39.980,0.87244,0.87264
2013.03.08 00:55:41.603,0.87247,0.87265
2013.03.08 00:55:42.022,0.87248,0.87266
2013.03.08 00:55:43.533,0.87248,0.87267
2013.03.08 00:55:44.063,0.87248,0.87267
2013.03.08 00:55:44.802,0.87248,0.87267
2013.03.08 00:55:45.184,0.87248,0.87266
2013.03.08 00:55:45.493,0.87246,0.87265
2013.03.08 00:55:45.623,0.87244,0.87264
2013.03.08 00:55:46.243,0.87244,0.87262
2013.03.08 00:55:48.153,0.87244,0.87262
2013.03.08 00:55:51.342,0.87244,0.87262
2013.03.08 00:55:53.173,0.87245,0.87263
2013.03.08 00:55:53.713,0.87247,0.87265
2013.03.08 00:55:58.823,0.87247,0.87265
2013.03.08 00:55:59.362,0.87249,0.87267
2013.03.08 00:56:00.772,0.87249,0.87267
2013.03.08 00:56:01.363,0.87249,0.87267
2013.03.08 00:56:01.432,0.87249,0.87267
2013.03.08 00:56:02.026,0.8725,0.87267
2013.03.08 00:56:02.779,0.8725,0.87267
2013.03.08 00:56:03.713,0.87249,0.87267
2013.03.08 00:56:04.434,0.87249,0.87267
2013.03.08 00:56:10.152,0.87249,0.87267
2013.03.08 00:56:10.883,0.87249,0.87267
2013.03.08 00:56:14.232,0.87249,0.87267
2013.03.08 00:56:14.764,0.87249,0.87267
2013.03.08 00:56:15.309,0.87249,0.87267
2013.03.08 00:56:16.063,0.87249,0.87267
2013.03.08 00:56:16.646,0.87249,0.87267
2013.03.08 00:56:18.864,0.87249,0.87267
2013.03.08 00:56:19.112,0.87249,0.87269
2013.03.08 00:56:19.174,0.8725,0.87269
2013.03.08 00:56:23.873,0.87251,0.87271
2013.03.08 00:56:24.384,0.87251,0.87271
2013.03.08 00:56:25.362,0.87253,0.87272
2013.03.08 00:56:25.923,0.87253,0.87273
2013.03.08 00:56:28.213,0.87253,0.87273
2013.03.08 00:56:28.732,0.87254,0.87273
2013.03.08 00:56:29.380,0.87254,0.87273
2013.03.08 00:56:29.951,0.87254,0.87273
2013.03.08 00:56:30.452,0.87255,0.87274
2013.03.08 00:56:46.373,0.87254,0.87274
2013.03.08 00:56:52.623,0.87255,0.87274
2013.03.08 00:56:52.933,0.87255,0.87275
2013.03.08 00:56:53.302,0.87255,0.87275
2013.03.08 00:56:56.952,0.87256,0.87275
2013.03.08 00:56:57.133,0.87256,0.87276
2013.03.08 00:56:57.192,0.87256,0.87276
2013.03.08 00:56:57.738,0.87255,0.87275
2013.03.08 00:56:58.282,0.87255,0.87275
2013.03.08 00:57:06.004,0.87256,0.87275
2013.03.08 00:57:06.682,0.87258,0.87275
2013.03.08 00:57:07.200,0.87255,0.87274
2013.03.08 00:57:07.962,0.87254,0.87273
2013.03.08 00:57:08.023,0.87254,0.87273
2013.03.08 00:57:08.333,0.87253,0.8727
2013.03.08 00:57:08.515,0.87253,0.8727
2013.03.08 00:57:09.026,0.8725,0.8727
2013.03.08 00:57:10.185,0.87253,0.8727
2013.03.08 00:57:10.255,0.87253,0.8727
2013.03.08 00:57:11.082,0.87251,0.87271
2013.03.08 00:57:11.905,0.87251,0.8727
2013.03.08 00:57:15.682,0.8725,0.8727
2013.03.08 00:57:15.924,0.87248,0.87267
2013.03.08 00:57:16.044,0.87246,0.87265
2013.03.08 00:57:18.423,0.87247,0.87265
2013.03.08 00:57:22.413,0.87246,0.87265
2013.03.08 00:57:25.853,0.87246,0.87266
2013.03.08 00:57:25.923,0.87247,0.87266
2013.03.08 00:57:26.224,0.87249,0.87267
2013.03.08 00:57:26.414,0.87249,0.87269
2013.03.08 00:57:26.604,0.87249,0.87269
2013.03.08 00:57:26.793,0.87248,0.87267
2013.03.08 00:57:27.363,0.87246,0.87266
2013.03.08 00:57:38.142,0.87245,0.87265
2013.03.08 00:57:45.143,0.87246,0.87264
2013.03.08 00:57:45.693,0.87245,0.87264
2013.03.08 00:57:46.233,0.87245,0.87263
2013.03.08 00:57:46.474,0.87242,0.87262
2013.03.08 00:57:46.786,0.87241,0.8726
2013.03.08 00:57:47.034,0.87241,0.87258
2013.03.08 00:57:47.285,0.87238,0.87258
2013.03.08 00:57:47.544,0.87238,0.87258
2013.03.08 00:57:47.914,0.87239,0.87259
2013.03.08 00:57:48.423,0.8724,0.87259
2013.03.08 00:57:51.324,0.87242,0.8726
2013.03.08 00:57:52.532,0.87242,0.8726
2013.03.08 00:57:57.062,0.87241,0.8726
2013.03.08 00:58:00.098,0.87241,0.87261
2013.03.08 00:58:00.632,0.87241,0.8726
2013.03.08 00:58:01.173,0.87242,0.87261
2013.03.08 00:58:02.102,0.87242,0.87262
2013.03.08 00:58:02.672,0.87244,0.87262
2013.03.08 00:58:03.215,0.87246,0.87264
2013.03.08 00:58:05.724,0.87246,0.87264
2013.03.08 00:58:06.882,0.87246,0.87263
2013.03.08 00:58:08.502,0.87246,0.87263
2013.03.08 00:58:13.683,0.87246,0.87265
2013.03.08 00:58:16.835,0.87248,0.87265
2013.03.08 00:58:17.383,0.87248,0.87267
2013.03.08 00:58:17.563,0.87249,0.87268
2013.03.08 00:58:20.193,0.87249,0.87269
2013.03.08 00:58:23.843,0.87249,0.87269
2013.03.08 00:58:29.222,0.87249,0.87269
2013.03.08 00:58:31.814,0.87249,0.87267
2013.03.08 00:58:32.422,0.87248,0.87267
2013.03.08 00:58:33.633,0.87248,0.87267
2013.03.08 00:58:33.702,0.87248,0.87267
2013.03.08 00:58:36.622,0.87248,0.87267
2013.03.08 00:58:36.682,0.87248,0.87267
2013.03.08 00:58:40.282,0.87248,0.87264
2013.03.08 00:58:49.544,0.87248,0.87265
2013.03.08 00:58:51.377,0.87248,0.87265
2013.03.08 00:58:51.922,0.87247,0.87265
2013.03.08 00:58:52.593,0.87247,0.87265
2013.03.08 00:58:55.012,0.87247,0.87265
2013.03.08 00:58:59.692,0.87247,0.87266
2013.03.08 00:59:00.254,0.87248,0.87267
2013.03.08 00:59:00.432,0.87247,0.87264
2013.03.08 00:59:35.013,0.87249,0.87267
2013.03.08 00:59:47.494,0.87246,0.87266
2013.03.08 00:59:48.402,0.87246,0.87265
2013.03.08 01:00:00.935,0.87244,0.87264
2013.03.08 01:00:03.463,0.87243,0.87262
2013.03.08 01:00:03.524,0.87243,0.87262
2013.03.08 01:00:08.133,0.87241,0.8726
2013.03.08 01:00:08.194,0.8724,0.8726
2013.03.08 01:00:11.053,0.8724,0.87261
2013.03.08 01:00:11.603,0.87239,0.87259
2013.03.08 01:00:15.953,0.87239,0.87258
2013.03.08 01:00:19.132,0.87238,0.87257
2013.03.08 01:00:19.795,0.87238,0.87257
2013.03.08 01:00:21.193,0.87239,0.87257
2013.03.08 01:00:24.174,0.8724,0.87258
2013.03.08 01:00:24.305,0.8724,0.8726
2013.03.08 01:00:28.853,0.87242,0.87262
2013.03.08 01:00:44.044,0.87242,0.87262
2013.03.08 01:00:51.352,0.87242,0.87262
2013.03.08 01:00:51.895,0.8724,0.87262
2013.03.08 01:01:00.133,0.8724,0.87262
2013.03.08 01:01:07.153,0.8724,0.87261
2013.03.08 01:01:09.195,0.8724,0.87258
2013.03.08 01:01:09.386,0.87238,0.87257
2013.03.08 01:01:09.575,0.87236,0.87256
2013.03.08 01:01:09.884,0.87236,0.87255
2013.03.08 01:01:10.124,0.87236,0.87255
2013.03.08 01:01:10.858,0.87236,0.87255
2013.03.08 01:01:16.710,0.87235,0.87255
2013.03.08 01:01:16.772,0.87234,0.87254
2013.03.08 01:01:23.204,0.87236,0.87254
2013.03.08 01:01:24.304,0.87236,0.87256
2013.03.08 01:01:25.302,0.87237,0.87257
2013.03.08 01:01:25.964,0.87237,0.87257
2013.03.08 01:01:28.866,0.87237,0.87257
2013.03.08 01:01:29.434,0.87235,0.87255
2013.03.08 01:01:29.951,0.87236,0.87256
2013.03.08 01:01:42.033,0.87236,0.87256
2013.03.08 01:01:45.454,0.87237,0.87257
2013.03.08 01:01:45.955,0.87238,0.87258
2013.03.08 01:01:46.704,0.87239,0.8726
2013.03.08 01:01:46.823,0.87239,0.8726
2013.03.08 01:01:47.712,0.8724,0.8726
2013.03.08 01:01:48.013,0.87239,0.87258
2013.03.08 01:01:48.314,0.87239,0.87255
2013.03.08 01:01:52.242,0.87237,0.87256
2013.03.08 01:01:55.542,0.87237,0.87257
2013.03.08 01:01:56.216,0.87236,0.87256
2013.03.08 01:01:56.762,0.87236,0.87256
2013.03.08 01:02:08.983,0.87236,0.87256
2013.03.08 01:02:11.532,0.87236,0.87256
2013.03.08 01:02:12.323,0.87236,0.87256
2013.03.08 01:02:20.103,0.87236,0.87253
2013.03.08 01:02:20.466,0.87234,0.87251
2013.03.08 01:02:20.653,0.87232,0.87251
2013.03.08 01:02:20.963,0.87231,0.8725
2013.03.08 01:02:21.096,0.87232,0.87251
2013.03.08 01:02:21.225,0.87232,0.87251
2013.03.08 01:02:21.894,0.87231,0.87251
2013.03.08 01:02:22.432,0.87231,0.8725
2013.03.08 01:02:27.893,0.8723,0.8725
2013.03.08 01:02:28.206,0.87229,0.87249
2013.03.08 01:02:28.333,0.87229,0.87249
2013.03.08 01:02:32.835,0.87227,0.87245
2013.03.08 01:02:32.905,0.87225,0.87244
2013.03.08 01:02:33.454,0.87225,0.87243
2013.03.08 01:02:34.224,0.87225,0.87244
2013.03.08 01:02:35.654,0.87227,0.87245
2013.03.08 01:02:35.897,0.87227,0.87246
2013.03.08 01:02:36.083,0.87231,0.87249
2013.03.08 01:02:41.332,0.87231,0.8725
2013.03.08 01:02:41.754,0.87231,0.87251
2013.03.08 01:02:42.420,0.87232,0.87251
2013.03.08 01:02:42.503,0.87234,0.87253
2013.03.08 01:02:51.638,0.87233,0.87252
2013.03.08 01:02:57.135,0.87233,0.87252
2013.03.08 01:02:57.266,0.87233,0.87252
2013.03.08 01:02:57.814,0.87233,0.8725
2013.03.08 01:02:58.402,0.87233,0.8725
2013.03.08 01:02:58.913,0.87233,0.8725
2013.03.08 01:02:59.414,0.87233,0.8725
2013.03.08 01:03:00.882,0.87233,0.87249
2013.03.08 01:03:01.655,0.87233,0.87249
2013.03.08 01:03:06.002,0.87233,0.87249
2013.03.08 01:03:12.552,0.87232,0.87249
2013.03.08 01:03:13.062,0.87232,0.87249
2013.03.08 01:03:13.483,0.87232,0.87249
2013.03.08 01:03:18.013,0.87229,0.87248
2013.03.08 01:03:18.673,0.87229,0.87248
2013.03.08 01:03:18.732,0.87229,0.87249
2013.03.08 01:03:19.441,0.87229,0.87249
2013.03.08 01:03:19.997,0.87229,0.87249
2013.03.08 01:03:20.513,0.87229,0.87249
2013.03.08 01:03:22.582,0.87231,0.87248
2013.03.08 01:03:23.213,0.87231,0.87248
2013.03.08 01:03:23.335,0.87231,0.87247
2013.03.08 01:03:23.583,0.87227,0.87246
2013.03.08 01:03:23.763,0.87227,0.87244
2013.03.08 01:03:28.263,0.87227,0.87246
2013.03.08 01:03:37.883,0.87228,0.87245
2013.03.08 01:03:38.363,0.87227,0.87247
2013.03.08 01:03:38.662,0.87228,0.87244
2013.03.08 01:03:45.864,0.87227,0.87244
2013.03.08 01:03:55.023,0.87227,0.87244
2013.03.08 01:03:55.566,0.87226,0.87243
2013.03.08 01:03:59.172,0.87226,0.87242
2013.03.08 01:04:01.384,0.87227,0.87243
2013.03.08 01:04:01.874,0.87227,0.87245
2013.03.08 01:04:02.424,0.87227,0.87244
2013.03.08 01:04:03.023,0.87228,0.87244
2013.03.08 01:04:03.603,0.87227,0.87244
2013.03.08 01:04:04.163,0.87226,0.87244
2013.03.08 01:04:10.633,0.87227,0.87246
2013.03.08 01:04:10.875,0.87228,0.87247
2013.03.08 01:04:12.244,0.87229,0.87247
2013.03.08 01:04:16.835,0.87229,0.87247
2013.03.08 01:04:18.293,0.87229,0.87247
2013.03.08 01:04:21.346,0.87229,0.87248
2013.03.08 01:04:24.063,0.87229,0.87248
2013.03.08 01:04:26.443,0.87228,0.87247
2013.03.08 01:04:26.983,0.87229,0.87248
2013.03.08 01:04:27.104,0.87229,0.87248
2013.03.08 01:04:29.603,0.87229,0.87249
2013.03.08 01:04:32.463,0.87229,0.87247
2013.03.08 01:04:33.004,0.87229,0.87248
2013.03.08 01:04:33.444,0.87228,0.87245
2013.03.08 01:04:33.517,0.87227,0.87245
2013.03.08 01:04:34.023,0.87227,0.87244
2013.03.08 01:04:34.444,0.87227,0.87244
2013.03.08 01:04:38.143,0.87227,0.87243
2013.03.08 01:04:38.264,0.87228,0.87246
2013.03.08 01:04:38.632,0.87228,0.87246
2013.03.08 01:04:39.813,0.87229,0.87247
2013.03.08 01:04:40.176,0.87227,0.87245
2013.03.08 01:04:40.665,0.87227,0.87244
2013.03.08 01:04:41.885,0.87226,0.8724
2013.03.08 01:04:42.943,0.87225,0.8724
2013.03.08 01:04:43.485,0.87225,0.8724
2013.03.08 01:04:44.983,0.87225,0.8724
2013.03.08 01:04:58.834,0.87226,0.87242
2013.03.08 01:04:59.253,0.87227,0.87245
2013.03.08 01:05:02.103,0.87228,0.87247
2013.03.08 01:05:02.227,0.87231,0.87249
2013.03.08 01:05:02.535,0.87233,0.87252
2013.03.08 01:05:02.604,0.87234,0.87252
2013.03.08 01:05:04.773,0.87234,0.87254
2013.03.08 01:05:06.433,0.87234,0.87254
2013.03.08 01:05:09.683,0.87234,0.87254
2013.03.08 01:05:11.573,0.87234,0.87254
2013.03.08 01:05:13.674,0.87234,0.87254
2013.03.08 01:05:14.272,0.87233,0.87253
2013.03.08 01:05:14.814,0.87233,0.87253
2013.03.08 01:05:15.882,0.87233,0.87253
2013.03.08 01:05:16.395,0.87233,0.87252
2013.03.08 01:05:16.953,0.87233,0.87252
2013.03.08 01:05:17.493,0.87232,0.87252
2013.03.08 01:05:19.575,0.87232,0.87253
2013.03.08 01:05:20.224,0.87232,0.87253
2013.03.08 01:05:22.892,0.87232,0.87253
2013.03.08 01:05:26.524,0.87232,0.87253
2013.03.08 01:05:33.573,0.87233,0.87253
2013.03.08 01:05:34.113,0.87233,0.87249
2013.03.08 01:05:56.364,0.8723,0.87248
2013.03.08 01:05:56.906,0.87227,0.87247
2013.03.08 01:06:06.008,0.87229,0.87247
2013.03.08 01:06:17.172,0.87229,0.87248
2013.03.08 01:06:24.703,0.87228,0.87247
2013.03.08 01:06:26.872,0.87228,0.87246
2013.03.08 01:06:28.505,0.87227,0.87246
2013.03.08 01:06:29.063,0.87228,0.87243
2013.03.08 01:06:44.924,0.87228,0.87246
2013.03.08 01:06:45.353,0.8723,0.87248
2013.03.08 01:06:45.534,0.8723,0.8725
2013.03.08 01:06:47.924,0.87231,0.8725
2013.03.08 01:06:52.293,0.87231,0.8725
2013.03.08 01:06:55.034,0.8723,0.8725
2013.03.08 01:06:58.776,0.87231,0.87251
2013.03.08 01:07:00.075,0.87231,0.87251
2013.03.08 01:07:02.186,0.87229,0.8725
2013.03.08 01:07:02.944,0.87229,0.87249
2013.03.08 01:07:03.606,0.8723,0.8725
2013.03.08 01:07:04.337,0.8723,0.87251
2013.03.08 01:07:07.044,0.8723,0.8725
2013.03.08 01:07:08.725,0.8723,0.8725
2013.03.08 01:07:12.213,0.8723,0.8725
2013.03.08 01:07:12.458,0.87231,0.87251
2013.03.08 01:07:12.884,0.87232,0.87251
2013.03.08 01:07:13.423,0.87232,0.87251
2013.03.08 01:07:15.234,0.87232,0.87252
2013.03.08 01:07:15.735,0.87232,0.8725
2013.03.08 01:07:16.285,0.87232,0.8725
2013.03.08 01:07:16.904,0.87231,0.87251
2013.03.08 01:07:16.986,0.87234,0.87253
2013.03.08 01:07:17.185,0.87236,0.87255
2013.03.08 01:07:17.443,0.87237,0.87256
2013.03.08 01:07:18.624,0.87236,0.87256
2013.03.08 01:07:22.335,0.87236,0.87256
2013.03.08 01:07:22.576,0.87235,0.87254
2013.03.08 01:07:23.074,0.87234,0.87254
2013.03.08 01:07:23.625,0.87235,0.87254
2013.03.08 01:07:24.297,0.87235,0.87254
2013.03.08 01:07:26.218,0.87235,0.87254
2013.03.08 01:07:26.645,0.87232,0.87252
2013.03.08 01:07:46.543,0.87232,0.87251
2013.03.08 01:07:46.618,0.8723,0.8725
2013.03.08 01:07:47.028,0.87232,0.8725
2013.03.08 01:07:50.596,0.87231,0.8725
2013.03.08 01:07:54.794,0.8723,0.8725
2013.03.08 01:07:59.772,0.87229,0.8725
2013.03.08 01:08:01.304,0.8723,0.8725
2013.03.08 01:08:13.075,0.8723,0.8725
2013.03.08 01:08:17.494,0.8723,0.87249
2013.03.08 01:08:53.773,0.87231,0.8725
2013.03.08 01:08:54.684,0.87231,0.8725
2013.03.08 01:08:55.296,0.87231,0.87251
2013.03.08 01:08:59.063,0.87232,0.87251
2013.03.08 01:09:01.708,0.87231,0.87251
2013.03.08 01:09:05.053,0.87231,0.8725
2013.03.08 01:09:06.083,0.87231,0.8725
2013.03.08 01:09:09.563,0.87231,0.8725
2013.03.08 01:09:11.165,0.87231,0.8725
2013.03.08 01:09:12.030,0.87231,0.8725
2013.03.08 01:09:13.083,0.8723,0.87251
2013.03.08 01:09:14.203,0.87231,0.87251
2013.03.08 01:09:16.990,0.87231,0.87251
2013.03.08 01:09:20.113,0.87231,0.87252
2013.03.08 01:09:21.283,0.87231,0.87252
2013.03.08 01:09:21.524,0.8723,0.87251
2013.03.08 01:09:22.172,0.8723,0.87251
2013.03.08 01:09:22.893,0.8723,0.87251
2013.03.08 01:09:23.444,0.8723,0.87251
2013.03.08 01:09:23.803,0.87231,0.87251
2013.03.08 01:09:25.004,0.87231,0.8725
2013.03.08 01:09:25.803,0.87231,0.8725
2013.03.08 01:09:26.947,0.87231,0.87251
2013.03.08 01:09:27.254,0.87231,0.87249
2013.03.08 01:09:28.676,0.87231,0.87248
2013.03.08 01:09:32.653,0.87229,0.87247
2013.03.08 01:09:33.423,0.87229,0.87247
2013.03.08 01:09:34.553,0.87229,0.87247
2013.03.08 01:09:35.105,0.87227,0.87246
2013.03.08 01:09:39.535,0.87226,0.87246
2013.03.08 01:09:41.243,0.87227,0.87246
2013.03.08 01:09:41.745,0.87227,0.87246
2013.03.08 01:09:42.297,0.87227,0.87246
2013.03.08 01:09:43.555,0.87227,0.87246
2013.03.08 01:09:50.218,0.87227,0.87244
2013.03.08 01:09:50.833,0.87228,0.87246
2013.03.08 01:09:51.374,0.87228,0.87246
2013.03.08 01:09:52.284,0.87228,0.87246
2013.03.08 01:09:52.843,0.87228,0.87246
2013.03.08 01:09:53.628,0.87229,0.87246
2013.03.08 01:09:56.616,0.87229,0.87246
2013.03.08 01:09:57.003,0.87229,0.87248
2013.03.08 01:10:06.564,0.87228,0.87248
2013.03.08 01:10:07.104,0.87228,0.87247
2013.03.08 01:10:07.874,0.87228,0.87247
2013.03.08 01:10:08.604,0.87228,0.87247
2013.03.08 01:10:08.903,0.87228,0.87247
2013.03.08 01:10:11.414,0.87228,0.87248
2013.03.08 01:10:11.734,0.87227,0.87245
2013.03.08 01:10:12.465,0.87227,0.87245
2013.03.08 01:10:12.999,0.87227,0.87245
2013.03.08 01:10:22.203,0.87227,0.87247
2013.03.08 01:10:30.743,0.87227,0.87247
2013.03.08 01:10:32.910,0.87227,0.87247
2013.03.08 01:10:32.976,0.87228,0.87247
2013.03.08 01:10:36.202,0.8723,0.87248
2013.03.08 01:10:38.024,0.8723,0.87248
2013.03.08 01:10:38.754,0.87229,0.87248
2013.03.08 01:10:42.855,0.8723,0.87248
2013.03.08 01:10:44.608,0.87227,0.87247
2013.03.08 01:10:46.815,0.87228,0.87244
2013.03.08 01:10:47.625,0.87226,0.87244
2013.03.08 01:10:59.786,0.87228,0.87246
2013.03.08 01:10:59.854,0.87229,0.87247
2013.03.08 01:11:04.004,0.87229,0.87248
2013.03.08 01:11:04.553,0.87229,0.87249
2013.03.08 01:11:07.913,0.87229,0.87247
2013.03.08 01:11:11.955,0.8723,0.87244
2013.03.08 01:11:14.744,0.87229,0.87244
2013.03.08 01:11:19.985,0.87229,0.87244
2013.03.08 01:11:20.344,0.8723,0.87244
2013.03.08 01:11:20.585,0.87231,0.8725
2013.03.08 01:11:21.335,0.87232,0.8725
2013.03.08 01:11:21.944,0.87231,0.87249
2013.03.08 01:11:22.531,0.87231,0.87249
2013.03.08 01:11:25.805,0.87231,0.87247
2013.03.08 01:11:26.054,0.87229,0.87247
2013.03.08 01:11:26.916,0.87229,0.87247
2013.03.08 01:11:28.995,0.87229,0.87249
2013.03.08 01:11:29.545,0.87229,0.87249
2013.03.08 01:11:30.314,0.87229,0.87249
2013.03.08 01:11:30.864,0.87229,0.87247
2013.03.08 01:11:31.166,0.87227,0.87247
2013.03.08 01:11:31.236,0.87227,0.87246
2013.03.08 01:11:33.383,0.87226,0.87246
2013.03.08 01:11:34.175,0.87227,0.87246
2013.03.08 01:11:34.715,0.87228,0.87246
2013.03.08 01:11:43.155,0.87226,0.87246
2013.03.08 01:11:49.184,0.87227,0.87246
2013.03.08 01:11:51.194,0.87227,0.87246
2013.03.08 01:11:57.255,0.87227,0.87246
2013.03.08 01:12:03.695,0.87228,0.87247
2013.03.08 01:12:10.794,0.8723,0.87248
2013.03.08 01:12:11.094,0.87231,0.87248
2013.03.08 01:12:12.656,0.87229,0.87247
2013.03.08 01:12:15.914,0.87229,0.87247
2013.03.08 01:12:16.333,0.87229,0.87247
2013.03.08 01:12:23.714,0.87229,0.87247
2013.03.08 01:12:24.015,0.87229,0.87248
2013.03.08 01:12:24.564,0.87229,0.87248
2013.03.08 01:12:27.891,0.87229,0.87249
2013.03.08 01:12:28.194,0.8723,0.87249
2013.03.08 01:12:38.444,0.8723,0.87249
2013.03.08 01:12:39.656,0.87229,0.87245
2013.03.08 01:12:39.785,0.87227,0.87245
2013.03.08 01:12:40.325,0.87227,0.87245
2013.03.08 01:12:43.695,0.87228,0.87247
2013.03.08 01:12:43.935,0.8723,0.87248
2013.03.08 01:12:44.124,0.8723,0.87248
2013.03.08 01:12:51.983,0.8723,0.87248
2013.03.08 01:13:04.254,0.8723,0.87249
2013.03.08 01:13:04.794,0.87229,0.87247
2013.03.08 01:13:05.549,0.87229,0.87247
2013.03.08 01:13:08.897,0.87229,0.87247
2013.03.08 01:13:09.824,0.87229,0.87247
2013.03.08 01:13:10.004,0.87229,0.87247
2013.03.08 01:13:11.004,0.87228,0.87246
2013.03.08 01:13:11.563,0.87227,0.87246
2013.03.08 01:13:35.947,0.87228,0.87246
2013.03.08 01:13:36.375,0.87228,0.87246
2013.03.08 01:13:45.455,0.87228,0.87246
2013.03.08 01:14:29.185,0.87228,0.87245
2013.03.08 01:14:57.796,0.87226,0.87245
2013.03.08 01:15:01.825,0.87227,0.87244
2013.03.08 01:15:02.257,0.87227,0.87245
2013.03.08 01:15:02.714,0.87227,0.87245
2013.03.08 01:15:03.480,0.87227,0.87244
2013.03.08 01:15:03.684,0.87229,0.87247
2013.03.08 01:15:06.874,0.87229,0.87249
2013.03.08 01:15:13.184,0.87229,0.87249
2013.03.08 01:15:18.795,0.87231,0.8725
2013.03.08 01:15:19.036,0.87232,0.8725
2013.03.08 01:15:19.686,0.87234,0.87252
2013.03.08 01:15:21.176,0.87233,0.87252
2013.03.08 01:15:23.724,0.87231,0.8725
2013.03.08 01:15:25.337,0.87231,0.87249
2013.03.08 01:15:25.644,0.8723,0.87244
2013.03.08 01:15:32.147,0.87227,0.87243
2013.03.08 01:15:59.804,0.87227,0.87243
2013.03.08 01:16:01.665,0.87226,0.87243
2013.03.08 01:16:03.766,0.87226,0.87242
2013.03.08 01:16:04.375,0.87226,0.87241
2013.03.08 01:16:04.837,0.87226,0.87243
2013.03.08 01:16:10.955,0.87226,0.87244
2013.03.08 01:16:18.044,0.87227,0.87244
2013.03.08 01:16:18.585,0.87227,0.87244
2013.03.08 01:16:19.924,0.87227,0.87244
2013.03.08 01:16:22.475,0.87228,0.87244
2013.03.08 01:16:28.228,0.87227,0.87244
2013.03.08 01:16:32.124,0.87227,0.87245
2013.03.08 01:16:34.764,0.87227,0.87244
2013.03.08 01:16:43.874,0.87227,0.87244
2013.03.08 01:16:50.954,0.87227,0.87245
2013.03.08 01:16:55.010,0.87228,0.87244
2013.03.08 01:16:56.664,0.87228,0.87244
2013.03.08 01:16:59.616,0.87228,0.87245
2013.03.08 01:17:14.002,0.87229,0.87243
2013.03.08 01:17:14.554,0.87227,0.87245
2013.03.08 01:17:18.086,0.87228,0.87245
2013.03.08 01:17:22.125,0.87229,0.87245
2013.03.08 01:17:25.136,0.87227,0.87243
2013.03.08 01:17:27.655,0.8723,0.87244
2013.03.08 01:17:30.906,0.8723,0.87244
2013.03.08 01:17:33.247,0.8723,0.87244
2013.03.08 01:17:43.835,0.8723,0.87244
2013.03.08 01:17:49.204,0.87227,0.87244
2013.03.08 01:17:50.164,0.87228,0.87244
2013.03.08 01:17:57.574,0.87229,0.87244
2013.03.08 01:18:01.654,0.8723,0.87244
2013.03.08 01:18:01.716,0.87229,0.87244
2013.03.08 01:18:04.604,0.87227,0.87244
2013.03.08 01:18:09.185,0.87227,0.87243
2013.03.08 01:18:10.196,0.87227,0.87243
2013.03.08 01:18:11.464,0.87227,0.87244
2013.03.08 01:18:13.355,0.87227,0.87244
2013.03.08 01:18:13.896,0.87227,0.87243
2013.03.08 01:18:14.167,0.87227,0.87243
2013.03.08 01:18:17.144,0.87225,0.87243
2013.03.08 01:18:31.629,0.87225,0.87243
2013.03.08 01:18:36.765,0.87225,0.87243
2013.03.08 01:18:43.085,0.87225,0.87243
2013.03.08 01:18:50.567,0.87227,0.87243
2013.03.08 01:18:52.936,0.87227,0.87243
2013.03.08 01:18:53.447,0.87228,0.87243
2013.03.08 01:19:05.196,0.87227,0.87244
2013.03.08 01:19:09.784,0.87227,0.87244
2013.03.08 01:19:23.755,0.87226,0.87243
2013.03.08 01:19:24.754,0.87226,0.87242
2013.03.08 01:19:25.345,0.87226,0.87242
2013.03.08 01:19:26.904,0.87226,0.87242
2013.03.08 01:19:27.434,0.87226,0.87242
2013.03.08 01:19:27.961,0.87225,0.87242
2013.03.08 01:19:29.965,0.87224,0.87242
2013.03.08 01:19:30.525,0.87224,0.87242
2013.03.08 01:19:39.125,0.87224,0.87242
2013.03.08 01:19:46.595,0.87223,0.87242
2013.03.08 01:19:49.112,0.87223,0.8724
2013.03.08 01:19:49.752,0.87223,0.8724
2013.03.08 01:19:50.386,0.87223,0.8724
2013.03.08 01:19:50.924,0.87223,0.8724
2013.03.08 01:19:51.286,0.87223,0.87242
2013.03.08 01:19:51.345,0.87223,0.87242
2013.03.08 01:19:53.417,0.87223,0.87241
2013.03.08 01:19:55.226,0.87223,0.87241
2013.03.08 01:19:56.446,0.87223,0.87239
2013.03.08 01:20:06.805,0.87221,0.87238
2013.03.08 01:20:07.345,0.87223,0.87241
2013.03.08 01:20:10.679,0.87222,0.87241
2013.03.08 01:20:11.535,0.87222,0.87242
2013.03.08 01:20:12.075,0.87224,0.87242
2013.03.08 01:20:12.987,0.87224,0.87242
2013.03.08 01:20:21.294,0.87224,0.87242
2013.03.08 01:20:21.355,0.87224,0.87243
2013.03.08 01:20:21.895,0.87225,0.87243
2013.03.08 01:20:22.436,0.87226,0.87243
2013.03.08 01:20:23.165,0.87225,0.87243
2013.03.08 01:20:27.952,0.87225,0.87243
2013.03.08 01:20:29.938,0.87225,0.87243
2013.03.08 01:20:30.552,0.87225,0.87243
2013.03.08 01:20:34.808,0.87226,0.87243
2013.03.08 01:20:38.290,0.87225,0.87242
2013.03.08 01:20:44.275,0.87224,0.87242
2013.03.08 01:20:50.865,0.87222,0.8724
2013.03.08 01:20:57.486,0.87222,0.8724
2013.03.08 01:21:00.466,0.87222,0.8724
2013.03.08 01:21:01.024,0.87222,0.8724
2013.03.08 01:21:02.866,0.87221,0.8724
2013.03.08 01:21:03.315,0.87222,0.8724
2013.03.08 01:21:05.685,0.87222,0.87242
2013.03.08 01:21:05.815,0.87222,0.87242
2013.03.08 01:21:06.356,0.87225,0.87243
2013.03.08 01:21:07.645,0.87225,0.87243
2013.03.08 01:21:08.049,0.87224,0.87242
2013.03.08 01:21:08.559,0.87222,0.8724
2013.03.08 01:21:08.689,0.87222,0.8724
2013.03.08 01:21:08.997,0.87222,0.87237
2013.03.08 01:21:09.546,0.87221,0.87238
2013.03.08 01:21:14.479,0.87221,0.87237
2013.03.08 01:21:14.982,0.87222,0.87237
2013.03.08 01:21:16.748,0.87223,0.87239
2013.03.08 01:21:17.297,0.87223,0.87239
2013.03.08 01:21:20.315,0.87222,0.87239
2013.03.08 01:21:25.819,0.87222,0.87239
2013.03.08 01:21:26.006,0.87221,0.87235
2013.03.08 01:21:26.196,0.87221,0.87237
2013.03.08 01:21:26.255,0.87221,0.87238
2013.03.08 01:21:26.436,0.87223,0.87238
2013.03.08 01:21:27.279,0.87223,0.87238
2013.03.08 01:21:27.945,0.87221,0.87238
2013.03.08 01:21:28.916,0.87221,0.87238
2013.03.08 01:21:35.146,0.87221,0.87238
2013.03.08 01:21:42.715,0.87222,0.87239
2013.03.08 01:21:43.149,0.87222,0.8724
2013.03.08 01:21:43.696,0.87223,0.87239
2013.03.08 01:21:45.205,0.87223,0.87239
2013.03.08 01:21:48.237,0.87223,0.87239
2013.03.08 01:21:58.676,0.87223,0.87239
2013.03.08 01:22:00.915,0.87223,0.87239
2013.03.08 01:22:01.587,0.87223,0.87242
2013.03.08 01:22:02.854,0.87224,0.87242
2013.03.08 01:22:03.395,0.87223,0.87242
2013.03.08 01:22:03.455,0.87223,0.87242
2013.03.08 01:22:07.736,0.87223,0.87241
2013.03.08 01:22:09.266,0.87222,0.87242
2013.03.08 01:22:09.805,0.87224,0.87242
2013.03.08 01:22:11.315,0.87225,0.87243
2013.03.08 01:22:11.965,0.87223,0.87242
2013.03.08 01:22:12.414,0.87224,0.87242
2013.03.08 01:22:16.124,0.87223,0.87242
2013.03.08 01:22:17.226,0.87223,0.87242
2013.03.08 01:22:21.310,0.87224,0.87242
2013.03.08 01:22:22.176,0.87223,0.87239
2013.03.08 01:22:22.477,0.87223,0.87241
2013.03.08 01:22:23.954,0.87223,0.87242
2013.03.08 01:22:28.595,0.87223,0.87242
2013.03.08 01:22:31.674,0.87223,0.87242
2013.03.08 01:22:34.215,0.87222,0.87241
2013.03.08 01:22:50.760,0.87223,0.87242
2013.03.08 01:22:51.324,0.87224,0.87242
2013.03.08 01:22:52.626,0.87224,0.87242
2013.03.08 01:23:03.069,0.87224,0.87242
2013.03.08 01:23:20.705,0.87224,0.87241
2013.03.08 01:23:20.765,0.87223,0.87241
2013.03.08 01:23:20.946,0.87223,0.8724
2013.03.08 01:23:22.926,0.87224,0.87241
2013.03.08 01:23:23.785,0.87224,0.87241
2013.03.08 01:23:24.984,0.87224,0.87242
2013.03.08 01:23:27.004,0.87223,0.8724
2013.03.08 01:23:28.416,0.87223,0.87239
2013.03.08 01:23:29.435,0.87223,0.87239
2013.03.08 01:23:41.003,0.87222,0.87238
2013.03.08 01:23:41.526,0.87221,0.87237
2013.03.08 01:23:42.055,0.87221,0.87237
2013.03.08 01:23:45.679,0.87221,0.87237
2013.03.08 01:23:51.874,0.8722,0.87238
2013.03.08 01:23:52.415,0.8722,0.87238
2013.03.08 01:23:53.215,0.8722,0.87238
2013.03.08 01:24:00.227,0.87221,0.87238
2013.03.08 01:24:05.197,0.87221,0.87236
2013.03.08 01:24:05.386,0.87221,0.87236
2013.03.08 01:24:05.924,0.87221,0.87238
2013.03.08 01:24:09.935,0.87221,0.87239
2013.03.08 01:24:10.475,0.87221,0.87239
2013.03.08 01:24:15.816,0.87223,0.87239
2013.03.08 01:24:16.375,0.87221,0.87237
2013.03.08 01:24:20.876,0.87223,0.8724
2013.03.08 01:24:21.594,0.87223,0.87241
2013.03.08 01:24:22.216,0.87223,0.87241
2013.03.08 01:24:22.575,0.87223,0.8724
2013.03.08 01:24:24.965,0.87223,0.8724
2013.03.08 01:24:27.836,0.87223,0.8724
2013.03.08 01:24:28.945,0.87223,0.87241
2013.03.08 01:24:30.386,0.87223,0.87241
2013.03.08 01:24:30.806,0.87221,0.87238
2013.03.08 01:24:32.088,0.87221,0.87236
2013.03.08 01:24:32.695,0.87223,0.87239
2013.03.08 01:24:34.447,0.87222,0.87238
2013.03.08 01:24:44.319,0.87222,0.87237
2013.03.08 01:24:44.877,0.8722,0.87237
2013.03.08 01:24:50.586,0.8722,0.87237
2013.03.08 01:24:51.150,0.8722,0.87238
2013.03.08 01:24:51.517,0.87223,0.8724
2013.03.08 01:24:51.960,0.87223,0.8724
2013.03.08 01:25:01.055,0.87223,0.8724
2013.03.08 01:25:01.566,0.87221,0.87238
2013.03.08 01:25:02.116,0.87221,0.87239
2013.03.08 01:25:02.176,0.87223,0.87239
2013.03.08 01:25:02.715,0.87223,0.87239
2013.03.08 01:25:07.447,0.87223,0.8724
2013.03.08 01:25:07.996,0.87223,0.8724
2013.03.08 01:25:08.776,0.87223,0.8724
2013.03.08 01:25:09.316,0.87223,0.87239
2013.03.08 01:25:11.485,0.87223,0.87239
2013.03.08 01:25:18.656,0.87222,0.87239
2013.03.08 01:25:19.292,0.87221,0.87238
2013.03.08 01:25:24.345,0.87222,0.87239
2013.03.08 01:25:28.085,0.87222,0.8724
2013.03.08 01:25:52.325,0.87222,0.8724
2013.03.08 01:25:57.495,0.87222,0.8724
2013.03.08 01:25:59.906,0.87222,0.8724
2013.03.08 01:26:03.295,0.87222,0.8724
2013.03.08 01:26:08.476,0.87222,0.8724
2013.03.08 01:26:08.895,0.87222,0.8724
2013.03.08 01:26:15.075,0.87222,0.8724
2013.03.08 01:26:21.968,0.87223,0.8724
2013.03.08 01:26:22.634,0.87222,0.8724
2013.03.08 01:26:24.065,0.87223,0.8724
2013.03.08 01:26:24.900,0.87223,0.87241
2013.03.08 01:26:29.007,0.87223,0.87241
2013.03.08 01:26:35.006,0.87226,0.87243
2013.03.08 01:26:36.497,0.87227,0.87243
2013.03.08 01:26:41.955,0.87224,0.87242
2013.03.08 01:26:42.490,0.87224,0.87242
2013.03.08 01:26:42.559,0.87224,0.87243
2013.03.08 01:26:47.055,0.87225,0.87242
2013.03.08 01:26:48.277,0.87224,0.87242
2013.03.08 01:26:48.655,0.87224,0.87241
2013.03.08 01:26:51.896,0.87222,0.87241
2013.03.08 01:26:52.436,0.87222,0.87241
2013.03.08 01:26:52.926,0.87222,0.87241
2013.03.08 01:27:01.686,0.87222,0.87241
2013.03.08 01:27:03.587,0.87222,0.87239
2013.03.08 01:27:03.649,0.87222,0.8724
2013.03.08 01:27:08.615,0.87222,0.87239
2013.03.08 01:27:11.556,0.87222,0.87238
2013.03.08 01:27:17.535,0.87222,0.87238
2013.03.08 01:27:41.746,0.87222,0.8724
2013.03.08 01:27:45.765,0.87222,0.87238
2013.03.08 01:27:47.135,0.87222,0.87238
2013.03.08 01:28:10.205,0.87221,0.87238
2013.03.08 01:28:11.092,0.87221,0.87238
2013.03.08 01:28:20.947,0.87221,0.87239
2013.03.08 01:28:25.805,0.87221,0.87239
2013.03.08 01:28:30.215,0.87221,0.87238
2013.03.08 01:28:30.635,0.87222,0.87237
2013.03.08 01:28:31.176,0.87222,0.8724
2013.03.08 01:28:31.717,0.87222,0.8724
2013.03.08 01:28:36.945,0.87222,0.8724
2013.03.08 01:28:38.726,0.87222,0.8724
2013.03.08 01:28:42.815,0.87222,0.8724
2013.03.08 01:29:00.827,0.87222,0.8724
2013.03.08 01:29:05.554,0.87222,0.8724
2013.03.08 01:29:05.855,0.8722,0.87238
2013.03.08 01:29:08.575,0.8722,0.87237
2013.03.08 01:29:11.185,0.8722,0.87237
2013.03.08 01:29:13.649,0.87222,0.87239
2013.03.08 01:29:14.255,0.87222,0.87239
2013.03.08 01:29:14.803,0.87222,0.87239
2013.03.08 01:29:32.255,0.8722,0.87238
2013.03.08 01:29:38.096,0.87221,0.87238
2013.03.08 01:29:41.607,0.87222,0.87238
2013.03.08 01:29:42.146,0.8722,0.87238
2013.03.08 01:29:45.565,0.87221,0.87238
2013.03.08 01:29:46.996,0.87221,0.87238
2013.03.08 01:29:48.835,0.87221,0.87238
2013.03.08 01:29:50.266,0.8722,0.87237
2013.03.08 01:29:53.598,0.8722,0.87237
2013.03.08 01:29:54.043,0.8722,0.87237
2013.03.08 01:29:54.766,0.8722,0.87237
2013.03.08 01:29:57.758,0.8722,0.87233
2013.03.08 01:29:59.507,0.8722,0.87236
2013.03.08 01:30:00.196,0.8722,0.87237
2013.03.08 01:30:02.247,0.87222,0.87238
2013.03.08 01:30:03.327,0.87222,0.87238
2013.03.08 01:30:03.808,0.87223,0.87238
2013.03.08 01:30:04.320,0.87224,0.87238
2013.03.08 01:30:04.386,0.87224,0.8724
2013.03.08 01:30:04.809,0.87223,0.87238
2013.03.08 01:30:05.996,0.87221,0.87238
2013.03.08 01:30:06.477,0.87219,0.87237
2013.03.08 01:30:08.216,0.87219,0.87237
2013.03.08 01:30:08.716,0.8722,0.87237
2013.03.08 01:30:09.708,0.8722,0.87237
2013.03.08 01:30:10.317,0.8722,0.87237
2013.03.08 01:30:23.468,0.8722,0.87237
2013.03.08 01:30:24.026,0.87223,0.87241
2013.03.08 01:30:24.095,0.87225,0.87241
2013.03.08 01:30:24.347,0.87226,0.87241
2013.03.08 01:30:26.496,0.87225,0.87242
2013.03.08 01:30:27.175,0.87225,0.87242
2013.03.08 01:30:28.496,0.87225,0.87242
2013.03.08 01:30:28.735,0.87224,0.87242
2013.03.08 01:30:28.796,0.87223,0.87241
2013.03.08 01:30:29.336,0.87222,0.87239
2013.03.08 01:30:29.409,0.8722,0.87238
2013.03.08 01:30:35.257,0.8722,0.87235
2013.03.08 01:30:35.796,0.8722,0.87235
2013.03.08 01:30:36.916,0.8722,0.87235
2013.03.08 01:30:37.427,0.87221,0.87233
2013.03.08 01:30:37.977,0.87221,0.87233
2013.03.08 01:30:44.885,0.87221,0.87235
2013.03.08 01:30:47.158,0.87221,0.87236
2013.03.08 01:30:47.666,0.8722,0.87238
2013.03.08 01:30:53.896,0.87222,0.87238
2013.03.08 01:30:54.447,0.87222,0.87238
2013.03.08 01:30:57.848,0.87221,0.87238
2013.03.08 01:31:03.743,0.87222,0.87238
2013.03.08 01:31:04.288,0.8722,0.87237
2013.03.08 01:31:05.326,0.87221,0.87237
2013.03.08 01:31:06.137,0.87219,0.87237
2013.03.08 01:31:06.206,0.87219,0.87235
2013.03.08 01:31:09.898,0.87219,0.87235
2013.03.08 01:31:11.258,0.87219,0.87235
2013.03.08 01:31:12.196,0.87219,0.87235
2013.03.08 01:31:17.196,0.87219,0.87235
2013.03.08 01:31:18.966,0.87219,0.87235
2013.03.08 01:31:23.995,0.8722,0.87235
2013.03.08 01:31:29.146,0.87218,0.87237
2013.03.08 01:31:29.326,0.87218,0.87237
2013.03.08 01:31:30.436,0.8722,0.87237
2013.03.08 01:31:34.066,0.8722,0.87237
2013.03.08 01:31:34.932,0.8722,0.87237
2013.03.08 01:31:39.718,0.8722,0.87237
2013.03.08 01:31:42.216,0.8722,0.87235
2013.03.08 01:31:46.908,0.8722,0.87235
2013.03.08 01:31:48.687,0.87219,0.87235
2013.03.08 01:31:49.666,0.87219,0.87235
2013.03.08 01:31:50.246,0.87218,0.87235
2013.03.08 01:31:50.309,0.87218,0.87235
2013.03.08 01:31:50.819,0.87217,0.87234
2013.03.08 01:32:01.527,0.87218,0.87235
2013.03.08 01:32:01.647,0.87219,0.87237
2013.03.08 01:32:02.077,0.87219,0.87237
2013.03.08 01:32:02.619,0.8722,0.87237
2013.03.08 01:32:03.217,0.8722,0.87237
2013.03.08 01:32:03.766,0.8722,0.87238
2013.03.08 01:32:05.297,0.87219,0.87238
2013.03.08 01:32:05.846,0.87217,0.87237
2013.03.08 01:32:08.428,0.87218,0.87235
2013.03.08 01:32:09.086,0.87217,0.87235
2013.03.08 01:32:09.626,0.87217,0.87234
2013.03.08 01:32:11.002,0.87217,0.87234
