Time,Bid,Ask
2013.03.17 21:00:12.991,0.85314,0.85374
2013.03.17 21:00:13.408,0.85319,0.85381
2013.03.17 21:00:14.196,0.85319,0.85382
2013.03.17 21:00:14.751,0.8532,0.8538
2013.03.17 21:00:15.490,0.85319,0.85379
2013.03.17 21:00:16.269,0.85319,0.85381
2013.03.17 21:00:17.148,0.8532,0.8538
2013.03.17 21:00:17.579,0.85313,0.85375
2013.03.17 21:00:20.115,0.85313,0.85374
2013.03.17 21:00:20.642,0.85313,0.85373
2013.03.17 21:00:22.210,0.85313,0.85375
2013.03.17 21:00:22.763,0.85313,0.85374
2013.03.17 21:00:23.359,0.85317,0.85388
2013.03.17 21:00:24.849,0.85321,0.85383
2013.03.17 21:00:25.069,0.85334,0.85398
2013.03.17 21:00:25.318,0.85332,0.85394
2013.03.17 21:00:25.623,0.85334,0.85396
2013.03.17 21:00:26.056,0.85331,0.85393
2013.03.17 21:00:26.430,0.85328,0.85399
2013.03.17 21:00:27.968,0.8532,0.85391
2013.03.17 21:00:30.162,0.85322,0.854
2013.03.17 21:00:31.298,0.8533,0.85392
2013.03.17 21:00:31.429,0.85321,0.85399
2013.03.17 21:00:31.548,0.85323,0.85392
2013.03.17 21:00:31.788,0.85319,0.85397
2013.03.17 21:00:32.099,0.85314,0.85373
2013.03.17 21:00:32.503,0.85305,0.85381
2013.03.17 21:00:35.208,0.85319,0.85397
2013.03.17 21:00:35.268,0.85323,0.85394
2013.03.17 21:00:38.819,0.85335,0.85395
2013.03.17 21:00:39.618,0.8534,0.854
2013.03.17 21:00:42.768,0.85326,0.85388
2013.03.17 21:00:43.348,0.85321,0.85392
2013.03.17 21:00:46.468,0.85325,0.85396
2013.03.17 21:00:47.608,0.85328,0.85392
2013.03.17 21:00:48.969,0.8533,0.85389
2013.03.17 21:00:49.519,0.85331,0.85395
2013.03.17 21:00:50.025,0.85332,0.85394
2013.03.17 21:00:50.718,0.85329,0.85398
2013.03.17 21:00:51.939,0.8533,0.85401
2013.03.17 21:00:56.138,0.85332,0.85401
2013.03.17 21:01:05.643,0.85333,0.85395
2013.03.17 21:01:05.999,0.85332,0.8539
2013.03.17 21:01:06.321,0.85331,0.85388
2013.03.17 21:01:06.649,0.85334,0.854
2013.03.17 21:01:06.769,0.85338,0.85396
2013.03.17 21:01:07.070,0.85329,0.85395
2013.03.17 21:01:07.450,0.85335,0.85385
2013.03.17 21:01:08.909,0.85332,0.85382
2013.03.17 21:01:10.408,0.85331,0.85376
2013.03.17 21:01:11.770,0.85333,0.85373
2013.03.17 21:01:13.729,0.85326,0.85359
2013.03.17 21:01:13.928,0.85331,0.85371
2013.03.17 21:01:14.468,0.85332,0.8537
2013.03.17 21:01:14.629,0.85329,0.85367
2013.03.17 21:01:15.616,0.85332,0.8537
2013.03.17 21:01:18.428,0.85328,0.85368
2013.03.17 21:01:19.509,0.85329,0.85367
2013.03.17 21:01:19.629,0.85337,0.85373
2013.03.17 21:01:19.690,0.85335,0.85373
2013.03.17 21:01:20.021,0.85337,0.85375
2013.03.17 21:01:20.513,0.85337,0.85373
2013.03.17 21:01:21.400,0.85337,0.85375
2013.03.17 21:01:22.760,0.85348,0.85375
2013.03.17 21:01:23.432,0.85348,0.85373
2013.03.17 21:01:24.720,0.85349,0.85373
2013.03.17 21:01:25.609,0.85348,0.85369
2013.03.17 21:01:25.919,0.85349,0.85364
2013.03.17 21:01:26.071,0.85349,0.85366
2013.03.17 21:01:26.539,0.85332,0.85366
2013.03.17 21:01:27.833,0.85327,0.85358
2013.03.17 21:01:28.299,0.85333,0.85364
2013.03.17 21:01:29.159,0.85329,0.85357
2013.03.17 21:01:29.419,0.85333,0.85364
2013.03.17 21:01:30.169,0.85332,0.85364
2013.03.17 21:01:30.529,0.85338,0.8537
2013.03.17 21:01:33.003,0.85338,0.85371
2013.03.17 21:01:34.039,0.85339,0.85372
2013.03.17 21:01:34.424,0.85342,0.85373
2013.03.17 21:01:35.358,0.8534,0.85373
2013.03.17 21:01:36.850,0.85341,0.85374
2013.03.17 21:01:38.399,0.85339,0.85372
2013.03.17 21:01:39.099,0.85341,0.85372
2013.03.17 21:01:39.600,0.85341,0.85374
2013.03.17 21:01:40.811,0.85339,0.85372
2013.03.17 21:01:41.359,0.8534,0.85373
2013.03.17 21:01:45.699,0.85342,0.85378
2013.03.17 21:01:45.890,0.85338,0.85369
2013.03.17 21:01:47.410,0.8534,0.85369
2013.03.17 21:01:47.820,0.85342,0.85378
2013.03.17 21:01:48.179,0.85339,0.85367
2013.03.17 21:01:48.591,0.85341,0.85369
2013.03.17 21:01:50.334,0.85343,0.85369
2013.03.17 21:01:50.709,0.85339,0.85367
2013.03.17 21:01:50.959,0.85333,0.85371
2013.03.17 21:01:51.259,0.85332,0.85374
2013.03.17 21:01:51.379,0.85339,0.85383
2013.03.17 21:01:53.541,0.85343,0.85379
2013.03.17 21:01:53.902,0.85356,0.85382
2013.03.17 21:01:55.075,0.85358,0.85384
2013.03.17 21:01:55.192,0.85356,0.85387
2013.03.17 21:01:56.350,0.85357,0.85384
2013.03.17 21:01:56.422,0.85355,0.85384
2013.03.17 21:01:56.959,0.85354,0.85385
2013.03.17 21:01:58.113,0.8535,0.85379
2013.03.17 21:02:00.531,0.8535,0.85378
2013.03.17 21:02:01.079,0.85349,0.8538
2013.03.17 21:02:03.070,0.8535,0.85379
2013.03.17 21:02:03.570,0.85358,0.85386
2013.03.17 21:02:05.710,0.85363,0.85399
2013.03.17 21:02:05.889,0.85358,0.85386
2013.03.17 21:02:06.089,0.85365,0.85396
2013.03.17 21:02:06.330,0.85363,0.85396
2013.03.17 21:02:07.209,0.85364,0.85396
2013.03.17 21:02:07.741,0.85361,0.8539
2013.03.17 21:02:07.801,0.85359,0.85392
2013.03.17 21:02:08.099,0.85357,0.85395
2013.03.17 21:02:08.549,0.85355,0.85388
2013.03.17 21:02:08.882,0.85355,0.85386
2013.03.17 21:02:09.239,0.85362,0.85389
2013.03.17 21:02:10.619,0.8536,0.85386
2013.03.17 21:02:10.859,0.8534,0.85401
2013.03.17 21:02:11.653,0.8534,0.85378
2013.03.17 21:02:11.979,0.85342,0.85378
2013.03.17 21:02:12.521,0.85342,0.8538
2013.03.17 21:02:14.445,0.85343,0.85381
2013.03.17 21:02:16.430,0.85343,0.85379
2013.03.17 21:02:17.669,0.85344,0.85382
2013.03.17 21:02:20.956,0.85348,0.85384
2013.03.17 21:02:21.529,0.85343,0.85388
2013.03.17 21:02:21.650,0.85346,0.85384
2013.03.17 21:02:22.310,0.85355,0.85393
2013.03.17 21:02:22.839,0.85356,0.85392
2013.03.17 21:02:24.119,0.85368,0.85404
2013.03.17 21:02:24.253,0.85362,0.85409
2013.03.17 21:02:24.952,0.85367,0.85405
2013.03.17 21:02:25.500,0.85362,0.85409
2013.03.17 21:02:25.931,0.85368,0.85404
2013.03.17 21:02:26.477,0.85367,0.85405
2013.03.17 21:02:26.560,0.85363,0.85408
2013.03.17 21:02:27.150,0.85367,0.85405
2013.03.17 21:02:27.709,0.85366,0.85406
2013.03.17 21:02:28.019,0.85363,0.85408
2013.03.17 21:02:28.262,0.85367,0.85403
2013.03.17 21:02:28.450,0.85361,0.85399
2013.03.17 21:02:29.410,0.8536,0.854
2013.03.17 21:02:29.899,0.85363,0.85401
2013.03.17 21:02:30.460,0.85355,0.85391
2013.03.17 21:02:32.741,0.85347,0.85385
2013.03.17 21:02:35.124,0.85346,0.85384
2013.03.17 21:02:35.670,0.85348,0.85405
2013.03.17 21:02:35.949,0.85347,0.85378
2013.03.17 21:02:37.109,0.85344,0.85373
2013.03.17 21:02:38.250,0.85344,0.85375
2013.03.17 21:02:38.659,0.85344,0.8537
2013.03.17 21:02:39.169,0.85343,0.8537
2013.03.17 21:02:39.689,0.85343,0.85371
2013.03.17 21:02:39.890,0.85356,0.85385
2013.03.17 21:02:40.159,0.85358,0.85411
2013.03.17 21:02:40.220,0.85358,0.85413
2013.03.17 21:02:40.399,0.85349,0.85378
2013.03.17 21:02:41.673,0.85351,0.85377
2013.03.17 21:02:41.859,0.85351,0.85379
2013.03.17 21:02:42.110,0.85348,0.85376
2013.03.17 21:02:42.230,0.85341,0.85385
2013.03.17 21:02:42.710,0.85329,0.85371
2013.03.17 21:02:43.143,0.85337,0.85362
2013.03.17 21:02:43.480,0.85348,0.85375
2013.03.17 21:02:45.660,0.85355,0.85414
2013.03.17 21:02:46.209,0.85354,0.85409
2013.03.17 21:02:46.400,0.85354,0.85415
2013.03.17 21:02:47.115,0.85355,0.85415
2013.03.17 21:02:48.099,0.85359,0.85415
2013.03.17 21:02:48.429,0.85364,0.85416
2013.03.17 21:02:48.489,0.85359,0.85416
2013.03.17 21:02:50.240,0.85343,0.85398
2013.03.17 21:02:50.599,0.85348,0.85391
2013.03.17 21:02:50.933,0.8535,0.85391
2013.03.17 21:02:51.359,0.85348,0.85391
2013.03.17 21:02:51.729,0.85348,0.85405
2013.03.17 21:02:51.850,0.85347,0.85388
2013.03.17 21:02:53.161,0.85344,0.85401
2013.03.17 21:02:53.409,0.85343,0.85379
2013.03.17 21:02:54.470,0.85343,0.85381
2013.03.17 21:02:54.855,0.85337,0.85392
2013.03.17 21:02:55.180,0.85335,0.85371
2013.03.17 21:02:55.419,0.8534,0.85383
2013.03.17 21:02:55.909,0.85339,0.8538
2013.03.17 21:02:57.669,0.85342,0.85397
2013.03.17 21:02:57.919,0.85346,0.85382
2013.03.17 21:02:59.140,0.85345,0.854
2013.03.17 21:02:59.379,0.85343,0.85379
2013.03.17 21:03:02.419,0.85335,0.85373
2013.03.17 21:03:02.539,0.85337,0.85375
2013.03.17 21:03:02.900,0.85338,0.85395
2013.03.17 21:03:05.289,0.85339,0.85394
2013.03.17 21:03:05.820,0.85338,0.85395
2013.03.17 21:03:06.339,0.85339,0.85394
2013.03.17 21:03:06.460,0.85343,0.854
2013.03.17 21:03:07.081,0.85344,0.85401
2013.03.17 21:03:11.763,0.85341,0.85396
2013.03.17 21:03:12.939,0.85348,0.85403
2013.03.17 21:03:14.075,0.85343,0.85402
2013.03.17 21:03:15.034,0.85343,0.85404
2013.03.17 21:03:15.475,0.85345,0.854
2013.03.17 21:03:16.042,0.85347,0.854
2013.03.17 21:03:18.280,0.85344,0.85402
2013.03.17 21:03:18.469,0.85342,0.85405
2013.03.17 21:03:18.589,0.85345,0.85401
2013.03.17 21:03:18.951,0.85348,0.854
2013.03.17 21:03:19.121,0.85352,0.85406
2013.03.17 21:03:21.150,0.85356,0.85405
2013.03.17 21:03:25.509,0.8537,0.85415
2013.03.17 21:03:25.629,0.85366,0.85416
2013.03.17 21:03:26.316,0.85366,0.85415
2013.03.17 21:03:29.432,0.85373,0.85422
2013.03.17 21:03:32.219,0.85372,0.85422
2013.03.17 21:03:32.669,0.85365,0.85419
2013.03.17 21:03:32.729,0.85365,0.85411
2013.03.17 21:03:32.799,0.85361,0.85411
2013.03.17 21:03:32.859,0.85349,0.85411
2013.03.17 21:03:33.040,0.85348,0.85415
2013.03.17 21:03:33.100,0.85353,0.85414
2013.03.17 21:03:33.515,0.85353,0.85412
2013.03.17 21:03:33.819,0.8536,0.85416
2013.03.17 21:03:34.158,0.85359,0.85413
2013.03.17 21:03:34.219,0.85346,0.85413
2013.03.17 21:03:34.279,0.85346,0.85411
2013.03.17 21:03:34.794,0.85345,0.85411
2013.03.17 21:03:35.203,0.85358,0.85416
2013.03.17 21:03:35.520,0.85346,0.85411
2013.03.17 21:03:37.159,0.85346,0.85409
2013.03.17 21:03:39.162,0.85362,0.85409
2013.03.17 21:03:39.230,0.85362,0.85418
2013.03.17 21:03:39.290,0.85368,0.85418
2013.03.17 21:03:39.590,0.85345,0.85416
2013.03.17 21:03:39.649,0.85345,0.85411
2013.03.17 21:03:39.969,0.85349,0.85409
2013.03.17 21:03:40.342,0.85352,0.8541
2013.03.17 21:03:40.710,0.85347,0.8541
2013.03.17 21:03:41.239,0.85353,0.8541
2013.03.17 21:03:41.819,0.85344,0.8541
2013.03.17 21:03:42.062,0.85344,0.85412
2013.03.17 21:03:42.964,0.85352,0.85413
2013.03.17 21:03:43.430,0.85357,0.85413
2013.03.17 21:03:43.549,0.85357,0.85415
2013.03.17 21:03:43.959,0.85357,0.85413
2013.03.17 21:03:44.020,0.85354,0.85413
2013.03.17 21:03:44.359,0.85353,0.85393
2013.03.17 21:03:44.730,0.85358,0.85393
2013.03.17 21:03:45.099,0.85356,0.85393
2013.03.17 21:03:45.461,0.85355,0.85389
2013.03.17 21:03:45.770,0.85357,0.8539
2013.03.17 21:03:46.274,0.85354,0.8539
2013.03.17 21:03:46.630,0.85356,0.8539
2013.03.17 21:03:47.139,0.85357,0.85391
2013.03.17 21:03:47.200,0.85355,0.85391
2013.03.17 21:03:47.320,0.85348,0.85386
2013.03.17 21:03:48.099,0.85347,0.85386
2013.03.17 21:03:48.299,0.85344,0.85386
2013.03.17 21:03:48.740,0.85346,0.85382
2013.03.17 21:03:49.309,0.85344,0.85382
2013.03.17 21:03:49.369,0.85342,0.85382
2013.03.17 21:03:49.919,0.85342,0.85381
2013.03.17 21:03:50.591,0.85342,0.85383
2013.03.17 21:03:50.949,0.85348,0.85384
2013.03.17 21:03:51.009,0.85349,0.85386
2013.03.17 21:03:52.191,0.85347,0.85386
2013.03.17 21:03:52.660,0.85349,0.85386
2013.03.17 21:03:54.949,0.85349,0.8539
2013.03.17 21:03:55.080,0.85355,0.8539
2013.03.17 21:03:55.601,0.85356,0.85391
2013.03.17 21:03:56.079,0.85356,0.85387
2013.03.17 21:03:57.070,0.85356,0.85389
2013.03.17 21:03:57.129,0.85356,0.85392
2013.03.17 21:03:57.409,0.85371,0.85392
2013.03.17 21:03:57.529,0.85371,0.85395
2013.03.17 21:03:57.649,0.85357,0.85394
2013.03.17 21:03:57.775,0.8536,0.85394
2013.03.17 21:03:58.099,0.85355,0.85395
2013.03.17 21:03:58.377,0.85357,0.85395
2013.03.17 21:03:58.678,0.85367,0.85394
2013.03.17 21:03:58.859,0.85356,0.85394
2013.03.17 21:03:59.430,0.85356,0.85393
2013.03.17 21:03:59.610,0.85363,0.85393
2013.03.17 21:03:59.929,0.85355,0.8539
2013.03.17 21:03:59.989,0.85355,0.85387
2013.03.17 21:04:00.189,0.85355,0.85389
2013.03.17 21:04:00.729,0.85359,0.85392
2013.03.17 21:04:00.919,0.85354,0.85391
2013.03.17 21:04:00.979,0.85354,0.85389
2013.03.17 21:04:01.819,0.85355,0.85389
2013.03.17 21:04:02.359,0.85353,0.85392
2013.03.17 21:04:02.789,0.85356,0.85392
2013.03.17 21:04:03.279,0.85354,0.85392
2013.03.17 21:04:03.820,0.85353,0.85391
2013.03.17 21:04:04.031,0.85355,0.85391
2013.03.17 21:04:04.559,0.85358,0.85394
2013.03.17 21:04:04.870,0.85358,0.85389
2013.03.17 21:04:04.929,0.85353,0.85389
2013.03.17 21:04:05.049,0.85353,0.85389
2013.03.17 21:04:05.269,0.85353,0.85384
2013.03.17 21:04:08.371,0.85339,0.8538
2013.03.17 21:04:08.429,0.85355,0.8538
2013.03.17 21:04:09.709,0.85355,0.85384
2013.03.17 21:04:09.769,0.85355,0.85383
2013.03.17 21:04:09.829,0.8533,0.8538
2013.03.17 21:04:10.480,0.8534,0.85372
2013.03.17 21:04:10.569,0.85327,0.85377
2013.03.17 21:04:10.629,0.85327,0.85377
2013.03.17 21:04:11.133,0.85328,0.85377
2013.03.17 21:04:11.388,0.85335,0.85377
2013.03.17 21:04:11.449,0.85335,0.8538
2013.03.17 21:04:11.509,0.8534,0.8538
2013.03.17 21:04:11.911,0.85329,0.85381
2013.03.17 21:04:11.979,0.85329,0.8538
2013.03.17 21:04:12.483,0.85343,0.85377
2013.03.17 21:04:12.944,0.85343,0.85377
2013.03.17 21:04:14.039,0.85343,0.85379
2013.03.17 21:04:14.222,0.85348,0.85379
2013.03.17 21:04:14.959,0.85348,0.85379
2013.03.17 21:04:15.080,0.85348,0.85386
2013.03.17 21:04:15.139,0.85348,0.85385
2013.03.17 21:04:15.259,0.85338,0.85384
2013.03.17 21:04:15.439,0.8532,0.85376
2013.03.17 21:04:15.498,0.8532,0.85378
2013.03.17 21:04:15.842,0.8532,0.85378
2013.03.17 21:04:16.149,0.85347,0.85379
2013.03.17 21:04:16.540,0.85345,0.85379
2013.03.17 21:04:17.200,0.85354,0.85379
2013.03.17 21:04:17.319,0.8534,0.85381
2013.03.17 21:04:17.549,0.8534,0.8538
2013.03.17 21:04:17.669,0.85316,0.85368
2013.03.17 21:04:17.729,0.85311,0.85368
2013.03.17 21:04:17.789,0.85311,0.85368
2013.03.17 21:04:18.329,0.85311,0.85368
2013.03.17 21:04:18.741,0.85313,0.85368
2013.03.17 21:04:19.922,0.8531,0.85369
2013.03.17 21:04:20.279,0.85311,0.85369
2013.03.17 21:04:20.829,0.85317,0.85373
2013.03.17 21:04:20.949,0.85334,0.85377
2013.03.17 21:04:21.819,0.85335,0.85377
2013.03.17 21:04:21.939,0.85325,0.85379
2013.03.17 21:04:22.269,0.85328,0.85379
2013.03.17 21:04:23.131,0.8534,0.85379
2013.03.17 21:04:23.559,0.85327,0.85381
2013.03.17 21:04:23.619,0.85348,0.85381
2013.03.17 21:04:24.009,0.85347,0.85384
2013.03.17 21:04:24.339,0.85349,0.85378
2013.03.17 21:04:24.668,0.85349,0.85374
2013.03.17 21:04:24.979,0.85349,0.85372
2013.03.17 21:04:25.129,0.85349,0.85374
2013.03.17 21:04:26.761,0.85335,0.85374
2013.03.17 21:04:26.899,0.85332,0.85374
2013.03.17 21:04:27.139,0.85332,0.85375
2013.03.17 21:04:27.204,0.85332,0.85374
2013.03.17 21:04:29.979,0.85333,0.85373
2013.03.17 21:04:30.319,0.85333,0.85372
2013.03.17 21:04:30.551,0.8531,0.85371
2013.03.17 21:04:30.717,0.8533,0.85371
2013.03.17 21:04:30.779,0.8533,0.85373
2013.03.17 21:04:30.959,0.85329,0.85375
2013.03.17 21:04:31.019,0.85329,0.85372
2013.03.17 21:04:31.279,0.8531,0.85372
2013.03.17 21:04:31.769,0.85311,0.85377
2013.03.17 21:04:31.829,0.85331,0.85377
2013.03.17 21:04:32.139,0.85329,0.85373
2013.03.17 21:04:32.459,0.85331,0.85373
2013.03.17 21:04:33.669,0.85331,0.85382
2013.03.17 21:04:33.899,0.85331,0.85387
2013.03.17 21:04:33.959,0.8535,0.85387
2013.03.17 21:04:35.129,0.8535,0.85388
2013.03.17 21:04:35.739,0.8535,0.85385
2013.03.17 21:04:37.369,0.8535,0.85384
2013.03.17 21:04:38.024,0.8535,0.85382
2013.03.17 21:04:39.689,0.85345,0.85382
2013.03.17 21:04:46.709,0.85345,0.8538
2013.03.17 21:04:46.949,0.85342,0.85376
2013.03.17 21:04:47.512,0.85343,0.85374
2013.03.17 21:04:50.080,0.85346,0.85377
2013.03.17 21:04:51.869,0.85346,0.85374
2013.03.17 21:04:53.124,0.85346,0.85374
2013.03.17 21:04:53.459,0.85344,0.8537
2013.03.17 21:04:55.229,0.85347,0.85371
2013.03.17 21:04:55.418,0.85325,0.85369
2013.03.17 21:04:57.910,0.8534,0.85363
2013.03.17 21:04:58.864,0.85311,0.85362
2013.03.17 21:04:59.370,0.85311,0.85349
2013.03.17 21:04:59.720,0.85311,0.85361
2013.03.17 21:05:00.049,0.8531,0.8534
2013.03.17 21:05:00.169,0.85311,0.85348
2013.03.17 21:05:00.408,0.85311,0.85335
2013.03.17 21:05:01.109,0.85311,0.85353
2013.03.17 21:05:01.469,0.85309,0.85332
2013.03.17 21:05:02.061,0.85309,0.8533
2013.03.17 21:05:02.884,0.85309,0.8533
2013.03.17 21:05:03.669,0.8531,0.85358
2013.03.17 21:05:03.729,0.8531,0.85366
2013.03.17 21:05:04.160,0.8531,0.85368
2013.03.17 21:05:04.339,0.85311,0.85386
2013.03.17 21:05:04.469,0.85311,0.85384
2013.03.17 21:05:04.853,0.85311,0.85384
2013.03.17 21:05:05.169,0.85313,0.85378
2013.03.17 21:05:05.519,0.85313,0.85371
2013.03.17 21:05:05.699,0.85313,0.85379
2013.03.17 21:05:05.759,0.85318,0.85374
2013.03.17 21:05:06.119,0.85311,0.85359
2013.03.17 21:05:06.499,0.85311,0.85362
2013.03.17 21:05:07.179,0.85311,0.85367
2013.03.17 21:05:07.489,0.8531,0.85347
2013.03.17 21:05:08.120,0.8531,0.85362
2013.03.17 21:05:08.359,0.8531,0.85343
2013.03.17 21:05:09.679,0.8531,0.85347
2013.03.17 21:05:09.949,0.8531,0.8534
2013.03.17 21:05:11.119,0.8531,0.85365
2013.03.17 21:05:11.419,0.85311,0.85339
2013.03.17 21:05:11.959,0.8531,0.85365
2013.03.17 21:05:12.139,0.8531,0.8534
2013.03.17 21:05:12.439,0.8531,0.85365
2013.03.17 21:05:13.219,0.85323,0.85365
2013.03.17 21:05:13.699,0.85309,0.85365
2013.03.17 21:05:15.069,0.8531,0.85365
2013.03.17 21:05:18.011,0.85311,0.85354
2013.03.17 21:05:18.260,0.85311,0.85353
2013.03.17 21:05:18.677,0.85311,0.85354
2013.03.17 21:05:18.799,0.85309,0.85356
2013.03.17 21:05:20.689,0.85331,0.85354
2013.03.17 21:05:22.339,0.85329,0.85354
2013.03.17 21:05:24.379,0.85332,0.85355
2013.03.17 21:05:24.903,0.85333,0.85356
2013.03.17 21:05:25.410,0.85338,0.85372
2013.03.17 21:05:27.919,0.85336,0.85373
2013.03.17 21:05:28.170,0.85309,0.85373
2013.03.17 21:05:28.410,0.85344,0.85372
2013.03.17 21:05:29.870,0.85342,0.85372
2013.03.17 21:05:30.140,0.85339,0.85369
2013.03.17 21:05:30.788,0.85339,0.85369
2013.03.17 21:05:30.910,0.8531,0.85365
2013.03.17 21:05:31.030,0.85309,0.85365
2013.03.17 21:05:32.050,0.8531,0.85365
2013.03.17 21:05:37.179,0.8531,0.85365
2013.03.17 21:05:37.519,0.85314,0.85361
2013.03.17 21:05:38.299,0.85316,0.85361
2013.03.17 21:05:38.841,0.85316,0.85361
2013.03.17 21:05:43.119,0.85316,0.8536
2013.03.17 21:05:45.531,0.85312,0.85359
2013.03.17 21:05:47.189,0.85308,0.85359
2013.03.17 21:05:47.600,0.85323,0.85358
2013.03.17 21:05:49.734,0.85309,0.85357
2013.03.17 21:05:50.061,0.85322,0.85355
2013.03.17 21:05:50.119,0.85322,0.85355
2013.03.17 21:05:52.610,0.85322,0.85353
2013.03.17 21:05:52.809,0.85322,0.85355
2013.03.17 21:05:54.082,0.85322,0.85357
2013.03.17 21:05:54.472,0.85322,0.85354
2013.03.17 21:05:54.790,0.85324,0.85356
2013.03.17 21:06:00.298,0.85324,0.85356
2013.03.17 21:06:00.479,0.85321,0.85353
2013.03.17 21:06:00.661,0.85321,0.85353
2013.03.17 21:06:03.299,0.85321,0.85348
2013.03.17 21:06:04.323,0.85297,0.85348
2013.03.17 21:06:04.390,0.85297,0.85347
2013.03.17 21:06:04.700,0.85311,0.85346
2013.03.17 21:06:04.879,0.85297,0.85346
2013.03.17 21:06:05.390,0.85298,0.85348
2013.03.17 21:06:05.999,0.85296,0.85348
2013.03.17 21:06:06.612,0.85295,0.85345
2013.03.17 21:06:06.969,0.85315,0.85349
2013.03.17 21:06:07.030,0.85315,0.85349
2013.03.17 21:06:07.210,0.85301,0.85351
2013.03.17 21:06:10.315,0.85301,0.85351
2013.03.17 21:06:10.685,0.85314,0.85346
2013.03.17 21:06:10.760,0.85314,0.85347
2013.03.17 21:06:11.279,0.85314,0.85344
2013.03.17 21:06:11.795,0.85314,0.8534
2013.03.17 21:06:14.631,0.85311,0.8534
2013.03.17 21:06:16.309,0.85291,0.85339
2013.03.17 21:06:16.429,0.85291,0.85339
2013.03.17 21:06:20.449,0.85299,0.85339
2013.03.17 21:06:20.629,0.85316,0.85339
2013.03.17 21:06:22.989,0.85318,0.85339
2013.03.17 21:06:23.509,0.85317,0.85339
2013.03.17 21:06:26.539,0.85316,0.85339
2013.03.17 21:06:28.366,0.85307,0.85339
2013.03.17 21:06:30.682,0.85311,0.85339
2013.03.17 21:06:31.116,0.85308,0.85339
2013.03.17 21:06:32.122,0.85291,0.85339
2013.03.17 21:06:32.389,0.85313,0.85339
2013.03.17 21:06:32.719,0.85315,0.85339
2013.03.17 21:06:33.315,0.85314,0.85339
2013.03.17 21:06:33.757,0.85291,0.85339
2013.03.17 21:06:33.899,0.85309,0.85339
2013.03.17 21:06:34.201,0.85302,0.85339
2013.03.17 21:06:34.499,0.85311,0.85339
2013.03.17 21:06:35.070,0.85314,0.85339
2013.03.17 21:06:40.801,0.85315,0.85339
2013.03.17 21:06:43.689,0.85316,0.85339
2013.03.17 21:06:45.059,0.85314,0.85339
2013.03.17 21:06:45.520,0.85316,0.85339
2013.03.17 21:06:48.079,0.85308,0.8534
2013.03.17 21:06:48.599,0.8531,0.85339
2013.03.17 21:06:48.929,0.85311,0.85339
2013.03.17 21:06:49.510,0.85312,0.85339
2013.03.17 21:06:50.489,0.85313,0.85339
2013.03.17 21:06:51.221,0.85311,0.8534
2013.03.17 21:06:51.593,0.85311,0.8534
2013.03.17 21:06:54.269,0.8531,0.85339
2013.03.17 21:06:55.543,0.85311,0.85339
2013.03.17 21:06:56.111,0.85321,0.8534
2013.03.17 21:07:03.565,0.85319,0.8534
2013.03.17 21:07:03.780,0.85317,0.8534
2013.03.17 21:07:04.289,0.85319,0.8534
2013.03.17 21:07:14.609,0.85322,0.8534
2013.03.17 21:07:16.179,0.8532,0.8534
2013.03.17 21:07:17.329,0.85317,0.8534
2013.03.17 21:07:18.650,0.85295,0.8534
2013.03.17 21:07:19.073,0.85326,0.8534
2013.03.17 21:07:20.959,0.85326,0.85344
2013.03.17 21:07:24.969,0.85326,0.8534
2013.03.17 21:07:25.269,0.85324,0.8534
2013.03.17 21:07:30.960,0.85333,0.8535
2013.03.17 21:07:31.140,0.85309,0.8534
2013.03.17 21:07:31.439,0.85307,0.85349
2013.03.17 21:07:31.559,0.85324,0.85349
2013.03.17 21:07:32.069,0.85324,0.85349
2013.03.17 21:07:32.459,0.85334,0.85361
2013.03.17 21:07:32.639,0.8533,0.85361
2013.03.17 21:07:33.264,0.85334,0.8536
2013.03.17 21:07:33.769,0.85334,0.85365
2013.03.17 21:07:34.920,0.85331,0.85361
2013.03.17 21:07:36.036,0.8533,0.85363
2013.03.17 21:07:36.570,0.85333,0.85366
2013.03.17 21:07:37.350,0.85335,0.85365
2013.03.17 21:07:39.749,0.85335,0.85365
2013.03.17 21:07:40.109,0.85346,0.85369
2013.03.17 21:07:41.859,0.85349,0.85369
2013.03.17 21:07:41.979,0.85355,0.85376
2013.03.17 21:07:42.039,0.85355,0.85378
2013.03.17 21:07:42.099,0.85355,0.85378
2013.03.17 21:07:42.219,0.85355,0.85388
2013.03.17 21:07:42.481,0.85355,0.85389
2013.03.17 21:07:42.840,0.85345,0.85389
2013.03.17 21:07:43.079,0.85345,0.85394
2013.03.17 21:07:43.139,0.85345,0.85395
2013.03.17 21:07:43.672,0.85345,0.85396
2013.03.17 21:07:44.480,0.85344,0.85396
2013.03.17 21:07:46.119,0.85344,0.85399
2013.03.17 21:07:46.189,0.85344,0.85399
2013.03.17 21:07:46.732,0.85344,0.85399
2013.03.17 21:07:49.882,0.85344,0.854
2013.03.17 21:07:50.434,0.85344,0.854
2013.03.17 21:07:56.803,0.8535,0.85404
2013.03.17 21:07:59.402,0.8535,0.85407
2013.03.17 21:07:59.947,0.85349,0.85408
2013.03.17 21:08:00.239,0.85352,0.85408
2013.03.17 21:08:02.779,0.85356,0.85414
2013.03.17 21:08:04.831,0.85359,0.85416
2013.03.17 21:08:05.389,0.8536,0.85414
2013.03.17 21:08:05.850,0.8536,0.85414
2013.03.17 21:08:06.680,0.85345,0.85414
2013.03.17 21:08:07.288,0.8536,0.85414
2013.03.17 21:08:07.849,0.85362,0.85418
2013.03.17 21:08:08.359,0.85348,0.85418
2013.03.17 21:08:08.861,0.85348,0.85418
2013.03.17 21:08:11.792,0.85348,0.85419
2013.03.17 21:08:12.189,0.85368,0.85421
2013.03.17 21:08:14.489,0.85368,0.85419
2013.03.17 21:08:14.794,0.85367,0.85421
2013.03.17 21:08:14.969,0.85369,0.85423
2013.03.17 21:08:15.483,0.85369,0.85423
2013.03.17 21:08:16.120,0.85369,0.85421
2013.03.17 21:08:17.593,0.8536,0.85421
2013.03.17 21:08:17.930,0.8536,0.85422
2013.03.17 21:08:19.079,0.8536,0.85421
2013.03.17 21:08:23.198,0.85362,0.85421
2013.03.17 21:08:26.399,0.85367,0.85421
2013.03.17 21:08:26.529,0.85367,0.85423
2013.03.17 21:08:26.779,0.85361,0.85423
2013.03.17 21:08:26.841,0.85348,0.85428
2013.03.17 21:08:26.900,0.85365,0.85428
2013.03.17 21:08:27.647,0.85365,0.85428
2013.03.17 21:08:28.259,0.85365,0.85428
2013.03.17 21:08:28.389,0.85372,0.85433
2013.03.17 21:08:28.629,0.85367,0.85433
2013.03.17 21:08:28.809,0.85367,0.85435
2013.03.17 21:08:28.869,0.85372,0.85435
2013.03.17 21:08:29.749,0.85372,0.85434
2013.03.17 21:08:30.324,0.85373,0.85434
2013.03.17 21:08:30.870,0.85374,0.85433
2013.03.17 21:08:30.929,0.85368,0.85432
2013.03.17 21:08:31.449,0.85355,0.85432
2013.03.17 21:08:31.570,0.85375,0.85433
2013.03.17 21:08:31.933,0.85375,0.85434
2013.03.17 21:08:32.380,0.85375,0.85432
2013.03.17 21:08:32.709,0.85378,0.85432
2013.03.17 21:08:32.769,0.85378,0.85438
2013.03.17 21:08:32.850,0.85378,0.8543
2013.03.17 21:08:33.579,0.85379,0.8543
2013.03.17 21:08:33.879,0.8538,0.85427
2013.03.17 21:08:35.239,0.85394,0.8543
2013.03.17 21:08:35.659,0.85391,0.85434
2013.03.17 21:08:35.779,0.85395,0.85431
2013.03.17 21:08:36.199,0.85397,0.85433
2013.03.17 21:08:36.319,0.85389,0.8543
2013.03.17 21:08:36.810,0.85389,0.8543
2013.03.17 21:08:36.870,0.85362,0.85432
2013.03.17 21:08:37.109,0.85381,0.85431
2013.03.17 21:08:39.699,0.85381,0.8543
2013.03.17 21:08:40.090,0.85362,0.85429
2013.03.17 21:08:40.179,0.85379,0.8543
2013.03.17 21:08:40.480,0.85389,0.85431
2013.03.17 21:08:40.540,0.85375,0.85429
2013.03.17 21:08:40.610,0.85379,0.85429
2013.03.17 21:08:40.729,0.85391,0.85429
2013.03.17 21:08:41.089,0.85391,0.85429
2013.03.17 21:08:41.149,0.8538,0.85429
2013.03.17 21:08:41.269,0.85377,0.85427
2013.03.17 21:08:41.389,0.8538,0.85425
2013.03.17 21:08:41.690,0.85395,0.85429
2013.03.17 21:08:41.890,0.85395,0.85435
2013.03.17 21:08:42.129,0.85391,0.85434
2013.03.17 21:08:42.369,0.85363,0.85433
2013.03.17 21:08:42.439,0.85364,0.8543
2013.03.17 21:08:42.740,0.85392,0.8543
2013.03.17 21:08:42.939,0.85361,0.85432
2013.03.17 21:08:42.999,0.85361,0.85432
2013.03.17 21:08:43.359,0.8537,0.85421
2013.03.17 21:08:43.419,0.8537,0.85423
2013.03.17 21:08:43.479,0.85395,0.85432
2013.03.17 21:08:43.679,0.85372,0.85424
2013.03.17 21:08:43.739,0.85372,0.85424
2013.03.17 21:08:43.920,0.85395,0.85429
2013.03.17 21:08:44.040,0.85375,0.85428
2013.03.17 21:08:44.100,0.8537,0.85428
2013.03.17 21:08:44.219,0.85394,0.85434
2013.03.17 21:08:44.469,0.85396,0.85432
2013.03.17 21:08:44.649,0.85376,0.85431
2013.03.17 21:08:44.769,0.85394,0.85429
2013.03.17 21:08:45.083,0.85376,0.85425
2013.03.17 21:08:45.500,0.85376,0.8543
2013.03.17 21:08:45.561,0.85394,0.85434
2013.03.17 21:08:45.749,0.85397,0.85432
2013.03.17 21:08:45.810,0.85397,0.85427
2013.03.17 21:08:45.991,0.85379,0.85427
2013.03.17 21:08:46.119,0.85376,0.85428
2013.03.17 21:08:46.239,0.85376,0.85425
2013.03.17 21:08:46.419,0.85358,0.85424
2013.03.17 21:08:47.559,0.85358,0.85425
2013.03.17 21:08:47.679,0.85372,0.85427
2013.03.17 21:08:48.137,0.85363,0.85429
2013.03.17 21:08:48.199,0.85398,0.85434
2013.03.17 21:08:48.739,0.8537,0.85432
2013.03.17 21:08:48.799,0.85369,0.85432
2013.03.17 21:08:49.143,0.85366,0.85424
2013.03.17 21:08:49.819,0.85366,0.85424
2013.03.17 21:08:49.939,0.85366,0.85424
2013.03.17 21:08:50.463,0.85372,0.85424
2013.03.17 21:08:51.005,0.85372,0.85424
2013.03.17 21:08:51.289,0.85374,0.85425
2013.03.17 21:08:51.709,0.85368,0.85428
2013.03.17 21:08:52.369,0.85397,0.85429
2013.03.17 21:08:52.450,0.85403,0.85435
2013.03.17 21:08:52.689,0.85408,0.85439
2013.03.17 21:08:52.809,0.854,0.85439
2013.03.17 21:08:53.328,0.854,0.85437
2013.03.17 21:08:54.690,0.85366,0.8543
2013.03.17 21:08:54.971,0.85378,0.85428
2013.03.17 21:08:55.399,0.85374,0.85427
2013.03.17 21:08:55.519,0.85374,0.85434
2013.03.17 21:08:56.883,0.85374,0.85436
2013.03.17 21:09:00.539,0.85374,0.85431
2013.03.17 21:09:00.599,0.8538,0.85431
2013.03.17 21:09:00.967,0.8538,0.85431
2013.03.17 21:09:01.640,0.8538,0.8543
2013.03.17 21:09:01.839,0.8538,0.8543
2013.03.17 21:09:01.959,0.85375,0.8543
2013.03.17 21:09:02.041,0.85375,0.8543
2013.03.17 21:09:03.229,0.8538,0.8543
2013.03.17 21:09:03.289,0.8538,0.8543
2013.03.17 21:09:04.501,0.8538,0.85431
2013.03.17 21:09:05.571,0.85382,0.85433
2013.03.17 21:09:06.050,0.85383,0.85433
2013.03.17 21:09:06.601,0.85383,0.85429
2013.03.17 21:09:07.134,0.8539,0.85429
2013.03.17 21:09:07.450,0.85393,0.85434
2013.03.17 21:09:07.809,0.85392,0.85435
2013.03.17 21:09:08.709,0.85395,0.85431
2013.03.17 21:09:10.449,0.85395,0.85431
2013.03.17 21:09:10.509,0.85403,0.8543
2013.03.17 21:09:10.989,0.85404,0.8543
2013.03.17 21:09:11.383,0.85404,0.85427
2013.03.17 21:09:12.559,0.85404,0.85428
2013.03.17 21:09:12.999,0.85403,0.85426
2013.03.17 21:09:13.461,0.85404,0.85429
2013.03.17 21:09:13.550,0.85404,0.85427
2013.03.17 21:09:14.117,0.85405,0.85428
2013.03.17 21:09:15.721,0.85402,0.85435
2013.03.17 21:09:15.840,0.85409,0.85437
2013.03.17 21:09:15.959,0.85415,0.8546
2013.03.17 21:09:16.019,0.85415,0.85464
2013.03.17 21:09:16.260,0.85404,0.85473
2013.03.17 21:09:16.319,0.85398,0.85471
2013.03.17 21:09:16.453,0.85397,0.85471
2013.03.17 21:09:16.570,0.85393,0.85457
2013.03.17 21:09:16.749,0.85393,0.85457
2013.03.17 21:09:17.169,0.85371,0.85424
2013.03.17 21:09:17.410,0.85393,0.85447
2013.03.17 21:09:17.530,0.85393,0.85457
2013.03.17 21:09:17.709,0.85399,0.85456
2013.03.17 21:09:18.069,0.85405,0.85459
2013.03.17 21:09:18.249,0.85387,0.85452
2013.03.17 21:09:18.789,0.85405,0.85462
2013.03.17 21:09:19.149,0.85409,0.85453
2013.03.17 21:09:20.742,0.85407,0.85454
2013.03.17 21:09:22.419,0.85407,0.8545
2013.03.17 21:09:22.839,0.85405,0.85451
2013.03.17 21:09:23.933,0.85401,0.85444
2013.03.17 21:09:25.410,0.854,0.85436
2013.03.17 21:09:25.530,0.8538,0.85436
2013.03.17 21:09:25.913,0.85403,0.85432
2013.03.17 21:09:26.208,0.85381,0.85428
2013.03.17 21:09:26.960,0.85395,0.85423
2013.03.17 21:09:27.199,0.85377,0.85429
2013.03.17 21:09:27.259,0.85377,0.8543
2013.03.17 21:09:27.329,0.85389,0.8543
2013.03.17 21:09:27.389,0.85389,0.8543
2013.03.17 21:09:27.509,0.85374,0.8543
2013.03.17 21:09:27.649,0.85392,0.85428
2013.03.17 21:09:27.830,0.85377,0.85431
2013.03.17 21:09:27.889,0.85388,0.85431
2013.03.17 21:09:27.973,0.85388,0.85431
2013.03.17 21:09:28.339,0.85376,0.85429
2013.03.17 21:09:28.579,0.85377,0.85431
2013.03.17 21:09:29.179,0.85373,0.85431
2013.03.17 21:09:29.239,0.85391,0.85429
2013.03.17 21:09:29.789,0.8539,0.85433
2013.03.17 21:09:30.029,0.8539,0.85432
2013.03.17 21:09:30.679,0.85384,0.85427
2013.03.17 21:09:33.529,0.85384,0.85427
2013.03.17 21:09:33.889,0.85396,0.85421
2013.03.17 21:09:34.520,0.85388,0.85422
2013.03.17 21:09:34.819,0.85374,0.85424
2013.03.17 21:09:34.879,0.85391,0.85424
2013.03.17 21:09:35.239,0.85388,0.85425
2013.03.17 21:09:35.479,0.85387,0.85421
2013.03.17 21:09:35.839,0.85368,0.85422
2013.03.17 21:09:35.899,0.85383,0.85421
2013.03.17 21:09:36.259,0.85388,0.85424
2013.03.17 21:09:39.216,0.85389,0.85423
2013.03.17 21:09:40.869,0.85374,0.85423
2013.03.17 21:09:40.929,0.85374,0.85424
2013.03.17 21:09:41.439,0.85376,0.85425
2013.03.17 21:09:41.992,0.85376,0.85425
2013.03.17 21:09:42.050,0.85377,0.85427
2013.03.17 21:09:46.509,0.85392,0.85429
2013.03.17 21:09:46.570,0.85392,0.8543
2013.03.17 21:09:53.461,0.85397,0.8543
2013.03.17 21:09:53.909,0.85376,0.85426
2013.03.17 21:09:54.419,0.85391,0.85419
2013.03.17 21:09:54.743,0.85391,0.8541
2013.03.17 21:09:55.092,0.85386,0.8541
2013.03.17 21:09:55.339,0.85382,0.85409
2013.03.17 21:09:55.400,0.85384,0.85409
2013.03.17 21:09:55.640,0.85381,0.8541
2013.03.17 21:09:58.819,0.85382,0.8541
2013.03.17 21:09:59.432,0.85383,0.8541
2013.03.17 21:09:59.489,0.85387,0.8541
2013.03.17 21:09:59.849,0.8539,0.85409
2013.03.17 21:10:02.029,0.85387,0.85409
2013.03.17 21:10:05.320,0.85391,0.85409
2013.03.17 21:10:05.619,0.85369,0.85409
2013.03.17 21:10:05.989,0.85392,0.85408
2013.03.17 21:10:06.109,0.85384,0.85408
2013.03.17 21:10:06.640,0.85383,0.85409
2013.03.17 21:10:06.835,0.85389,0.85409
2013.03.17 21:10:07.430,0.85383,0.85409
2013.03.17 21:10:08.640,0.85384,0.85409
2013.03.17 21:10:09.489,0.85386,0.85409
2013.03.17 21:10:10.799,0.85393,0.85409
2013.03.17 21:10:12.429,0.8538,0.85425
2013.03.17 21:10:12.489,0.85397,0.85426
2013.03.17 21:10:18.530,0.85397,0.85428
2013.03.17 21:10:18.844,0.85397,0.85426
2013.03.17 21:10:19.373,0.85397,0.85422
2013.03.17 21:10:19.959,0.85397,0.85425
2013.03.17 21:10:21.929,0.85397,0.85423
2013.03.17 21:10:22.229,0.85397,0.85425
2013.03.17 21:10:22.480,0.85397,0.85423
2013.03.17 21:10:22.879,0.85397,0.85426
2013.03.17 21:10:22.999,0.85397,0.85423
2013.03.17 21:10:23.120,0.85397,0.85426
2013.03.17 21:10:24.659,0.85398,0.85424
2013.03.17 21:10:24.719,0.85398,0.85424
2013.03.17 21:10:25.055,0.85398,0.85424
2013.03.17 21:10:25.229,0.85382,0.85424
2013.03.17 21:10:26.529,0.85396,0.85428
2013.03.17 21:10:26.649,0.85396,0.85425
2013.03.17 21:10:27.199,0.85396,0.85427
2013.03.17 21:10:28.053,0.85396,0.85421
2013.03.17 21:10:28.399,0.85381,0.8542
2013.03.17 21:10:28.519,0.85381,0.85422
2013.03.17 21:10:28.639,0.85396,0.85424
2013.03.17 21:10:28.699,0.85396,0.85424
2013.03.17 21:10:29.560,0.85398,0.85425
2013.03.17 21:10:30.119,0.85398,0.85426
2013.03.17 21:10:30.752,0.85398,0.85423
2013.03.17 21:10:31.019,0.85398,0.85426
2013.03.17 21:10:31.319,0.85398,0.85424
2013.03.17 21:10:31.863,0.85398,0.85423
2013.03.17 21:10:32.229,0.85398,0.85427
2013.03.17 21:10:32.289,0.85398,0.85427
2013.03.17 21:10:33.869,0.85398,0.85422
2013.03.17 21:10:33.990,0.85392,0.85422
2013.03.17 21:10:34.299,0.85392,0.85422
2013.03.17 21:10:34.519,0.85392,0.85421
2013.03.17 21:10:35.880,0.85404,0.85421
2013.03.17 21:10:36.001,0.85404,0.85428
2013.03.17 21:10:37.070,0.85404,0.85428
2013.03.17 21:10:38.429,0.85405,0.85428
2013.03.17 21:10:41.659,0.85405,0.85428
2013.03.17 21:10:42.392,0.85405,0.85427
2013.03.17 21:10:42.790,0.85405,0.85428
2013.03.17 21:10:43.570,0.85405,0.85428
2013.03.17 21:10:44.540,0.85405,0.85428
2013.03.17 21:10:45.389,0.85405,0.85425
2013.03.17 21:10:46.447,0.85405,0.85425
2013.03.17 21:10:48.747,0.85405,0.85425
2013.03.17 21:10:48.869,0.85387,0.85428
2013.03.17 21:10:48.989,0.85403,0.85428
2013.03.17 21:10:49.110,0.85391,0.85429
2013.03.17 21:10:50.239,0.85395,0.85432
2013.03.17 21:10:52.970,0.85392,0.85428
2013.03.17 21:10:55.347,0.85392,0.85428
2013.03.17 21:10:57.101,0.85392,0.85428
2013.03.17 21:10:57.280,0.85391,0.85449
2013.03.17 21:10:57.339,0.85391,0.8545
2013.03.17 21:10:57.541,0.85392,0.8545
2013.03.17 21:10:58.290,0.85392,0.8545
2013.03.17 21:10:58.626,0.85392,0.85451
2013.03.17 21:11:01.464,0.85392,0.85453
2013.03.17 21:11:01.890,0.85392,0.85454
2013.03.17 21:11:02.120,0.85392,0.85454
2013.03.17 21:11:02.430,0.85392,0.85445
2013.03.17 21:11:02.740,0.85392,0.85429
2013.03.17 21:11:03.650,0.85391,0.8545
2013.03.17 21:11:03.890,0.85391,0.85424
2013.03.17 21:11:04.190,0.85391,0.85439
2013.03.17 21:11:04.410,0.85391,0.85429
2013.03.17 21:11:04.690,0.85392,0.85434
2013.03.17 21:11:04.810,0.85392,0.85408
2013.03.17 21:11:05.240,0.85391,0.85437
2013.03.17 21:11:05.366,0.85391,0.85406
2013.03.17 21:11:05.670,0.85391,0.85437
2013.03.17 21:11:06.230,0.85391,0.85441
2013.03.17 21:11:06.949,0.85392,0.85436
2013.03.17 21:11:08.550,0.85392,0.85435
2013.03.17 21:11:11.920,0.85392,0.85435
2013.03.17 21:11:21.479,0.85392,0.85438
2013.03.17 21:11:23.860,0.85392,0.85438
2013.03.17 21:11:26.889,0.85392,0.85438
2013.03.17 21:11:27.429,0.85392,0.85438
2013.03.17 21:11:27.787,0.85392,0.85438
2013.03.17 21:11:28.062,0.85392,0.85438
2013.03.17 21:11:28.239,0.85392,0.85438
2013.03.17 21:11:33.060,0.85391,0.85462
2013.03.17 21:11:34.301,0.85391,0.85462
2013.03.17 21:11:34.803,0.85391,0.85461
2013.03.17 21:11:34.940,0.85391,0.85457
2013.03.17 21:11:35.920,0.85391,0.85459
2013.03.17 21:11:37.274,0.85391,0.8546
2013.03.17 21:11:38.739,0.85391,0.85462
2013.03.17 21:11:38.859,0.85391,0.8546
2013.03.17 21:11:39.553,0.85391,0.85459
2013.03.17 21:11:40.239,0.85391,0.8546
2013.03.17 21:11:40.624,0.85391,0.8546
2013.03.17 21:11:40.800,0.85391,0.8546
2013.03.17 21:11:42.899,0.85391,0.8546
2013.03.17 21:11:44.940,0.85391,0.85461
2013.03.17 21:11:45.256,0.85392,0.85462
2013.03.17 21:11:45.571,0.85394,0.85468
2013.03.17 21:11:45.639,0.85394,0.85463
2013.03.17 21:11:45.939,0.85395,0.85465
2013.03.17 21:11:46.060,0.85393,0.85464
2013.03.17 21:11:46.569,0.85393,0.85461
2013.03.17 21:11:46.629,0.85393,0.85463
2013.03.17 21:11:46.689,0.85391,0.85461
2013.03.17 21:11:46.809,0.85394,0.85465
2013.03.17 21:11:47.119,0.85391,0.85462
2013.03.17 21:11:47.179,0.85391,0.85462
2013.03.17 21:11:47.713,0.85393,0.85463
2013.03.17 21:11:48.100,0.85396,0.85466
2013.03.17 21:11:48.661,0.85395,0.85466
2013.03.17 21:11:48.980,0.85395,0.85469
2013.03.17 21:11:49.040,0.85395,0.85467
2013.03.17 21:11:50.502,0.854,0.8547
2013.03.17 21:11:50.630,0.85394,0.85465
2013.03.17 21:11:51.070,0.85401,0.8547
2013.03.17 21:11:51.210,0.85395,0.85467
2013.03.17 21:11:51.390,0.854,0.85468
2013.03.17 21:11:51.821,0.85407,0.85468
2013.03.17 21:11:52.200,0.85415,0.85467
2013.03.17 21:11:53.652,0.85415,0.85469
2013.03.17 21:11:53.959,0.85417,0.85469
2013.03.17 21:11:54.460,0.85416,0.85469
2013.03.17 21:11:54.999,0.85417,0.85469
2013.03.17 21:11:55.890,0.85416,0.8547
2013.03.17 21:11:57.820,0.85417,0.8547
2013.03.17 21:11:58.000,0.85414,0.8547
2013.03.17 21:11:58.370,0.85416,0.85469
2013.03.17 21:11:58.610,0.85412,0.85469
2013.03.17 21:11:59.561,0.85412,0.85469
2013.03.17 21:11:59.799,0.85413,0.85469
2013.03.17 21:12:00.141,0.85415,0.85469
2013.03.17 21:12:00.339,0.85413,0.85467
2013.03.17 21:12:00.545,0.85415,0.85467
2013.03.17 21:12:00.930,0.85419,0.85467
2013.03.17 21:12:01.010,0.85416,0.85467
2013.03.17 21:12:01.440,0.85418,0.85467
2013.03.17 21:12:02.010,0.85417,0.85467
2013.03.17 21:12:03.090,0.85417,0.85467
2013.03.17 21:12:03.750,0.85414,0.85468
2013.03.17 21:12:04.860,0.8541,0.85468
2013.03.17 21:12:05.300,0.85399,0.85469
2013.03.17 21:12:05.610,0.85399,0.85471
2013.03.17 21:12:06.113,0.854,0.85471
2013.03.17 21:12:06.191,0.85406,0.85471
2013.03.17 21:12:06.840,0.85405,0.85471
2013.03.17 21:12:07.260,0.85403,0.85471
2013.03.17 21:12:08.550,0.85404,0.85471
2013.03.17 21:12:09.146,0.85402,0.85471
2013.03.17 21:12:10.341,0.85402,0.85471
2013.03.17 21:12:11.112,0.85402,0.85471
2013.03.17 21:12:11.660,0.85403,0.85471
2013.03.17 21:12:12.330,0.85401,0.85471
2013.03.17 21:12:13.256,0.85403,0.85471
2013.03.17 21:12:13.811,0.85403,0.85471
2013.03.17 21:12:14.660,0.85403,0.85471
2013.03.17 21:12:17.661,0.85405,0.85471
2013.03.17 21:12:18.285,0.8541,0.85471
2013.03.17 21:12:18.900,0.85408,0.85471
2013.03.17 21:12:19.490,0.85409,0.85471
2013.03.17 21:12:20.590,0.85411,0.85471
2013.03.17 21:12:23.576,0.85409,0.85471
2013.03.17 21:12:23.645,0.85407,0.85471
2013.03.17 21:12:23.712,0.85411,0.85471
2013.03.17 21:12:23.795,0.85409,0.85471
2013.03.17 21:12:23.851,0.85406,0.85471
2013.03.17 21:12:23.911,0.85406,0.85471
2013.03.17 21:12:24.032,0.85407,0.85471
2013.03.17 21:12:24.786,0.85406,0.85471
2013.03.17 21:12:25.365,0.85404,0.85471
2013.03.17 21:12:29.367,0.85408,0.85468
2013.03.17 21:12:29.551,0.85405,0.85468
2013.03.17 21:12:30.592,0.85403,0.85468
2013.03.17 21:12:31.115,0.85403,0.85468
2013.03.17 21:12:32.093,0.85401,0.85468
2013.03.17 21:12:33.072,0.85398,0.85463
2013.03.17 21:12:33.191,0.85398,0.85461
2013.03.17 21:12:33.741,0.85395,0.85459
2013.03.17 21:12:34.071,0.85394,0.85459
2013.03.17 21:12:34.732,0.85391,0.85432
2013.03.17 21:12:35.161,0.85391,0.85427
2013.03.17 21:12:35.540,0.85391,0.85432
2013.03.17 21:12:35.672,0.85392,0.85426
2013.03.17 21:12:36.252,0.85392,0.85423
2013.03.17 21:12:36.661,0.85392,0.85419
2013.03.17 21:12:37.163,0.85392,0.8542
2013.03.17 21:12:37.483,0.85406,0.8547
2013.03.17 21:12:37.601,0.85409,0.85471
2013.03.17 21:12:37.724,0.85412,0.85483
2013.03.17 21:12:38.911,0.85409,0.85473
2013.03.17 21:12:38.972,0.85409,0.85469
2013.03.17 21:12:40.922,0.85408,0.85469
2013.03.17 21:12:42.004,0.85408,0.85469
2013.03.17 21:12:44.501,0.85408,0.85468
2013.03.17 21:12:49.181,0.85404,0.85468
2013.03.17 21:13:00.202,0.85405,0.85468
2013.03.17 21:13:00.652,0.85405,0.85469
2013.03.17 21:13:01.214,0.85405,0.85468
2013.03.17 21:13:01.736,0.85405,0.85468
2013.03.17 21:13:11.424,0.854,0.85468
2013.03.17 21:13:13.177,0.85404,0.85469
2013.03.17 21:13:13.253,0.85399,0.85468
2013.03.17 21:13:13.312,0.85404,0.85468
2013.03.17 21:13:13.371,0.85404,0.85469
2013.03.17 21:13:13.792,0.85408,0.85469
2013.03.17 21:13:14.213,0.85408,0.85469
2013.03.17 21:13:14.334,0.85407,0.85468
2013.03.17 21:13:14.691,0.85419,0.85469
2013.03.17 21:13:14.813,0.854,0.85467
2013.03.17 21:13:14.931,0.854,0.85469
2013.03.17 21:13:15.113,0.85401,0.85467
2013.03.17 21:13:15.233,0.85398,0.85469
2013.03.17 21:13:15.352,0.85398,0.85469
2013.03.17 21:13:15.682,0.85398,0.85456
2013.03.17 21:13:16.191,0.85399,0.85454
2013.03.17 21:13:17.403,0.85399,0.85455
2013.03.17 21:13:17.532,0.85399,0.85456
2013.03.17 21:13:18.921,0.85393,0.85458
2013.03.17 21:13:18.982,0.85392,0.85454
2013.03.17 21:13:19.101,0.85392,0.85454
2013.03.17 21:13:19.281,0.85392,0.85454
2013.03.17 21:13:19.842,0.85391,0.85452
2013.03.17 21:13:21.969,0.85391,0.85454
2013.03.17 21:13:28.962,0.85391,0.8546
2013.03.17 21:13:32.911,0.85391,0.85463
2013.03.17 21:13:34.499,0.85391,0.85463
2013.03.17 21:13:34.623,0.85394,0.85463
2013.03.17 21:13:35.162,0.85392,0.85463
2013.03.17 21:13:40.166,0.85392,0.85464
2013.03.17 21:13:40.500,0.85393,0.85463
2013.03.17 21:13:42.555,0.85393,0.85465
2013.03.17 21:13:43.135,0.85394,0.85449
2013.03.17 21:13:43.382,0.85391,0.85463
2013.03.17 21:13:47.543,0.85391,0.85463
2013.03.17 21:13:48.292,0.85393,0.85464
2013.03.17 21:13:48.621,0.854,0.85447
2013.03.17 21:13:49.295,0.854,0.85447
2013.03.17 21:13:50.171,0.85401,0.85447
2013.03.17 21:13:50.781,0.85399,0.85447
2013.03.17 21:13:51.312,0.85401,0.85447
2013.03.17 21:13:51.552,0.85401,0.85469
2013.03.17 21:13:52.901,0.85402,0.85468
2013.03.17 21:13:53.662,0.85401,0.85468
2013.03.17 21:13:54.541,0.85399,0.85469
2013.03.17 21:13:54.602,0.85397,0.85466
2013.03.17 21:13:54.721,0.85395,0.85466
2013.03.17 21:13:55.091,0.854,0.85466
2013.03.17 21:13:55.636,0.85396,0.85466
2013.03.17 21:13:58.032,0.85395,0.85459
2013.03.17 21:13:59.312,0.85395,0.85461
2013.03.17 21:13:59.552,0.85395,0.8546
2013.03.17 21:13:59.792,0.85394,0.8546
2013.03.17 21:13:59.972,0.85394,0.8546
2013.03.17 21:14:00.332,0.85398,0.85463
2013.03.17 21:14:01.268,0.85398,0.85463
2013.03.17 21:14:01.352,0.85399,0.85467
2013.03.17 21:14:01.471,0.85397,0.85467
2013.03.17 21:14:01.592,0.85398,0.85468
2013.03.17 21:14:01.713,0.85396,0.85467
2013.03.17 21:14:02.024,0.85393,0.85464
2013.03.17 21:14:02.092,0.85394,0.85464
2013.03.17 21:14:02.212,0.85395,0.85465
2013.03.17 21:14:02.502,0.85397,0.85465
2013.03.17 21:14:02.812,0.854,0.85469
2013.03.17 21:14:02.996,0.854,0.85469
2013.03.17 21:14:03.628,0.854,0.85469
2013.03.17 21:14:04.179,0.854,0.85469
2013.03.17 21:14:04.703,0.85399,0.85469
2013.03.17 21:14:05.264,0.85398,0.85469
2013.03.17 21:14:08.431,0.85397,0.85467
2013.03.17 21:14:08.971,0.85397,0.85467
2013.03.17 21:14:09.389,0.85399,0.85469
2013.03.17 21:14:09.782,0.85397,0.85469
2013.03.17 21:14:09.943,0.85397,0.85469
2013.03.17 21:14:10.668,0.85397,0.85468
2013.03.17 21:14:10.733,0.85396,0.85467
2013.03.17 21:14:10.793,0.85396,0.85466
2013.03.17 21:14:11.305,0.85398,0.85466
2013.03.17 21:14:11.631,0.85398,0.85468
2013.03.17 21:14:13.562,0.854,0.85468
2013.03.17 21:14:13.942,0.85402,0.85468
2013.03.17 21:14:15.791,0.85404,0.85468
2013.03.17 21:14:16.232,0.85404,0.85468
2013.03.17 21:14:17.197,0.85404,0.85469
2013.03.17 21:14:18.607,0.85403,0.85469
2013.03.17 21:14:18.732,0.85403,0.85468
2013.03.17 21:14:18.851,0.85404,0.85468
2013.03.17 21:14:19.366,0.85404,0.85468
2013.03.17 21:14:23.162,0.85404,0.85468
2013.03.17 21:14:28.262,0.85404,0.85468
2013.03.17 21:14:28.571,0.85404,0.85468
2013.03.17 21:14:29.304,0.85403,0.85468
2013.03.17 21:14:29.806,0.854,0.85468
2013.03.17 21:14:29.883,0.85399,0.85468
2013.03.17 21:14:30.222,0.85399,0.85468
2013.03.17 21:14:30.738,0.854,0.85468
2013.03.17 21:14:31.168,0.85402,0.85468
2013.03.17 21:14:31.609,0.85405,0.85468
2013.03.17 21:14:31.932,0.85403,0.85468
2013.03.17 21:14:32.302,0.85401,0.85468
2013.03.17 21:14:32.422,0.85403,0.85468
2013.03.17 21:14:32.752,0.85405,0.85468
2013.03.17 21:14:33.181,0.85406,0.85468
2013.03.17 21:14:33.301,0.85403,0.85468
2013.03.17 21:14:34.755,0.85403,0.85468
2013.03.17 21:14:36.464,0.85406,0.85468
2013.03.17 21:14:36.531,0.85414,0.85468
2013.03.17 21:14:37.172,0.85415,0.85469
2013.03.17 21:14:37.841,0.8541,0.85469
2013.03.17 21:14:37.913,0.85406,0.85469
2013.03.17 21:14:38.516,0.85406,0.85468
2013.03.17 21:14:39.141,0.85406,0.85468
2013.03.17 21:14:39.201,0.85406,0.85468
2013.03.17 21:14:39.653,0.85405,0.85468
2013.03.17 21:14:39.771,0.85402,0.85469
2013.03.17 21:14:40.212,0.85403,0.85444
2013.03.17 21:14:40.702,0.85399,0.85442
2013.03.17 21:14:41.070,0.85399,0.85442
2013.03.17 21:14:41.197,0.85399,0.85436
2013.03.17 21:14:41.715,0.85396,0.85434
2013.03.17 21:14:42.181,0.85395,0.85434
2013.03.17 21:14:42.241,0.85395,0.85429
2013.03.17 21:14:42.671,0.85393,0.85424
2013.03.17 21:14:43.192,0.85392,0.8542
2013.03.17 21:14:43.641,0.85391,0.85417
2013.03.17 21:14:43.942,0.85401,0.85455
2013.03.17 21:14:44.001,0.85401,0.85461
2013.03.17 21:14:44.062,0.85412,0.85461
2013.03.17 21:14:44.244,0.85414,0.85469
2013.03.17 21:14:44.789,0.85414,0.85468
2013.03.17 21:14:45.072,0.85411,0.85468
2013.03.17 21:14:45.785,0.85409,0.85469
2013.03.17 21:14:46.398,0.85409,0.85468
2013.03.17 21:14:49.532,0.85411,0.85468
2013.03.17 21:14:50.068,0.85411,0.85433
2013.03.17 21:14:50.132,0.85394,0.85433
2013.03.17 21:14:50.312,0.85392,0.85433
2013.03.17 21:14:50.672,0.85392,0.85461
2013.03.17 21:14:50.731,0.85415,0.85467
2013.03.17 21:14:50.853,0.85415,0.85474
2013.03.17 21:14:50.912,0.85419,0.85489
2013.03.17 21:14:51.916,0.85424,0.85479
2013.03.17 21:14:54.732,0.85423,0.85479
2013.03.17 21:14:56.802,0.85422,0.85479
2013.03.17 21:14:58.132,0.85422,0.85444
2013.03.17 21:14:58.312,0.8541,0.85444
2013.03.17 21:14:58.836,0.85411,0.85444
2013.03.17 21:14:58.904,0.85421,0.85474
2013.03.17 21:14:59.023,0.85423,0.85474
2013.03.17 21:14:59.083,0.85423,0.85474
2013.03.17 21:14:59.204,0.85425,0.85479
2013.03.17 21:15:01.037,0.85424,0.85479
2013.03.17 21:15:01.632,0.85422,0.85479
2013.03.17 21:15:01.753,0.85418,0.85469
2013.03.17 21:15:01.812,0.85419,0.85468
2013.03.17 21:15:02.172,0.85424,0.85468
2013.03.17 21:15:02.592,0.85426,0.85468
2013.03.17 21:15:03.117,0.85424,0.85468
2013.03.17 21:15:03.371,0.85422,0.85468
2013.03.17 21:15:03.931,0.85422,0.85468
2013.03.17 21:15:05.932,0.85422,0.85468
2013.03.17 21:15:06.053,0.85422,0.85468
2013.03.17 21:15:06.112,0.85423,0.85468
2013.03.17 21:15:06.652,0.85422,0.85468
2013.03.17 21:15:12.218,0.85422,0.85468
2013.03.17 21:15:12.401,0.85422,0.85468
2013.03.17 21:15:12.702,0.85422,0.85468
2013.03.17 21:15:14.733,0.85423,0.85468
2013.03.17 21:15:15.115,0.85422,0.85468
2013.03.17 21:15:15.173,0.85422,0.85468
2013.03.17 21:15:16.582,0.85422,0.85468
2013.03.17 21:15:18.992,0.85422,0.85468
2013.03.17 21:15:20.441,0.85423,0.85468
2013.03.17 21:15:21.001,0.85423,0.85468
2013.03.17 21:15:21.854,0.85422,0.85468
2013.03.17 21:15:21.914,0.85422,0.85468
2013.03.17 21:15:30.693,0.85422,0.85468
2013.03.17 21:15:31.142,0.85422,0.85468
2013.03.17 21:15:36.882,0.85422,0.85468
2013.03.17 21:15:45.104,0.85422,0.85468
2013.03.17 21:15:50.790,0.85422,0.85468
2013.03.17 21:15:54.861,0.85422,0.85468
2013.03.17 21:15:55.732,0.85423,0.85468
2013.03.17 21:16:08.751,0.85422,0.85468
2013.03.17 21:16:09.351,0.85422,0.85468
2013.03.17 21:16:09.412,0.85425,0.85486
2013.03.17 21:16:09.532,0.85426,0.85495
2013.03.17 21:16:09.652,0.85428,0.85511
2013.03.17 21:16:09.712,0.85427,0.85511
2013.03.17 21:16:10.298,0.85425,0.85521
2013.03.17 21:16:12.082,0.85425,0.85511
2013.03.17 21:16:12.412,0.85426,0.85511
2013.03.17 21:16:13.062,0.85428,0.85511
2013.03.17 21:16:13.628,0.85432,0.85511
2013.03.17 21:16:14.282,0.85433,0.85511
2013.03.17 21:16:15.481,0.85435,0.85511
2013.03.17 21:16:17.561,0.85434,0.85511
2013.03.17 21:16:17.802,0.85436,0.85511
2013.03.17 21:16:18.332,0.85437,0.85511
2013.03.17 21:16:20.610,0.85436,0.85511
2013.03.17 21:16:22.032,0.85437,0.85511
2013.03.17 21:16:23.182,0.85436,0.85511
2013.03.17 21:16:23.452,0.85435,0.85511
2013.03.17 21:16:23.751,0.85437,0.85511
2013.03.17 21:16:26.864,0.85437,0.85511
2013.03.17 21:16:27.671,0.85437,0.85511
2013.03.17 21:16:27.981,0.85435,0.85511
2013.03.17 21:16:28.101,0.85437,0.85511
2013.03.17 21:16:31.152,0.85439,0.85511
2013.03.17 21:16:31.408,0.85444,0.85533
2013.03.17 21:16:31.602,0.85442,0.85521
2013.03.17 21:16:31.723,0.8544,0.85526
2013.03.17 21:16:31.783,0.85436,0.85526
2013.03.17 21:16:31.962,0.85435,0.85512
2013.03.17 21:16:32.502,0.85433,0.85527
2013.03.17 21:16:33.051,0.8543,0.85526
2013.03.17 21:16:33.662,0.85426,0.85493
2013.03.17 21:16:33.902,0.85434,0.8551
2013.03.17 21:16:34.202,0.8543,0.85479
2013.03.17 21:16:34.443,0.85433,0.85518
2013.03.17 21:16:34.682,0.85431,0.85486
2013.03.17 21:16:34.743,0.85431,0.85486
2013.03.17 21:16:34.803,0.85431,0.85486
2013.03.17 21:16:34.922,0.85434,0.8552
2013.03.17 21:16:34.982,0.85435,0.8552
2013.03.17 21:16:35.102,0.85435,0.85534
2013.03.17 21:16:35.163,0.85431,0.85509
2013.03.17 21:16:35.462,0.85434,0.85516
2013.03.17 21:16:35.522,0.85433,0.85533
2013.03.17 21:16:35.672,0.85433,0.85475
2013.03.17 21:16:35.733,0.85427,0.85475
2013.03.17 21:16:35.793,0.85424,0.85475
2013.03.17 21:16:35.872,0.85426,0.85475
2013.03.17 21:16:35.932,0.85433,0.855
2013.03.17 21:16:36.112,0.85432,0.85529
2013.03.17 21:16:36.172,0.85427,0.85514
2013.03.17 21:16:36.473,0.85428,0.85495
2013.03.17 21:16:36.713,0.85437,0.85538
2013.03.17 21:16:36.772,0.85435,0.85538
2013.03.17 21:16:37.302,0.85435,0.85537
2013.03.17 21:16:37.942,0.85432,0.85527
2013.03.17 21:16:38.003,0.85428,0.85528
2013.03.17 21:16:38.607,0.85428,0.85528
2013.03.17 21:16:38.802,0.85427,0.85527
2013.03.17 21:16:39.103,0.85426,0.85532
2013.03.17 21:16:44.202,0.85437,0.85527
2013.03.17 21:16:54.632,0.85439,0.85521
2013.03.17 21:17:24.111,0.85434,0.85521
2013.03.17 21:17:54.782,0.8543,0.85507
2013.03.17 21:17:57.142,0.85429,0.85503
2013.03.17 21:17:57.752,0.85427,0.85521
2013.03.17 21:17:58.252,0.85427,0.8551
2013.03.17 21:17:58.571,0.85448,0.85504
2013.03.17 21:17:59.371,0.85448,0.85504
2013.03.17 21:18:01.441,0.85448,0.85503
2013.03.17 21:18:02.132,0.85448,0.85503
2013.03.17 21:18:02.687,0.85448,0.85504
2013.03.17 21:18:05.152,0.85447,0.85502
2013.03.17 21:18:05.511,0.85447,0.85502
2013.03.17 21:18:06.202,0.85447,0.855
2013.03.17 21:18:06.442,0.85428,0.85498
2013.03.17 21:18:06.562,0.85418,0.85499
2013.03.17 21:18:06.621,0.85416,0.85499
2013.03.17 21:18:06.682,0.85416,0.85482
2013.03.17 21:18:06.801,0.85404,0.85497
2013.03.17 21:18:06.921,0.85405,0.85499
2013.03.17 21:18:10.760,0.85406,0.85499
2013.03.17 21:18:11.002,0.85405,0.85488
2013.03.17 21:18:11.271,0.85404,0.85488
2013.03.17 21:18:11.861,0.85404,0.85488
2013.03.17 21:18:12.222,0.85402,0.85482
2013.03.17 21:18:12.813,0.85402,0.85464
2013.03.17 21:18:13.121,0.8542,0.85464
2013.03.17 21:18:13.422,0.85421,0.85455
2013.03.17 21:18:13.481,0.8542,0.85455
2013.03.17 21:18:13.601,0.85409,0.85455
2013.03.17 21:18:13.902,0.85409,0.85455
2013.03.17 21:18:13.961,0.85409,0.85451
2013.03.17 21:18:14.142,0.8541,0.8548
2013.03.17 21:18:14.202,0.85415,0.85482
2013.03.17 21:18:14.322,0.85416,0.85487
2013.03.17 21:18:14.442,0.85407,0.85488
2013.03.17 21:18:17.571,0.85406,0.85477
2013.03.17 21:18:18.781,0.85406,0.85486
2013.03.17 21:18:23.522,0.85409,0.85498
2013.03.17 21:18:28.702,0.85409,0.85498
2013.03.17 21:18:30.367,0.85409,0.85493
2013.03.17 21:18:31.552,0.85409,0.85498
2013.03.17 21:18:36.912,0.85409,0.85498
2013.03.17 21:18:37.485,0.85409,0.85498
2013.03.17 21:18:42.114,0.85406,0.85498
2013.03.17 21:18:48.932,0.85404,0.85459
2013.03.17 21:18:48.992,0.85399,0.85459
2013.03.17 21:18:49.781,0.854,0.85459
2013.03.17 21:18:50.452,0.85401,0.85441
2013.03.17 21:18:50.921,0.85405,0.85441
2013.03.17 21:18:50.982,0.85407,0.85477
2013.03.17 21:18:54.652,0.85399,0.8546
2013.03.17 21:18:57.263,0.85405,0.85458
2013.03.17 21:18:58.871,0.85408,0.85458
2013.03.17 21:18:59.062,0.85407,0.85458
2013.03.17 21:18:59.242,0.85407,0.85455
2013.03.17 21:18:59.822,0.85402,0.85455
2013.03.17 21:19:03.101,0.85406,0.85451
2013.03.17 21:19:03.462,0.85406,0.85456
2013.03.17 21:19:17.202,0.85397,0.85463
2013.03.17 21:19:25.221,0.85414,0.85461
2013.03.17 21:19:27.941,0.85419,0.85461
2013.03.17 21:19:29.622,0.85423,0.85464
2013.03.17 21:19:30.281,0.85419,0.8546
2013.03.17 21:19:33.571,0.85415,0.85457
2013.03.17 21:19:37.231,0.85415,0.85458
2013.03.17 21:19:40.932,0.85418,0.85462
2013.03.17 21:19:44.443,0.85417,0.85463
2013.03.17 21:19:55.361,0.85423,0.85463
2013.03.17 21:19:57.692,0.85408,0.85465
2013.03.17 21:20:06.672,0.85424,0.85461
2013.03.17 21:20:06.794,0.85421,0.85462
2013.03.17 21:20:06.942,0.85419,0.85462
2013.03.17 21:20:07.772,0.85422,0.85459
2013.03.17 21:20:11.072,0.85425,0.85463
2013.03.17 21:20:12.532,0.85418,0.8546
2013.03.17 21:20:26.172,0.85424,0.85463
2013.03.17 21:20:26.471,0.85424,0.85463
2013.03.17 21:20:35.623,0.85425,0.85463
2013.03.17 21:20:35.872,0.8542,0.85465
2013.03.17 21:20:40.343,0.854,0.85444
2013.03.17 21:20:40.645,0.85398,0.85453
2013.03.17 21:20:40.883,0.85398,0.85455
2013.03.17 21:20:40.942,0.85398,0.85457
2013.03.17 21:20:41.003,0.85398,0.85459
2013.03.17 21:20:41.062,0.85398,0.85463
2013.03.17 21:20:46.112,0.85399,0.85466
2013.03.17 21:20:46.737,0.85399,0.85466
2013.03.17 21:20:49.842,0.85415,0.85464
2013.03.17 21:20:59.711,0.85415,0.85463
2013.03.17 21:21:00.251,0.85415,0.85463
2013.03.17 21:21:04.455,0.85418,0.85463
2013.03.17 21:21:07.831,0.85418,0.85462
2013.03.17 21:21:09.351,0.85418,0.85462
2013.03.17 21:21:10.088,0.85418,0.85463
2013.03.17 21:21:10.652,0.85418,0.85461
2013.03.17 21:21:11.631,0.85418,0.85461
2013.03.17 21:21:12.704,0.85418,0.85463
2013.03.17 21:21:13.081,0.85418,0.85466
2013.03.17 21:21:13.682,0.85418,0.85465
2013.03.17 21:21:14.782,0.85418,0.85463
2013.03.17 21:21:15.052,0.85418,0.85466
2013.03.17 21:21:15.391,0.85418,0.85462
2013.03.17 21:21:15.512,0.85418,0.85464
2013.03.17 21:21:16.056,0.85418,0.85466
2013.03.17 21:21:16.622,0.85418,0.85464
2013.03.17 21:21:17.103,0.85416,0.85463
2013.03.17 21:21:17.222,0.85416,0.8546
2013.03.17 21:21:17.462,0.85416,0.85464
2013.03.17 21:21:18.037,0.85416,0.85463
2013.03.17 21:21:18.872,0.85416,0.85459
2013.03.17 21:21:19.131,0.85416,0.85462
2013.03.17 21:21:19.252,0.85416,0.85464
2013.03.17 21:21:19.311,0.85416,0.85459
2013.03.17 21:21:19.641,0.85416,0.85464
2013.03.17 21:21:20.475,0.85416,0.8546
2013.03.17 21:21:20.542,0.85416,0.85464
2013.03.17 21:21:20.954,0.85417,0.85462
2013.03.17 21:21:21.314,0.8542,0.85458
2013.03.17 21:21:21.492,0.85422,0.85461
2013.03.17 21:21:22.055,0.85422,0.85463
2013.03.17 21:21:22.471,0.85419,0.85465
2013.03.17 21:21:23.032,0.85422,0.85464
2013.03.17 21:21:23.461,0.85422,0.85463
2013.03.17 21:21:23.792,0.85421,0.85461
2013.03.17 21:21:27.441,0.85421,0.85461
2013.03.17 21:21:28.132,0.85421,0.85463
2013.03.17 21:21:32.701,0.85421,0.85461
2013.03.17 21:21:33.936,0.85418,0.85461
2013.03.17 21:21:39.581,0.85418,0.85462
2013.03.17 21:21:40.216,0.85418,0.85463
2013.03.17 21:21:40.432,0.85399,0.85462
2013.03.17 21:21:40.552,0.85399,0.85458
2013.03.17 21:21:41.812,0.85399,0.85459
2013.03.17 21:21:47.635,0.85399,0.85462
2013.03.17 21:21:48.871,0.85399,0.8546
2013.03.17 21:21:48.991,0.85399,0.85458
2013.03.17 21:21:51.185,0.85399,0.85459
2013.03.17 21:21:59.592,0.85399,0.85463
2013.03.17 21:22:01.722,0.85399,0.8546
2013.03.17 21:22:09.544,0.85399,0.85458
2013.03.17 21:22:09.852,0.854,0.85458
2013.03.17 21:22:29.573,0.85413,0.85458
2013.03.17 21:22:29.752,0.85397,0.85458
2013.03.17 21:22:30.443,0.85397,0.85459
2013.03.17 21:22:47.824,0.85397,0.85459
2013.03.17 21:22:48.002,0.85397,0.85458
2013.03.17 21:22:48.973,0.85397,0.85458
2013.03.17 21:22:52.312,0.85397,0.85458
2013.03.17 21:22:52.493,0.85397,0.85458
2013.03.17 21:22:52.553,0.85398,0.85458
2013.03.17 21:22:55.832,0.85398,0.85458
2013.03.17 21:22:58.099,0.85398,0.85458
2013.03.17 21:22:58.319,0.85398,0.85458
2013.03.17 21:22:58.442,0.85398,0.85458
2013.03.17 21:22:59.532,0.85398,0.85459
2013.03.17 21:23:05.772,0.85398,0.85458
2013.03.17 21:23:06.500,0.85398,0.85459
2013.03.17 21:23:09.033,0.85398,0.85459
2013.03.17 21:23:09.707,0.85398,0.85459
2013.03.17 21:23:10.213,0.85425,0.85458
2013.03.17 21:23:10.927,0.85426,0.85458
2013.03.17 21:23:11.883,0.85426,0.85459
2013.03.17 21:23:12.143,0.85401,0.85459
2013.03.17 21:23:12.213,0.85401,0.85458
2013.03.17 21:23:12.572,0.85427,0.85458
2013.03.17 21:23:13.602,0.85428,0.85458
2013.03.17 21:23:14.173,0.85428,0.85459
2013.03.17 21:23:15.423,0.85426,0.85459
2013.03.17 21:23:15.794,0.85422,0.85454
2013.03.17 21:23:15.852,0.85422,0.85451
2013.03.17 21:23:15.913,0.854,0.85449
2013.03.17 21:23:17.453,0.85395,0.85452
2013.03.17 21:23:21.252,0.85398,0.85454
2013.03.17 21:23:21.612,0.854,0.85454
2013.03.17 21:23:22.272,0.85421,0.85458
2013.03.17 21:23:23.583,0.85421,0.85458
2013.03.17 21:23:25.232,0.8542,0.85458
2013.03.17 21:23:42.112,0.85423,0.85458
2013.03.17 21:23:42.613,0.85425,0.85458
2013.03.17 21:23:47.484,0.85425,0.85455
2013.03.17 21:23:47.991,0.85425,0.85456
2013.03.17 21:23:55.082,0.85418,0.85456
2013.03.17 21:23:55.202,0.85421,0.85456
2013.03.17 21:24:10.784,0.8542,0.85458
2013.03.17 21:24:11.143,0.85424,0.85458
2013.03.17 21:24:11.682,0.85425,0.85458
2013.03.17 21:24:23.356,0.85428,0.85458
2013.03.17 21:24:25.962,0.8543,0.85458
2013.03.17 21:24:26.084,0.85429,0.85459
2013.03.17 21:24:26.212,0.85422,0.85458
2013.03.17 21:24:26.512,0.85425,0.85458
2013.03.17 21:24:34.173,0.8542,0.85458
2013.03.17 21:24:34.417,0.8543,0.85459
2013.03.17 21:24:35.942,0.85429,0.85451
2013.03.17 21:24:36.003,0.85396,0.85452
2013.03.17 21:24:36.363,0.85397,0.85438
2013.03.17 21:24:36.672,0.85422,0.85459
2013.03.17 21:24:48.682,0.85399,0.85456
2013.03.17 21:25:02.866,0.85396,0.8546
2013.03.17 21:25:08.864,0.85396,0.8546
2013.03.17 21:25:14.863,0.85396,0.8546
2013.03.17 21:25:35.662,0.85421,0.85456
2013.03.17 21:25:37.423,0.854,0.85455
2013.03.17 21:25:40.023,0.85424,0.85459
2013.03.17 21:25:41.672,0.85401,0.85444
2013.03.17 21:25:51.065,0.85398,0.85453
2013.03.17 21:25:58.173,0.85423,0.85463
2013.03.17 21:26:19.333,0.85424,0.85462
2013.03.17 21:26:31.683,0.85439,0.8547
2013.03.17 21:26:31.743,0.85439,0.85473
2013.03.17 21:26:31.803,0.85439,0.85475
2013.03.17 21:26:31.927,0.85444,0.85472
2013.03.17 21:26:34.792,0.85441,0.85474
2013.03.17 21:26:34.973,0.85442,0.85476
2013.03.17 21:26:35.452,0.85448,0.85474
2013.03.17 21:26:42.692,0.85448,0.85471
2013.03.17 21:26:50.893,0.85433,0.8547
2013.03.17 21:26:54.243,0.85447,0.85467
2013.03.17 21:26:55.604,0.85433,0.8547
2013.03.17 21:26:55.664,0.85433,0.8547
2013.03.17 21:26:57.799,0.85434,0.85469
2013.03.17 21:26:58.303,0.8543,0.85469
2013.03.17 21:26:58.899,0.85448,0.85468
2013.03.17 21:26:59.247,0.85447,0.85468
2013.03.17 21:27:02.675,0.85446,0.85468
2013.03.17 21:27:02.743,0.85446,0.85469
2013.03.17 21:27:03.279,0.85446,0.8547
2013.03.17 21:27:03.808,0.85446,0.85469
2013.03.17 21:27:04.362,0.85446,0.85469
2013.03.17 21:27:04.433,0.85446,0.85467
2013.03.17 21:27:04.492,0.85446,0.85467
2013.03.17 21:27:04.947,0.85429,0.85466
2013.03.17 21:27:06.534,0.85444,0.85469
2013.03.17 21:27:06.842,0.85426,0.85466
2013.03.17 21:27:09.073,0.8543,0.85465
2013.03.17 21:27:15.124,0.8543,0.85471
2013.03.17 21:27:23.045,0.85446,0.85469
2013.03.17 21:27:24.673,0.85441,0.85466
2013.03.17 21:27:24.793,0.85433,0.85464
2013.03.17 21:27:24.853,0.8542,0.85465
2013.03.17 21:27:25.412,0.85434,0.85467
2013.03.17 21:27:26.342,0.85434,0.85469
2013.03.17 21:27:26.403,0.85435,0.8547
2013.03.17 21:27:26.462,0.85435,0.85474
2013.03.17 21:27:26.522,0.85439,0.85475
2013.03.17 21:27:26.643,0.85438,0.85479
2013.03.17 21:27:26.763,0.85438,0.85481
2013.03.17 21:27:27.853,0.85436,0.85481
2013.03.17 21:27:29.542,0.85436,0.85481
2013.03.17 21:27:31.152,0.85436,0.85482
2013.03.17 21:27:42.112,0.85436,0.85482
2013.03.17 21:27:42.233,0.85417,0.85479
2013.03.17 21:27:42.593,0.85417,0.85479
2013.03.17 21:27:43.203,0.85427,0.85475
2013.03.17 21:27:43.693,0.85426,0.85471
2013.03.17 21:27:44.203,0.85433,0.8548
2013.03.17 21:27:44.263,0.85433,0.85481
2013.03.17 21:27:50.913,0.85434,0.8549
2013.03.17 21:27:53.034,0.85442,0.85475
2013.03.17 21:27:53.393,0.85451,0.8549
2013.03.17 21:27:55.604,0.85452,0.85488
2013.03.17 21:27:55.843,0.85436,0.85484
2013.03.17 21:27:56.144,0.85429,0.85481
2013.03.17 21:27:56.445,0.8545,0.85486
2013.03.17 21:28:06.104,0.85449,0.85485
2013.03.17 21:28:09.842,0.8545,0.85485
2013.03.17 21:28:14.284,0.85452,0.85484
2013.03.17 21:28:16.483,0.85447,0.85484
2013.03.17 21:28:19.205,0.85448,0.85482
2013.03.17 21:28:19.324,0.85436,0.85482
2013.03.17 21:28:33.103,0.85414,0.85487
2013.03.17 21:28:35.044,0.8542,0.85462
2013.03.17 21:28:36.262,0.85418,0.85468
2013.03.17 21:28:42.994,0.85416,0.85475
2013.03.17 21:28:45.313,0.85433,0.85474
2013.03.17 21:28:45.852,0.8542,0.85479
2013.03.17 21:28:47.163,0.85431,0.85476
2013.03.17 21:28:51.257,0.85436,0.85474
2013.03.17 21:28:53.104,0.85412,0.85474
2013.03.17 21:28:53.574,0.85425,0.85459
2013.03.17 21:28:53.873,0.85409,0.85456
2013.03.17 21:28:59.493,0.85408,0.85455
2013.03.17 21:29:02.814,0.85408,0.85456
2013.03.17 21:29:13.902,0.85413,0.85461
2013.03.17 21:29:15.122,0.85413,0.85461
2013.03.17 21:29:16.194,0.85409,0.85458
2013.03.17 21:29:16.990,0.85411,0.85461
2013.03.17 21:29:19.713,0.85415,0.85463
2013.03.17 21:29:19.952,0.85415,0.85465
2013.03.17 21:29:23.874,0.85415,0.85463
2013.03.17 21:29:24.204,0.85408,0.85458
2013.03.17 21:29:26.085,0.8541,0.8546
2013.03.17 21:29:26.634,0.8541,0.8546
2013.03.17 21:29:27.074,0.85407,0.85455
2013.03.17 21:29:27.193,0.85404,0.85455
2013.03.17 21:29:27.314,0.85406,0.85439
2013.03.17 21:29:27.678,0.85407,0.85439
2013.03.17 21:29:31.063,0.85408,0.85439
2013.03.17 21:29:31.613,0.85407,0.85441
2013.03.17 21:29:31.734,0.85408,0.85441
2013.03.17 21:29:31.853,0.85411,0.85459
2013.03.17 21:29:34.033,0.85411,0.85459
2013.03.17 21:29:35.694,0.85404,0.85452
2013.03.17 21:29:37.184,0.85418,0.85452
2013.03.17 21:29:37.464,0.85403,0.85451
2013.03.17 21:29:38.113,0.85402,0.8545
2013.03.17 21:29:41.683,0.85403,0.85453
2013.03.17 21:29:42.183,0.85405,0.85451
2013.03.17 21:29:42.305,0.854,0.85449
2013.03.17 21:29:42.963,0.85402,0.85454
2013.03.17 21:29:43.023,0.85403,0.85454
2013.03.17 21:29:43.443,0.8541,0.85458
2013.03.17 21:29:43.506,0.8541,0.85457
2013.03.17 21:29:44.116,0.8541,0.85458
2013.03.17 21:29:45.983,0.85407,0.85457
2013.03.17 21:29:46.296,0.85406,0.85456
2013.03.17 21:29:52.193,0.85404,0.85454
2013.03.17 21:29:53.221,0.85402,0.8545
2013.03.17 21:29:54.623,0.85402,0.85452
2013.03.17 21:29:54.932,0.85417,0.85451
2013.03.17 21:29:54.992,0.85403,0.85451
2013.03.17 21:29:55.933,0.85421,0.85455
2013.03.17 21:29:58.473,0.85423,0.85456
2013.03.17 21:29:59.018,0.85423,0.85457
2013.03.17 21:30:00.233,0.85423,0.85456
2013.03.17 21:30:00.754,0.85423,0.85454
2013.03.17 21:30:00.813,0.85419,0.85454
2013.03.17 21:30:01.319,0.8542,0.85454
2013.03.17 21:30:02.763,0.85406,0.85454
2013.03.17 21:30:03.980,0.85409,0.85457
2013.03.17 21:30:05.493,0.85405,0.85456
2013.03.17 21:30:05.874,0.8542,0.85456
2013.03.17 21:30:06.322,0.85404,0.85452
2013.03.17 21:30:09.603,0.85404,0.85454
2013.03.17 21:30:09.963,0.85434,0.85456
2013.03.17 21:30:10.263,0.85434,0.8546
2013.03.17 21:30:10.383,0.85433,0.85463
2013.03.17 21:30:11.396,0.85442,0.85465
2013.03.17 21:30:12.693,0.85445,0.85465
2013.03.17 21:30:13.213,0.85446,0.85465
2013.03.17 21:30:14.443,0.85445,0.85465
2013.03.17 21:30:16.299,0.85444,0.85465
2013.03.17 21:30:16.773,0.85413,0.85465
2013.03.17 21:30:16.843,0.85409,0.85461
2013.03.17 21:30:17.203,0.8544,0.85461
2013.03.17 21:30:18.294,0.85436,0.85456
2013.03.17 21:30:18.413,0.85407,0.85455
2013.03.17 21:30:18.713,0.85403,0.85453
2013.03.17 21:30:18.954,0.85436,0.85456
2013.03.17 21:30:19.014,0.85437,0.85459
2013.03.17 21:30:19.433,0.85437,0.8546
2013.03.17 21:30:20.184,0.85435,0.85457
2013.03.17 21:30:20.303,0.85428,0.85459
2013.03.17 21:30:20.363,0.85428,0.85459
2013.03.17 21:30:20.424,0.85422,0.85454
2013.03.17 21:30:20.543,0.85434,0.85454
2013.03.17 21:30:20.843,0.85435,0.85459
2013.03.17 21:30:21.363,0.85435,0.8546
2013.03.17 21:30:21.424,0.8544,0.85463
2013.03.17 21:30:22.216,0.85442,0.85462
2013.03.17 21:30:22.285,0.85442,0.85463
2013.03.17 21:30:22.791,0.85443,0.85463
2013.03.17 21:30:27.353,0.85442,0.85463
2013.03.17 21:30:27.415,0.85439,0.85457
2013.03.17 21:30:27.546,0.85393,0.85437
2013.03.17 21:30:27.683,0.85407,0.8545
2013.03.17 21:30:27.864,0.85392,0.85452
2013.03.17 21:30:29.654,0.85437,0.85458
2013.03.17 21:30:29.723,0.85437,0.8546
2013.03.17 21:30:29.784,0.85435,0.8546
2013.03.17 21:30:29.963,0.85435,0.85461
2013.03.17 21:30:30.475,0.85435,0.85464
2013.03.17 21:30:32.283,0.85438,0.85462
2013.03.17 21:30:32.722,0.85438,0.85462
2013.03.17 21:30:33.033,0.85438,0.85456
2013.03.17 21:30:33.683,0.85439,0.85458
2013.03.17 21:30:33.803,0.85434,0.85457
2013.03.17 21:30:34.044,0.85431,0.85458
2013.03.17 21:30:34.164,0.85438,0.85461
2013.03.17 21:30:34.553,0.85438,0.85462
2013.03.17 21:30:34.613,0.85435,0.85462
2013.03.17 21:30:34.673,0.85435,0.85464
2013.03.17 21:30:34.794,0.85431,0.85464
2013.03.17 21:30:34.913,0.85433,0.85463
2013.03.17 21:30:35.033,0.85433,0.85465
2013.03.17 21:30:35.093,0.85419,0.85469
2013.03.17 21:30:35.273,0.85434,0.85469
2013.03.17 21:30:35.394,0.85452,0.85475
2013.03.17 21:30:35.453,0.85422,0.85472
2013.03.17 21:30:35.694,0.8542,0.85472
2013.03.17 21:30:35.813,0.85439,0.8547
2013.03.17 21:30:36.173,0.85418,0.85468
2013.03.17 21:30:36.233,0.85417,0.85465
2013.03.17 21:30:36.360,0.85418,0.85466
2013.03.17 21:30:36.552,0.85423,0.85471
2013.03.17 21:30:37.059,0.85423,0.85473
2013.03.17 21:30:37.124,0.85423,0.85473
2013.03.17 21:30:38.474,0.85449,0.8548
2013.03.17 21:30:38.894,0.8543,0.85458
2013.03.17 21:30:42.543,0.8543,0.8546
2013.03.17 21:30:43.160,0.85432,0.85459
2013.03.17 21:30:43.683,0.85432,0.85458
2013.03.17 21:30:48.784,0.85423,0.85471
2013.03.17 21:30:53.443,0.85432,0.85459
2013.03.17 21:30:53.983,0.85431,0.8546
2013.03.17 21:30:59.774,0.85431,0.85479
2013.03.17 21:31:04.829,0.85431,0.85479
2013.03.17 21:31:40.074,0.85445,0.85474
2013.03.17 21:31:40.396,0.85438,0.85471
2013.03.17 21:31:42.064,0.85443,0.85473
2013.03.17 21:31:45.648,0.85446,0.85475
2013.03.17 21:31:52.133,0.85448,0.85479
2013.03.17 21:31:54.603,0.85446,0.85477
2013.03.17 21:31:55.193,0.85444,0.85477
2013.03.17 21:32:01.303,0.85445,0.85475
2013.03.17 21:32:07.154,0.85447,0.85475
2013.03.17 21:32:14.614,0.85449,0.85475
2013.03.17 21:32:23.484,0.85447,0.85476
2013.03.17 21:32:25.694,0.85444,0.85474
2013.03.17 21:32:29.563,0.85444,0.85474
2013.03.17 21:32:32.573,0.85444,0.85474
2013.03.17 21:32:34.046,0.85448,0.85476
2013.03.17 21:32:34.294,0.85444,0.85474
2013.03.17 21:32:34.804,0.85444,0.85474
2013.03.17 21:32:36.573,0.85444,0.85475
2013.03.17 21:32:36.784,0.85446,0.85475
2013.03.17 21:32:36.904,0.85444,0.85475
2013.03.17 21:32:39.154,0.85447,0.85476
2013.03.17 21:32:39.333,0.85447,0.85481
2013.03.17 21:32:39.453,0.85451,0.85481
2013.03.17 21:32:40.024,0.85451,0.85482
2013.03.17 21:32:40.325,0.85447,0.85482
2013.03.17 21:32:43.453,0.85447,0.85479
2013.03.17 21:32:43.813,0.8545,0.85478
2013.03.17 21:32:43.873,0.8545,0.85478
2013.03.17 21:32:47.883,0.8545,0.8548
2013.03.17 21:32:50.193,0.85445,0.85473
2013.03.17 21:32:56.414,0.8545,0.85473
2013.03.17 21:32:56.483,0.8545,0.85478
2013.03.17 21:32:56.543,0.8545,0.85478
2013.03.17 21:32:56.783,0.8545,0.85481
2013.03.17 21:33:01.903,0.85451,0.85482
2013.03.17 21:33:02.444,0.85452,0.85482
2013.03.17 21:33:02.504,0.85452,0.85483
2013.03.17 21:33:03.102,0.85452,0.85484
2013.03.17 21:33:04.204,0.85452,0.85484
2013.03.17 21:33:09.963,0.85452,0.85481
2013.03.17 21:33:12.606,0.85452,0.85481
2013.03.17 21:33:15.046,0.85453,0.85482
2013.03.17 21:33:16.533,0.85453,0.85484
2013.03.17 21:33:17.603,0.85453,0.85485
2013.03.17 21:33:17.963,0.85438,0.85487
2013.03.17 21:33:18.173,0.85455,0.85488
2013.03.17 21:33:23.052,0.85455,0.85484
2013.03.17 21:33:23.555,0.85455,0.85486
2013.03.17 21:33:24.143,0.85455,0.85487
2013.03.17 21:33:24.263,0.85455,0.85485
2013.03.17 21:33:27.614,0.85455,0.85486
2013.03.17 21:33:28.156,0.85455,0.85488
2013.03.17 21:33:28.637,0.85436,0.85486
2013.03.17 21:33:28.724,0.85436,0.85486
2013.03.17 21:33:29.317,0.85437,0.85486
2013.03.17 21:33:31.114,0.85437,0.85485
2013.03.17 21:33:50.724,0.85439,0.85489
2013.03.17 21:33:57.854,0.85439,0.85487
2013.03.17 21:33:58.215,0.85442,0.8549
2013.03.17 21:33:58.973,0.85442,0.8549
2013.03.17 21:33:59.983,0.85442,0.8549
2013.03.17 21:34:00.104,0.85443,0.85492
2013.03.17 21:34:00.283,0.85441,0.8549
2013.03.17 21:34:00.848,0.85442,0.85492
2013.03.17 21:34:01.094,0.85443,0.85493
2013.03.17 21:34:01.154,0.85443,0.85493
2013.03.17 21:34:01.273,0.85443,0.85493
2013.03.17 21:34:02.634,0.85443,0.85493
2013.03.17 21:34:03.113,0.85439,0.85489
2013.03.17 21:34:03.294,0.85439,0.85487
2013.03.17 21:34:03.414,0.85436,0.85486
2013.03.17 21:34:03.715,0.85438,0.85488
2013.03.17 21:34:04.143,0.85439,0.85489
2013.03.17 21:34:06.153,0.85442,0.8549
2013.03.17 21:34:06.923,0.85462,0.85492
2013.03.17 21:34:07.044,0.85462,0.85493
2013.03.17 21:34:07.583,0.85444,0.85492
2013.03.17 21:34:08.237,0.85444,0.85492
2013.03.17 21:34:20.563,0.85447,0.85495
2013.03.17 21:34:20.984,0.85438,0.85486
2013.03.17 21:34:22.424,0.85438,0.85459
2013.03.17 21:34:22.723,0.85434,0.85482
2013.03.17 21:34:22.964,0.8543,0.85456
2013.03.17 21:34:23.144,0.85427,0.85481
2013.03.17 21:34:23.453,0.85429,0.85455
2013.03.17 21:34:23.694,0.85434,0.85484
2013.03.17 21:34:24.236,0.8544,0.85493
2013.03.17 21:34:24.758,0.85439,0.85493
2013.03.17 21:34:25.623,0.8544,0.85488
2013.03.17 21:34:34.954,0.85443,0.85492
2013.03.17 21:34:35.134,0.85444,0.85492
2013.03.17 21:34:36.293,0.85445,0.85495
2013.03.17 21:34:36.413,0.85443,0.85491
2013.03.17 21:34:36.624,0.85443,0.85491
2013.03.17 21:34:36.925,0.85439,0.85487
2013.03.17 21:34:37.103,0.85439,0.85487
2013.03.17 21:34:39.473,0.85438,0.85487
2013.03.17 21:34:42.264,0.85442,0.8549
2013.03.17 21:34:42.443,0.85442,0.8549
2013.03.17 21:34:44.664,0.85443,0.85493
2013.03.17 21:34:45.113,0.85446,0.85494
2013.03.17 21:34:48.275,0.85459,0.85492
2013.03.17 21:34:49.804,0.85441,0.85491
2013.03.17 21:34:52.605,0.85445,0.85493
2013.03.17 21:34:53.114,0.85441,0.85491
2013.03.17 21:35:00.604,0.85456,0.85489
2013.03.17 21:35:00.953,0.85437,0.85486
2013.03.17 21:35:02.570,0.85433,0.85465
2013.03.17 21:35:03.673,0.8545,0.85481
2013.03.17 21:35:03.733,0.8545,0.85481
2013.03.17 21:35:03.974,0.85431,0.85461
2013.03.17 21:35:04.214,0.85449,0.85482
2013.03.17 21:35:04.333,0.85434,0.85484
2013.03.17 21:35:15.095,0.8544,0.85488
2013.03.17 21:35:43.124,0.85441,0.85489
2013.03.17 21:35:57.956,0.85442,0.85492
2013.03.17 21:35:58.150,0.85437,0.85486
2013.03.17 21:36:00.894,0.85439,0.85487
2013.03.17 21:36:01.784,0.85442,0.85474
2013.03.17 21:36:01.905,0.85443,0.85491
2013.03.17 21:36:02.083,0.85443,0.85491
2013.03.17 21:36:05.973,0.8544,0.85488
2013.03.17 21:36:06.834,0.85439,0.85489
2013.03.17 21:36:12.763,0.85441,0.85489
2013.03.17 21:36:19.232,0.85439,0.85487
2013.03.17 21:36:23.794,0.85439,0.85489
2013.03.17 21:36:25.226,0.85451,0.85485
2013.03.17 21:36:29.464,0.85436,0.85484
2013.03.17 21:36:32.383,0.85436,0.85468
2013.03.17 21:36:32.683,0.8545,0.85483
2013.03.17 21:36:32.924,0.85431,0.85479
2013.03.17 21:36:33.163,0.85451,0.85482
2013.03.17 21:36:33.284,0.85451,0.85484
2013.03.17 21:36:35.066,0.85437,0.85485
2013.03.17 21:36:53.764,0.85436,0.85486
2013.03.17 21:36:59.843,0.85439,0.85489
2013.03.17 21:37:06.154,0.85442,0.85492
2013.03.17 21:37:13.678,0.85442,0.8549
2013.03.17 21:37:15.164,0.85441,0.85491
2013.03.17 21:37:17.893,0.85441,0.85491
2013.03.17 21:37:18.194,0.85441,0.85491
2013.03.17 21:37:24.634,0.85442,0.8549
2013.03.17 21:37:34.255,0.85447,0.85495
2013.03.17 21:37:37.434,0.85445,0.85493
2013.03.17 21:37:39.679,0.85445,0.85493
2013.03.17 21:37:58.906,0.8545,0.85498
2013.03.17 21:37:59.915,0.8545,0.85498
2013.03.17 21:38:03.322,0.8545,0.855
2013.03.17 21:38:03.566,0.85447,0.85497
2013.03.17 21:38:05.293,0.85451,0.855
2013.03.17 21:38:06.527,0.85451,0.855
2013.03.17 21:38:07.263,0.85447,0.855
2013.03.17 21:38:27.852,0.85448,0.85498
2013.03.17 21:38:30.494,0.8545,0.855
2013.03.17 21:38:30.614,0.85447,0.85497
2013.03.17 21:38:33.563,0.85444,0.85494
2013.03.17 21:38:33.923,0.85444,0.85496
2013.03.17 21:38:34.223,0.85442,0.85494
2013.03.17 21:38:35.124,0.85444,0.85496
2013.03.17 21:38:42.234,0.85447,0.85497
2013.03.17 21:38:42.573,0.85444,0.85468
2013.03.17 21:38:42.693,0.85443,0.85491
2013.03.17 21:38:42.943,0.85442,0.85465
2013.03.17 21:38:43.183,0.85438,0.85491
2013.03.17 21:38:47.003,0.85444,0.85492
2013.03.17 21:38:48.644,0.85446,0.85494
2013.03.17 21:38:49.754,0.85446,0.85494
2013.03.17 21:38:50.313,0.85441,0.85491
2013.03.17 21:38:54.885,0.85446,0.85494
2013.03.17 21:38:54.944,0.85446,0.8548
2013.03.17 21:38:55.302,0.85446,0.85498
2013.03.17 21:38:55.423,0.85446,0.85498
2013.03.17 21:38:58.103,0.85444,0.85496
2013.03.17 21:38:58.167,0.85444,0.85496
2013.03.17 21:38:58.533,0.85443,0.85496
2013.03.17 21:38:59.479,0.85444,0.85496
2013.03.17 21:39:00.254,0.85446,0.85494
2013.03.17 21:39:00.523,0.85446,0.85494
2013.03.17 21:39:12.459,0.85447,0.85495
2013.03.17 21:39:12.583,0.85447,0.85495
2013.03.17 21:39:13.123,0.85447,0.85497
2013.03.17 21:39:15.144,0.85447,0.85497
2013.03.17 21:39:16.006,0.85445,0.85495
2013.03.17 21:39:16.534,0.85447,0.85497
2013.03.17 21:39:20.086,0.85447,0.85497
2013.03.17 21:39:20.688,0.85447,0.85497
2013.03.17 21:39:20.753,0.85447,0.85497
2013.03.17 21:39:22.590,0.85446,0.85496
2013.03.17 21:39:23.353,0.85443,0.85493
2013.03.17 21:39:23.659,0.85443,0.85493
2013.03.17 21:39:26.823,0.85447,0.85495
2013.03.17 21:39:32.063,0.85444,0.85493
2013.03.17 21:39:33.111,0.85444,0.85496
2013.03.17 21:39:33.193,0.85442,0.85494
2013.03.17 21:39:41.290,0.85447,0.85497
2013.03.17 21:39:50.640,0.85446,0.85496
2013.03.17 21:39:59.224,0.85446,0.85496
2013.03.17 21:40:00.454,0.85445,0.85498
2013.03.17 21:40:00.973,0.85444,0.85496
2013.03.17 21:40:08.494,0.85449,0.85499
2013.03.17 21:40:08.803,0.85448,0.85496
2013.03.17 21:40:10.703,0.85446,0.85496
2013.03.17 21:40:22.596,0.85448,0.85498
2013.03.17 21:40:22.844,0.85446,0.85496
2013.03.17 21:40:23.484,0.85445,0.85478
2013.03.17 21:40:29.064,0.85447,0.85479
2013.03.17 21:40:35.153,0.85446,0.8548
2013.03.17 21:40:37.994,0.85446,0.85496
2013.03.17 21:40:40.866,0.85443,0.85493
2013.03.17 21:40:41.398,0.85445,0.85497
2013.03.17 21:40:59.884,0.8545,0.85481
2013.03.17 21:41:02.663,0.85447,0.85497
2013.03.17 21:41:07.204,0.85447,0.85497
2013.03.17 21:41:15.049,0.85445,0.85495
2013.03.17 21:41:28.285,0.85448,0.85498
2013.03.17 21:41:41.454,0.85441,0.85487
2013.03.17 21:41:42.385,0.8544,0.85491
2013.03.17 21:41:43.114,0.85447,0.85478
2013.03.17 21:41:43.236,0.85448,0.85482
2013.03.17 21:41:43.755,0.85447,0.85482
2013.03.17 21:41:44.685,0.85447,0.8549
2013.03.17 21:41:45.488,0.85442,0.8549
2013.03.17 21:41:46.964,0.85442,0.85483
2013.03.17 21:41:47.504,0.85446,0.85481
2013.03.17 21:41:48.044,0.85443,0.85491
2013.03.17 21:41:48.704,0.85442,0.85495
2013.03.17 21:41:49.414,0.85442,0.85495
2013.03.17 21:41:50.699,0.85445,0.85493
2013.03.17 21:41:51.697,0.85445,0.85493
2013.03.17 21:41:52.264,0.85447,0.85497
2013.03.17 21:41:55.155,0.85445,0.85498
2013.03.17 21:41:57.554,0.85448,0.85491
2013.03.17 21:42:00.158,0.85447,0.85497
2013.03.17 21:42:02.504,0.85448,0.85498
2013.03.17 21:42:03.914,0.85452,0.85499
2013.03.17 21:42:03.986,0.85452,0.85496
2013.03.17 21:42:06.246,0.85444,0.85492
2013.03.17 21:42:06.374,0.85454,0.85487
2013.03.17 21:42:06.614,0.85454,0.8549
2013.03.17 21:42:08.244,0.85452,0.85491
2013.03.17 21:42:08.803,0.85449,0.85497
2013.03.17 21:42:10.104,0.85453,0.85499
2013.03.17 21:42:10.643,0.85448,0.85496
2013.03.17 21:42:15.044,0.85447,0.85497
2013.03.17 21:42:15.163,0.85447,0.85484
2013.03.17 21:42:15.645,0.85445,0.85495
2013.03.17 21:42:20.875,0.85445,0.85493
2013.03.17 21:42:23.651,0.85439,0.85483
2013.03.17 21:42:23.784,0.85438,0.85489
2013.03.17 21:42:34.305,0.85442,0.85478
2013.03.17 21:42:34.554,0.85445,0.85475
2013.03.17 21:42:35.084,0.85445,0.85475
2013.03.17 21:42:35.204,0.85446,0.85494
2013.03.17 21:42:35.725,0.85446,0.85494
2013.03.17 21:42:50.446,0.85445,0.85495
2013.03.17 21:42:50.507,0.85441,0.85488
2013.03.17 21:42:51.194,0.85443,0.85496
2013.03.17 21:42:55.547,0.85442,0.85492
2013.03.17 21:42:56.098,0.85446,0.85494
2013.03.17 21:42:58.485,0.85442,0.85495
2013.03.17 21:43:04.296,0.85447,0.85497
2013.03.17 21:43:04.534,0.85457,0.85496
2013.03.17 21:43:04.894,0.85449,0.85497
2013.03.17 21:43:05.075,0.85447,0.85497
2013.03.17 21:43:05.875,0.85447,0.85497
2013.03.17 21:43:13.004,0.85453,0.85499
2013.03.17 21:43:13.514,0.85453,0.85499
2013.03.17 21:43:14.646,0.85453,0.85499
2013.03.17 21:43:15.894,0.85454,0.85494
2013.03.17 21:43:16.014,0.85454,0.85494
2013.03.17 21:43:17.563,0.85453,0.85493
2013.03.17 21:43:18.905,0.85454,0.85494
2013.03.17 21:43:20.504,0.85454,0.85495
2013.03.17 21:43:21.724,0.85453,0.85495
2013.03.17 21:43:24.155,0.85454,0.85496
2013.03.17 21:43:27.067,0.85454,0.85496
2013.03.17 21:43:27.994,0.85453,0.85499
2013.03.17 21:43:28.534,0.85454,0.85496
2013.03.17 21:43:29.163,0.85453,0.85498
2013.03.17 21:43:29.704,0.85449,0.85496
2013.03.17 21:43:30.435,0.85448,0.85496
2013.03.17 21:43:30.708,0.85448,0.85495
2013.03.17 21:43:31.264,0.85449,0.85496
2013.03.17 21:43:31.832,0.85449,0.85495
2013.03.17 21:43:32.725,0.85449,0.85496
2013.03.17 21:43:35.784,0.85454,0.85495
2013.03.17 21:43:37.214,0.85447,0.85494
2013.03.17 21:43:38.935,0.85461,0.85492
2013.03.17 21:43:39.154,0.85461,0.85493
2013.03.17 21:43:43.044,0.85447,0.85495
2013.03.17 21:43:43.558,0.85443,0.85496
2013.03.17 21:43:44.114,0.85441,0.85495
2013.03.17 21:43:44.621,0.85441,0.85495
2013.03.17 21:43:44.760,0.8544,0.85496
2013.03.17 21:43:48.055,0.85445,0.85496
2013.03.17 21:43:48.569,0.85444,0.85495
2013.03.17 21:43:52.314,0.85441,0.85496
2013.03.17 21:43:54.107,0.85445,0.85495
2013.03.17 21:43:54.794,0.85453,0.85495
2013.03.17 21:43:54.854,0.85443,0.85495
2013.03.17 21:43:54.914,0.85456,0.85493
2013.03.17 21:43:55.218,0.85444,0.85494
2013.03.17 21:43:55.523,0.85443,0.85493
2013.03.17 21:43:57.983,0.85441,0.85494
2013.03.17 21:43:58.294,0.85446,0.85494
2013.03.17 21:43:58.973,0.85447,0.85495
2013.03.17 21:43:59.294,0.85447,0.85498
2013.03.17 21:43:59.413,0.85447,0.85498
2013.03.17 21:43:59.974,0.85446,0.85496
2013.03.17 21:44:01.274,0.85446,0.85497
2013.03.17 21:44:02.233,0.85445,0.85495
2013.03.17 21:44:05.530,0.85467,0.85497
2013.03.17 21:44:05.604,0.85462,0.85494
2013.03.17 21:44:05.845,0.85446,0.85494
2013.03.17 21:44:06.449,0.85456,0.85493
2013.03.17 21:44:11.974,0.85461,0.85495
2013.03.17 21:44:12.095,0.85446,0.85496
2013.03.17 21:44:14.195,0.85443,0.85496
2013.03.17 21:44:14.496,0.85447,0.85496
2013.03.17 21:44:14.804,0.85452,0.85498
2013.03.17 21:44:16.504,0.85453,0.85499
2013.03.17 21:44:16.624,0.85451,0.85499
2013.03.17 21:44:21.324,0.85452,0.85498
2013.03.17 21:44:26.625,0.85465,0.85497
2013.03.17 21:44:26.934,0.85463,0.85495
2013.03.17 21:44:33.194,0.85463,0.85495
2013.03.17 21:44:34.179,0.85444,0.85494
2013.03.17 21:44:37.031,0.85443,0.85493
2013.03.17 21:44:58.855,0.85448,0.85496
2013.03.17 21:44:58.974,0.85448,0.85496
2013.03.17 21:45:06.375,0.85463,0.85497
2013.03.17 21:45:10.435,0.85463,0.85495
2013.03.17 21:45:10.977,0.8545,0.85498
2013.03.17 21:45:12.155,0.85464,0.85495
2013.03.17 21:45:15.117,0.85448,0.85496
2013.03.17 21:45:15.704,0.85446,0.85496
2013.03.17 21:45:17.981,0.85449,0.85497
2013.03.17 21:45:22.655,0.85449,0.85495
2013.03.17 21:45:23.405,0.85443,0.85489
2013.03.17 21:45:23.825,0.85441,0.85491
2013.03.17 21:45:23.945,0.85439,0.85492
2013.03.17 21:45:24.247,0.85439,0.8549
2013.03.17 21:45:28.164,0.85439,0.8547
2013.03.17 21:45:29.246,0.85439,0.85487
2013.03.17 21:45:42.194,0.85439,0.85487
2013.03.17 21:45:45.194,0.85438,0.85484
2013.03.17 21:45:45.495,0.85435,0.85483
2013.03.17 21:45:45.615,0.85435,0.85483
2013.03.17 21:45:48.594,0.85439,0.85483
2013.03.17 21:45:49.684,0.85439,0.85467
2013.03.17 21:45:52.974,0.85439,0.85467
2013.03.17 21:45:55.224,0.85439,0.85465
2013.03.17 21:46:15.518,0.85438,0.85478
2013.03.17 21:46:15.824,0.85436,0.85459
2013.03.17 21:46:16.135,0.85434,0.85456
2013.03.17 21:46:17.485,0.85434,0.85456
2013.03.17 21:46:17.545,0.85431,0.85475
2013.03.17 21:46:25.850,0.85433,0.85458
2013.03.17 21:46:27.655,0.85428,0.8547
2013.03.17 21:46:27.774,0.85433,0.85478
2013.03.17 21:46:28.075,0.85429,0.85457
2013.03.17 21:46:28.635,0.85429,0.85456
2013.03.17 21:46:29.794,0.85429,0.85456
2013.03.17 21:46:31.935,0.85436,0.85475
2013.03.17 21:46:32.055,0.85439,0.85478
2013.03.17 21:46:32.415,0.85433,0.85458
2013.03.17 21:46:32.915,0.85438,0.8546
2013.03.17 21:46:33.454,0.85434,0.85456
2013.03.17 21:46:33.996,0.85439,0.85478
2013.03.17 21:46:34.055,0.85439,0.85478
2013.03.17 21:46:34.235,0.85435,0.85457
2013.03.17 21:46:34.595,0.85433,0.85459
2013.03.17 21:46:34.715,0.85433,0.85459
2013.03.17 21:46:35.095,0.85427,0.85449
2013.03.17 21:46:35.154,0.85422,0.85449
2013.03.17 21:46:36.015,0.8542,0.85447
2013.03.17 21:46:36.325,0.85423,0.85448
2013.03.17 21:46:36.768,0.85423,0.85448
2013.03.17 21:46:37.405,0.85424,0.85471
2013.03.17 21:46:39.666,0.85449,0.85472
2013.03.17 21:46:40.217,0.85441,0.85489
2013.03.17 21:46:40.454,0.8544,0.85488
2013.03.17 21:46:40.756,0.85454,0.8549
2013.03.17 21:46:40.944,0.85441,0.85489
2013.03.17 21:46:41.124,0.85453,0.85486
2013.03.17 21:46:41.424,0.85441,0.85489
2013.03.17 21:46:41.724,0.85453,0.85488
2013.03.17 21:46:42.194,0.85439,0.85489
2013.03.17 21:46:42.314,0.85439,0.85487
2013.03.17 21:46:42.434,0.85434,0.85482
2013.03.17 21:46:42.897,0.85431,0.8548
2013.03.17 21:46:43.591,0.85431,0.85479
2013.03.17 21:46:46.571,0.85432,0.85482
2013.03.17 21:46:47.114,0.8543,0.85483
2013.03.17 21:46:47.615,0.8543,0.85483
2013.03.17 21:46:48.289,0.8543,0.85483
2013.03.17 21:46:51.434,0.85431,0.85479
2013.03.17 21:46:59.924,0.85434,0.85485
2013.03.17 21:47:00.513,0.85433,0.85485
2013.03.17 21:47:01.089,0.85433,0.85486
2013.03.17 21:47:01.435,0.85433,0.85486
2013.03.17 21:47:01.744,0.85429,0.85482
2013.03.17 21:47:01.865,0.85428,0.8548
2013.03.17 21:47:01.994,0.85428,0.85478
2013.03.17 21:47:03.013,0.85428,0.85477
2013.03.17 21:47:03.353,0.85428,0.85476
2013.03.17 21:47:14.495,0.85432,0.8548
2013.03.17 21:47:15.034,0.85431,0.85481
2013.03.17 21:47:15.214,0.85431,0.85481
2013.03.17 21:47:16.513,0.85431,0.85481
2013.03.17 21:47:17.025,0.85428,0.8548
2013.03.17 21:47:17.144,0.85432,0.85484
2013.03.17 21:47:17.503,0.85436,0.85486
2013.03.17 21:47:18.144,0.85436,0.85486
2013.03.17 21:47:18.444,0.85433,0.85484
2013.03.17 21:47:19.021,0.85435,0.85483
2013.03.17 21:47:19.784,0.85447,0.8548
2013.03.17 21:47:19.846,0.85433,0.85484
2013.03.17 21:47:19.975,0.85443,0.85481
2013.03.17 21:47:20.154,0.85428,0.85478
2013.03.17 21:47:21.315,0.85424,0.85477
2013.03.17 21:47:32.434,0.85433,0.85482
2013.03.17 21:47:32.984,0.85432,0.8548
2013.03.17 21:47:42.145,0.8543,0.85482
2013.03.17 21:47:45.780,0.8543,0.85482
2013.03.17 21:47:48.381,0.85432,0.85467
2013.03.17 21:47:48.812,0.85434,0.85485
2013.03.17 21:47:48.935,0.85433,0.85485
2013.03.17 21:47:49.234,0.85436,0.85488
2013.03.17 21:47:49.294,0.85435,0.85486
2013.03.17 21:47:49.844,0.85432,0.85485
2013.03.17 21:47:50.499,0.85431,0.85484
2013.03.17 21:47:51.034,0.85433,0.85485
2013.03.17 21:47:55.736,0.85435,0.85485
2013.03.17 21:47:57.415,0.85435,0.85484
2013.03.17 21:47:57.774,0.85433,0.85481
2013.03.17 21:47:57.835,0.85433,0.85481
2013.03.17 21:47:58.662,0.85433,0.85481
2013.03.17 21:48:00.693,0.85434,0.85484
2013.03.17 21:48:01.246,0.85438,0.85465
2013.03.17 21:48:01.484,0.8543,0.8548
2013.03.17 21:48:02.005,0.8543,0.85475
2013.03.17 21:48:03.577,0.8543,0.85475
2013.03.17 21:48:03.874,0.85431,0.85479
2013.03.17 21:48:04.505,0.85432,0.85481
2013.03.17 21:48:05.354,0.85434,0.85481
2013.03.17 21:48:07.433,0.85432,0.8548
2013.03.17 21:48:08.375,0.85432,0.8548
2013.03.17 21:48:08.434,0.85432,0.8548
2013.03.17 21:48:08.614,0.85431,0.85481
2013.03.17 21:48:09.174,0.85431,0.85478
2013.03.17 21:48:10.047,0.8543,0.85478
2013.03.17 21:48:10.604,0.85428,0.85479
2013.03.17 21:48:11.312,0.85428,0.85475
2013.03.17 21:48:12.284,0.85431,0.85475
2013.03.17 21:48:13.724,0.85431,0.85479
2013.03.17 21:48:14.282,0.85428,0.85478
2013.03.17 21:48:17.095,0.85431,0.85476
2013.03.17 21:48:17.644,0.85433,0.85479
2013.03.17 21:48:18.004,0.85431,0.85478
2013.03.17 21:48:18.414,0.85431,0.85457
2013.03.17 21:48:18.964,0.85431,0.85457
2013.03.17 21:48:20.684,0.85428,0.85457
2013.03.17 21:48:20.745,0.85428,0.85451
2013.03.17 21:48:20.924,0.85424,0.85451
2013.03.17 21:48:20.984,0.85424,0.85461
2013.03.17 21:48:24.541,0.85429,0.85465
2013.03.17 21:48:24.674,0.85428,0.85465
2013.03.17 21:48:28.526,0.85425,0.85475
2013.03.17 21:48:28.584,0.85425,0.85475
2013.03.17 21:48:28.704,0.85425,0.85477
2013.03.17 21:48:28.884,0.85425,0.85478
2013.03.17 21:48:28.945,0.85424,0.85478
2013.03.17 21:48:29.552,0.85429,0.85478
2013.03.17 21:48:31.099,0.85426,0.85474
2013.03.17 21:48:31.605,0.85424,0.85469
2013.03.17 21:48:32.714,0.85422,0.85453
2013.03.17 21:48:33.341,0.85426,0.85465
2013.03.17 21:48:33.805,0.85426,0.85443
2013.03.17 21:48:33.924,0.8542,0.85443
2013.03.17 21:48:34.054,0.8542,0.85439
2013.03.17 21:48:34.114,0.85416,0.85439
2013.03.17 21:48:34.175,0.85418,0.8544
2013.03.17 21:48:34.354,0.85415,0.85454
2013.03.17 21:48:39.167,0.8542,0.85442
2013.03.17 21:48:39.236,0.85423,0.85461
2013.03.17 21:48:39.356,0.85419,0.8544
2013.03.17 21:48:39.778,0.85421,0.85465
2013.03.17 21:48:39.845,0.85423,0.85465
2013.03.17 21:48:40.029,0.85419,0.85463
2013.03.17 21:48:40.104,0.85415,0.85442
2013.03.17 21:48:41.052,0.85415,0.85454
2013.03.17 21:48:41.354,0.85418,0.85441
2013.03.17 21:48:41.414,0.85417,0.85464
2013.03.17 21:48:41.474,0.85417,0.85465
2013.03.17 21:48:41.535,0.85417,0.85465
2013.03.17 21:48:42.086,0.8542,0.8545
2013.03.17 21:48:44.704,0.85421,0.85446
2013.03.17 21:48:46.444,0.85424,0.85472
2013.03.17 21:48:47.994,0.85422,0.8547
2013.03.17 21:48:48.435,0.8542,0.85468
2013.03.17 21:48:48.674,0.85418,0.85467
2013.03.17 21:48:48.794,0.85418,0.85466
2013.03.17 21:48:52.177,0.85422,0.8547
2013.03.17 21:48:52.534,0.85421,0.85467
2013.03.17 21:48:54.848,0.85419,0.85464
2013.03.17 21:48:55.154,0.85415,0.85443
2013.03.17 21:48:55.394,0.85415,0.85441
2013.03.17 21:48:56.020,0.85415,0.85457
2013.03.17 21:48:57.414,0.85412,0.85453
2013.03.17 21:49:00.634,0.85414,0.85454
2013.03.17 21:49:05.031,0.85414,0.85454
2013.03.17 21:49:06.694,0.85414,0.85453
2013.03.17 21:49:06.814,0.85414,0.85444
2013.03.17 21:49:06.873,0.85422,0.85444
2013.03.17 21:49:07.556,0.85421,0.85444
2013.03.17 21:49:07.624,0.85419,0.85444
2013.03.17 21:49:09.321,0.8542,0.85462
2013.03.17 21:49:10.394,0.85421,0.85464
2013.03.17 21:49:10.775,0.85421,0.85462
2013.03.17 21:49:11.335,0.85415,0.85444
2013.03.17 21:49:12.675,0.85419,0.85461
2013.03.17 21:49:12.734,0.85422,0.85463
2013.03.17 21:49:12.794,0.85426,0.85471
2013.03.17 21:49:12.914,0.85424,0.85442
2013.03.17 21:49:13.034,0.8542,0.85442
2013.03.17 21:49:15.644,0.8542,0.85442
2013.03.17 21:49:15.825,0.85417,0.85446
2013.03.17 21:49:15.944,0.85415,0.85454
2013.03.17 21:49:20.621,0.85421,0.85441
2013.03.17 21:49:22.434,0.85425,0.85465
2013.03.17 21:49:22.794,0.85422,0.85446
2013.03.17 21:49:22.854,0.85421,0.85446
2013.03.17 21:49:22.914,0.85421,0.85456
2013.03.17 21:49:23.455,0.8542,0.85443
2013.03.17 21:49:23.634,0.85417,0.85445
2013.03.17 21:49:24.177,0.85417,0.85456
2013.03.17 21:49:25.734,0.85417,0.85454
2013.03.17 21:49:26.276,0.85416,0.85454
2013.03.17 21:49:31.155,0.85421,0.85461
2013.03.17 21:49:31.274,0.85423,0.85467
2013.03.17 21:49:31.333,0.85423,0.85467
2013.03.17 21:49:31.926,0.85422,0.85464
2013.03.17 21:49:32.228,0.85421,0.85462
2013.03.17 21:49:37.347,0.8542,0.85458
2013.03.17 21:49:37.645,0.85418,0.85459
2013.03.17 21:49:37.764,0.85416,0.85446
2013.03.17 21:49:37.944,0.85413,0.85459
2013.03.17 21:49:38.004,0.85412,0.85459
2013.03.17 21:49:38.514,0.85409,0.8546
2013.03.17 21:49:39.275,0.85409,0.85458
2013.03.17 21:49:40.085,0.8541,0.85458
2013.03.17 21:49:40.151,0.85408,0.85458
2013.03.17 21:49:40.226,0.85407,0.85457
2013.03.17 21:49:40.284,0.85407,0.85458
2013.03.17 21:49:40.405,0.85409,0.85458
2013.03.17 21:49:40.465,0.85407,0.85435
2013.03.17 21:49:40.534,0.85402,0.85435
2013.03.17 21:49:40.595,0.85402,0.85452
2013.03.17 21:49:40.715,0.85402,0.85426
2013.03.17 21:49:40.954,0.85402,0.85452
2013.03.17 21:49:41.015,0.85395,0.85449
2013.03.17 21:49:41.074,0.85395,0.85446
2013.03.17 21:49:41.316,0.85399,0.85448
2013.03.17 21:49:41.374,0.85395,0.85447
2013.03.17 21:49:41.554,0.85394,0.85448
2013.03.17 21:49:41.615,0.85398,0.85449
2013.03.17 21:49:41.854,0.85396,0.85448
2013.03.17 21:49:42.226,0.85406,0.85455
2013.03.17 21:49:43.656,0.85404,0.85454
2013.03.17 21:49:43.725,0.85399,0.85451
2013.03.17 21:49:43.845,0.85401,0.85453
2013.03.17 21:49:44.145,0.85399,0.8545
2013.03.17 21:49:44.564,0.85396,0.85446
2013.03.17 21:49:47.534,0.85394,0.85446
2013.03.17 21:49:48.303,0.85394,0.85446
2013.03.17 21:49:50.034,0.85395,0.85446
2013.03.17 21:49:54.674,0.85394,0.85444
2013.03.17 21:49:55.268,0.85394,0.85445
2013.03.17 21:49:55.994,0.85394,0.85445
2013.03.17 21:49:56.724,0.85396,0.85448
2013.03.17 21:49:58.009,0.85396,0.85448
2013.03.17 21:49:58.134,0.85397,0.85448
2013.03.17 21:49:59.364,0.85397,0.85448
2013.03.17 21:49:59.445,0.85397,0.85448
2013.03.17 21:50:01.774,0.85398,0.85448
2013.03.17 21:50:01.834,0.85399,0.85449
2013.03.17 21:50:02.655,0.85398,0.85449
2013.03.17 21:50:03.259,0.85398,0.85448
2013.03.17 21:50:03.994,0.85399,0.85449
2013.03.17 21:50:04.466,0.85399,0.85452
2013.03.17 21:50:04.525,0.85399,0.85451
2013.03.17 21:50:04.704,0.85397,0.85449
2013.03.17 21:50:05.004,0.85395,0.85445
2013.03.17 21:50:08.100,0.85395,0.85447
2013.03.17 21:50:08.601,0.85396,0.85447
2013.03.17 21:50:10.773,0.854,0.85451
2013.03.17 21:50:12.585,0.85399,0.85449
2013.03.17 21:50:16.225,0.85397,0.85428
2013.03.17 21:50:16.285,0.85397,0.85428
2013.03.17 21:50:16.584,0.85396,0.85426
2013.03.17 21:50:17.005,0.85398,0.85429
2013.03.17 21:50:20.370,0.85398,0.85443
2013.03.17 21:50:22.705,0.85396,0.85446
2013.03.17 21:50:22.825,0.85396,0.85446
2013.03.17 21:50:22.944,0.85397,0.85447
2013.03.17 21:50:23.245,0.85398,0.85446
2013.03.17 21:50:23.484,0.85398,0.85447
2013.03.17 21:50:23.604,0.85397,0.85446
2013.03.17 21:50:23.905,0.85394,0.85446
2013.03.17 21:50:24.034,0.85393,0.85444
2013.03.17 21:50:24.095,0.85392,0.85442
2013.03.17 21:50:24.215,0.85394,0.85444
2013.03.17 21:50:24.769,0.85393,0.85443
2013.03.17 21:50:26.105,0.85395,0.85428
2013.03.17 21:50:26.164,0.85394,0.85444
2013.03.17 21:50:30.234,0.85394,0.85445
2013.03.17 21:50:32.424,0.85394,0.85444
2013.03.17 21:50:33.169,0.85396,0.85444
2013.03.17 21:50:34.505,0.85396,0.85444
2013.03.17 21:50:34.624,0.85394,0.85443
2013.03.17 21:50:40.489,0.85395,0.85443
2013.03.17 21:50:40.614,0.85395,0.85443
2013.03.17 21:50:40.935,0.85395,0.85443
2013.03.17 21:50:40.995,0.85396,0.85443
2013.03.17 21:50:41.805,0.85397,0.85445
2013.03.17 21:50:42.368,0.85396,0.85447
2013.03.17 21:50:43.536,0.85396,0.85446
2013.03.17 21:50:44.864,0.85394,0.85446
2013.03.17 21:50:44.984,0.85396,0.85444
2013.03.17 21:50:45.294,0.85395,0.85445
2013.03.17 21:50:45.476,0.85395,0.85445
2013.03.17 21:50:45.986,0.85396,0.85447
2013.03.17 21:50:52.814,0.85396,0.85447
2013.03.17 21:50:52.934,0.85396,0.85446
2013.03.17 21:50:52.994,0.85396,0.85446
2013.03.17 21:50:53.535,0.85396,0.85445
2013.03.17 21:50:54.074,0.85394,0.85444
2013.03.17 21:50:54.982,0.85395,0.85445
2013.03.17 21:50:56.946,0.85396,0.85445
2013.03.17 21:50:57.005,0.85397,0.85445
2013.03.17 21:50:57.896,0.85399,0.85447
2013.03.17 21:50:58.145,0.85396,0.85446
2013.03.17 21:50:58.355,0.85401,0.85446
2013.03.17 21:50:58.475,0.85401,0.85446
2013.03.17 21:50:59.777,0.85403,0.85451
2013.03.17 21:50:59.894,0.85403,0.85451
2013.03.17 21:51:00.014,0.85403,0.85451
2013.03.17 21:51:00.472,0.85403,0.85453
2013.03.17 21:51:01.764,0.85402,0.8545
2013.03.17 21:51:02.004,0.85401,0.85449
2013.03.17 21:51:02.554,0.85402,0.85451
2013.03.17 21:51:04.214,0.85403,0.85447
2013.03.17 21:51:04.950,0.85403,0.85449
2013.03.17 21:51:16.084,0.85404,0.8545
2013.03.17 21:51:16.265,0.85404,0.85453
2013.03.17 21:51:16.384,0.85404,0.85453
2013.03.17 21:51:17.758,0.85406,0.85438
2013.03.17 21:51:17.827,0.85404,0.85454
2013.03.17 21:51:18.075,0.85403,0.85453
2013.03.17 21:51:18.376,0.854,0.85446
2013.03.17 21:51:20.401,0.85401,0.85449
2013.03.17 21:51:20.915,0.85404,0.85455
2013.03.17 21:51:22.975,0.85405,0.85453
2013.03.17 21:51:32.165,0.85404,0.85454
2013.03.17 21:51:33.235,0.85402,0.85448
2013.03.17 21:51:35.426,0.85403,0.85449
2013.03.17 21:51:35.786,0.85404,0.85452
2013.03.17 21:51:38.526,0.85401,0.85447
2013.03.17 21:51:38.594,0.85401,0.85447
2013.03.17 21:51:40.206,0.85408,0.85455
2013.03.17 21:51:40.494,0.85403,0.85451
2013.03.17 21:51:41.817,0.85399,0.85449
2013.03.17 21:51:43.375,0.85402,0.8545
2013.03.17 21:51:43.795,0.854,0.85447
2013.03.17 21:51:43.915,0.85401,0.85452
2013.03.17 21:51:44.035,0.85402,0.85454
2013.03.17 21:51:44.345,0.85402,0.85454
2013.03.17 21:51:44.654,0.85402,0.85447
2013.03.17 21:51:45.165,0.854,0.85427
2013.03.17 21:51:45.935,0.85398,0.85426
2013.03.17 21:51:45.994,0.85395,0.85445
2013.03.17 21:51:46.115,0.85401,0.85445
2013.03.17 21:51:46.419,0.85399,0.85425
2013.03.17 21:51:48.150,0.85401,0.85425
2013.03.17 21:51:50.687,0.854,0.85426
2013.03.17 21:51:51.205,0.85401,0.85441
2013.03.17 21:51:51.887,0.854,0.85425
2013.03.17 21:51:52.664,0.85399,0.85425
2013.03.17 21:51:53.424,0.854,0.85425
2013.03.17 21:51:53.785,0.85401,0.85444
2013.03.17 21:51:54.863,0.85402,0.85428
2013.03.17 21:51:55.175,0.85404,0.85445
2013.03.17 21:51:55.696,0.85401,0.85441
2013.03.17 21:51:57.615,0.854,0.85426
2013.03.17 21:51:58.797,0.85401,0.85445
2013.03.17 21:52:01.504,0.85399,0.85439
2013.03.17 21:52:02.506,0.85399,0.85439
2013.03.17 21:52:03.456,0.85399,0.85438
2013.03.17 21:52:03.694,0.85402,0.85443
2013.03.17 21:52:08.454,0.854,0.85425
2013.03.17 21:52:08.836,0.854,0.85439
2013.03.17 21:52:08.895,0.854,0.85439
2013.03.17 21:52:08.955,0.854,0.85439
2013.03.17 21:52:09.495,0.85399,0.85436
2013.03.17 21:52:14.768,0.854,0.85435
2013.03.17 21:52:18.895,0.854,0.85437
2013.03.17 21:52:18.954,0.85403,0.85444
2013.03.17 21:52:19.014,0.85404,0.85444
2013.03.17 21:52:19.922,0.85408,0.85444
2013.03.17 21:52:22.685,0.85405,0.85446
2013.03.17 21:52:23.044,0.85401,0.85426
2013.03.17 21:52:23.664,0.85398,0.85444
2013.03.17 21:52:34.944,0.85403,0.85428
2013.03.17 21:52:35.475,0.85399,0.85443
2013.03.17 21:52:38.265,0.85397,0.85435
2013.03.17 21:52:43.265,0.85397,0.85416
2013.03.17 21:52:43.384,0.85395,0.85435
2013.03.17 21:52:43.983,0.85395,0.85435
2013.03.17 21:52:44.048,0.85401,0.8544
2013.03.17 21:52:45.724,0.85402,0.8544
2013.03.17 21:52:46.025,0.85403,0.85431
2013.03.17 21:52:46.325,0.85402,0.85427
2013.03.17 21:52:46.394,0.85401,0.85427
2013.03.17 21:52:47.864,0.854,0.85425
2013.03.17 21:52:48.105,0.85401,0.85443
2013.03.17 21:52:49.085,0.854,0.85446
2013.03.17 21:52:49.387,0.85399,0.85429
2013.03.17 21:52:50.526,0.85398,0.85443
2013.03.17 21:52:51.515,0.854,0.85443
2013.03.17 21:52:52.018,0.854,0.85443
2013.03.17 21:52:52.145,0.85399,0.85441
2013.03.17 21:52:56.325,0.854,0.85419
2013.03.17 21:52:56.566,0.85395,0.85419
2013.03.17 21:52:57.106,0.85392,0.85415
2013.03.17 21:52:57.645,0.85392,0.85425
2013.03.17 21:52:59.508,0.85392,0.85429
2013.03.17 21:52:59.665,0.85393,0.85429
2013.03.17 21:53:00.174,0.85395,0.85431
2013.03.17 21:53:00.754,0.85396,0.85422
2013.03.17 21:53:00.815,0.85397,0.85422
2013.03.17 21:53:01.174,0.85397,0.85438
2013.03.17 21:53:01.694,0.85396,0.85423
2013.03.17 21:53:02.254,0.85396,0.85441
2013.03.17 21:53:03.088,0.85395,0.85422
2013.03.17 21:53:03.395,0.85397,0.85431
2013.03.17 21:53:04.237,0.85396,0.85431
2013.03.17 21:53:04.366,0.85394,0.8543
2013.03.17 21:53:04.675,0.85395,0.8542
2013.03.17 21:53:04.734,0.85389,0.85419
2013.03.17 21:53:04.794,0.85386,0.85419
2013.03.17 21:53:05.094,0.8539,0.85419
2013.03.17 21:53:05.154,0.8539,0.85429
2013.03.17 21:53:05.334,0.85391,0.85429
2013.03.17 21:53:05.960,0.85389,0.8543
2013.03.17 21:53:06.104,0.85387,0.85429
2013.03.17 21:53:06.224,0.85387,0.85429
2013.03.17 21:53:06.347,0.85387,0.85429
2013.03.17 21:53:06.658,0.85388,0.85429
2013.03.17 21:53:06.725,0.85389,0.85436
2013.03.17 21:53:06.964,0.85389,0.85436
2013.03.17 21:53:07.386,0.85392,0.85436
2013.03.17 21:53:08.241,0.85393,0.85436
2013.03.17 21:53:09.455,0.8539,0.85421
2013.03.17 21:53:09.574,0.85389,0.85421
2013.03.17 21:53:09.635,0.85387,0.85414
2013.03.17 21:53:10.054,0.8539,0.85414
2013.03.17 21:53:10.114,0.8539,0.85436
2013.03.17 21:53:11.224,0.85388,0.85436
2013.03.17 21:53:11.285,0.85388,0.85412
2013.03.17 21:53:11.405,0.8539,0.85418
2013.03.17 21:53:11.494,0.85388,0.85436
2013.03.17 21:53:11.864,0.85388,0.85437
2013.03.17 21:53:12.634,0.85389,0.85437
2013.03.17 21:53:12.985,0.85387,0.85436
2013.03.17 21:53:13.045,0.85387,0.85413
2013.03.17 21:53:13.406,0.85387,0.85411
2013.03.17 21:53:14.495,0.85388,0.85424
2013.03.17 21:53:14.615,0.85386,0.85417
2013.03.17 21:53:15.155,0.85386,0.85423
2013.03.17 21:53:15.336,0.85387,0.85423
2013.03.17 21:53:15.696,0.85389,0.85429
2013.03.17 21:53:16.034,0.85388,0.85429
2013.03.17 21:53:16.154,0.8539,0.85429
2013.03.17 21:53:16.274,0.85387,0.85437
2013.03.17 21:53:16.336,0.85387,0.85438
2013.03.17 21:53:16.395,0.85389,0.8544
2013.03.17 21:53:16.575,0.85389,0.85439
2013.03.17 21:53:16.695,0.85389,0.85414
2013.03.17 21:53:16.815,0.85388,0.85436
2013.03.17 21:53:17.125,0.85387,0.85437
2013.03.17 21:53:17.244,0.85385,0.85439
2013.03.17 21:53:17.545,0.85387,0.85411
2013.03.17 21:53:17.667,0.85387,0.85415
2013.03.17 21:53:19.631,0.85387,0.85418
2013.03.17 21:53:19.695,0.85392,0.85418
2013.03.17 21:53:20.304,0.85395,0.85415
2013.03.17 21:53:20.544,0.85395,0.85419
2013.03.17 21:53:21.104,0.85397,0.85423
2013.03.17 21:53:22.834,0.85391,0.85423
2013.03.17 21:53:22.955,0.85389,0.8543
2013.03.17 21:53:23.074,0.8539,0.8543
2013.03.17 21:53:23.375,0.85395,0.8543
2013.03.17 21:53:23.435,0.85392,0.85422
2013.03.17 21:53:23.495,0.85392,0.85422
2013.03.17 21:53:23.615,0.85392,0.85422
2013.03.17 21:53:24.164,0.85392,0.85424
2013.03.17 21:53:26.565,0.85395,0.85424
2013.03.17 21:53:27.140,0.85395,0.85424
2013.03.17 21:53:28.834,0.85395,0.85426
2013.03.17 21:53:29.399,0.85395,0.85427
2013.03.17 21:53:32.205,0.85396,0.85436
2013.03.17 21:53:32.324,0.85397,0.85436
2013.03.17 21:53:32.504,0.85396,0.85443
2013.03.17 21:53:32.625,0.85396,0.85426
2013.03.17 21:53:34.295,0.85394,0.85422
2013.03.17 21:53:34.604,0.85395,0.85426
2013.03.17 21:53:35.525,0.85397,0.85437
2013.03.17 21:53:35.585,0.85396,0.85424
2013.03.17 21:53:35.705,0.85396,0.85424
2013.03.17 21:53:37.604,0.85396,0.85437
2013.03.17 21:53:38.160,0.85396,0.85437
2013.03.17 21:53:49.459,0.85399,0.8542
2013.03.17 21:53:50.150,0.85399,0.85429
2013.03.17 21:54:00.625,0.85394,0.8543
2013.03.17 21:54:00.684,0.85393,0.85429
2013.03.17 21:54:01.220,0.85393,0.85428
2013.03.17 21:54:02.426,0.85392,0.85428
2013.03.17 21:54:05.941,0.85393,0.85428
2013.03.17 21:54:06.698,0.85393,0.85428
2013.03.17 21:54:08.925,0.8539,0.85428
2013.03.17 21:54:09.165,0.85388,0.85413
2013.03.17 21:54:09.284,0.85393,0.85435
2013.03.17 21:54:09.605,0.85392,0.85413
2013.03.17 21:54:10.106,0.85392,0.85426
2013.03.17 21:54:10.224,0.85392,0.8543
2013.03.17 21:54:21.475,0.85392,0.85428
2013.03.17 21:54:22.675,0.85386,0.85428
2013.03.17 21:54:23.154,0.85389,0.85413
2013.03.17 21:54:24.427,0.8539,0.85412
2013.03.17 21:54:25.021,0.8539,0.85423
2013.03.17 21:54:26.305,0.85389,0.85423
2013.03.17 21:54:26.845,0.85389,0.85427
2013.03.17 21:54:26.964,0.85391,0.85429
2013.03.17 21:54:31.434,0.85391,0.85429
2013.03.17 21:54:34.434,0.85388,0.85429
2013.03.17 21:54:34.494,0.85384,0.85429
2013.03.17 21:54:34.554,0.85384,0.85428
2013.03.17 21:54:34.675,0.85382,0.85428
2013.03.17 21:54:34.734,0.85378,0.85428
2013.03.17 21:54:38.564,0.85378,0.85424
2013.03.17 21:54:42.356,0.85378,0.85424
2013.03.17 21:54:42.715,0.85369,0.85399
2013.03.17 21:54:42.895,0.85368,0.85414
2013.03.17 21:54:43.076,0.85368,0.85414
2013.03.17 21:54:45.141,0.85368,0.85399
2013.03.17 21:54:45.674,0.85367,0.85399
2013.03.17 21:54:46.094,0.85369,0.85397
2013.03.17 21:54:46.275,0.85367,0.85395
2013.03.17 21:54:46.515,0.85363,0.85408
2013.03.17 21:54:46.575,0.85362,0.85392
2013.03.17 21:54:47.527,0.85362,0.85404
2013.03.17 21:54:47.585,0.85361,0.85404
2013.03.17 21:54:48.126,0.85358,0.85404
2013.03.17 21:54:48.656,0.85358,0.85408
2013.03.17 21:54:49.276,0.85361,0.85411
2013.03.17 21:54:49.585,0.85366,0.85415
2013.03.17 21:54:50.095,0.85366,0.85415
2013.03.17 21:54:50.415,0.85366,0.85397
2013.03.17 21:54:50.535,0.85363,0.85397
2013.03.17 21:54:50.596,0.85363,0.85414
2013.03.17 21:54:50.714,0.85364,0.85417
2013.03.17 21:54:51.085,0.85362,0.85413
2013.03.17 21:54:51.146,0.85362,0.85387
2013.03.17 21:54:51.504,0.85361,0.85387
2013.03.17 21:54:52.007,0.85359,0.85387
2013.03.17 21:54:53.119,0.85358,0.85387
