Time,Bid,Ask
2013.03.29 00:00:00.321,0.84292,0.84312
2013.03.29 00:00:00.456,0.84293,0.84315
2013.03.29 00:00:00.822,0.84296,0.84319
2013.03.29 00:00:00.892,0.84296,0.84319
2013.03.29 00:00:01.022,0.84296,0.8432
2013.03.29 00:00:01.332,0.843,0.84323
2013.03.29 00:00:01.641,0.84302,0.84323
2013.03.29 00:00:02.151,0.843,0.84324
2013.03.29 00:00:04.071,0.84301,0.84324
2013.03.29 00:00:04.616,0.843,0.84323
2013.03.29 00:00:06.732,0.84302,0.84323
2013.03.29 00:00:07.042,0.84306,0.84327
2013.03.29 00:00:07.171,0.84305,0.84328
2013.03.29 00:00:07.483,0.84307,0.84328
2013.03.29 00:00:08.032,0.84308,0.84329
2013.03.29 00:00:08.402,0.84309,0.84328
2013.03.29 00:00:08.532,0.84308,0.84328
2013.03.29 00:00:09.025,0.84309,0.8433
2013.03.29 00:00:09.783,0.84308,0.84327
2013.03.29 00:00:09.862,0.84309,0.84329
2013.03.29 00:00:10.366,0.84309,0.8433
2013.03.29 00:00:10.581,0.84309,0.8433
2013.03.29 00:00:10.652,0.8431,0.84332
2013.03.29 00:00:10.974,0.84312,0.84333
2013.03.29 00:00:12.073,0.84315,0.84333
2013.03.29 00:00:12.142,0.84315,0.84338
2013.03.29 00:00:12.211,0.84315,0.84341
2013.03.29 00:00:12.330,0.84316,0.84343
2013.03.29 00:00:12.391,0.84317,0.84343
2013.03.29 00:00:12.461,0.84317,0.84343
2013.03.29 00:00:12.521,0.84319,0.84345
2013.03.29 00:00:12.880,0.84319,0.84345
2013.03.29 00:00:13.243,0.84315,0.84327
2013.03.29 00:00:13.372,0.84311,0.84327
2013.03.29 00:00:13.443,0.84309,0.84327
2013.03.29 00:00:13.703,0.84306,0.84324
2013.03.29 00:00:13.774,0.84304,0.84322
2013.03.29 00:00:14.296,0.84304,0.84322
2013.03.29 00:00:14.933,0.84304,0.84322
2013.03.29 00:00:19.802,0.84303,0.84321
2013.03.29 00:00:21.951,0.84303,0.84323
2013.03.29 00:00:23.314,0.84303,0.84323
2013.03.29 00:00:23.630,0.84303,0.84321
2013.03.29 00:00:24.012,0.84302,0.84322
2013.03.29 00:00:24.971,0.84302,0.84322
2013.03.29 00:00:28.100,0.84303,0.84322
2013.03.29 00:00:31.841,0.84302,0.84322
2013.03.29 00:00:32.314,0.84303,0.84323
2013.03.29 00:00:33.114,0.84304,0.84324
2013.03.29 00:00:34.352,0.84306,0.84326
2013.03.29 00:00:34.424,0.84306,0.84326
2013.03.29 00:00:34.672,0.84308,0.84328
2013.03.29 00:00:34.741,0.84311,0.8433
2013.03.29 00:00:35.042,0.84314,0.8433
2013.03.29 00:00:35.353,0.84317,0.84341
2013.03.29 00:00:35.423,0.84316,0.84342
2013.03.29 00:00:35.553,0.84324,0.84342
2013.03.29 00:00:36.354,0.84322,0.84342
2013.03.29 00:00:37.602,0.84322,0.8434
2013.03.29 00:00:37.793,0.84317,0.84335
2013.03.29 00:00:38.497,0.84317,0.84335
2013.03.29 00:00:40.043,0.84317,0.84334
2013.03.29 00:00:40.592,0.84318,0.8433
2013.03.29 00:00:40.722,0.84314,0.8433
2013.03.29 00:00:42.722,0.84314,0.84329
2013.03.29 00:00:43.032,0.84318,0.84328
2013.03.29 00:00:43.413,0.84316,0.84329
2013.03.29 00:00:43.552,0.84316,0.84328
2013.03.29 00:00:44.191,0.84316,0.84328
2013.03.29 00:00:45.671,0.84314,0.84329
2013.03.29 00:00:45.813,0.84314,0.8433
2013.03.29 00:00:45.883,0.84314,0.84331
2013.03.29 00:00:45.951,0.84319,0.84332
2013.03.29 00:00:52.554,0.84322,0.84338
2013.03.29 00:00:59.826,0.84322,0.84339
2013.03.29 00:01:06.593,0.84322,0.84339
2013.03.29 00:01:09.673,0.84322,0.84338
2013.03.29 00:01:10.053,0.84322,0.8434
2013.03.29 00:01:15.701,0.84323,0.8434
2013.03.29 00:01:16.214,0.84324,0.8434
2013.03.29 00:01:18.073,0.84325,0.84342
2013.03.29 00:01:18.144,0.84325,0.84345
2013.03.29 00:01:18.213,0.84332,0.8435
2013.03.29 00:01:18.282,0.84332,0.84351
2013.03.29 00:01:18.771,0.84335,0.84353
2013.03.29 00:01:19.092,0.84337,0.84354
2013.03.29 00:01:20.075,0.84333,0.84349
2013.03.29 00:01:20.484,0.84327,0.84343
2013.03.29 00:01:22.036,0.84327,0.84343
2013.03.29 00:01:23.679,0.8433,0.84344
2013.03.29 00:01:23.885,0.8433,0.84347
2013.03.29 00:01:24.018,0.84331,0.84348
2013.03.29 00:01:24.356,0.84335,0.84348
2013.03.29 00:01:26.682,0.84335,0.84347
2013.03.29 00:01:27.033,0.8433,0.84341
2013.03.29 00:01:27.574,0.84328,0.8434
2013.03.29 00:01:28.480,0.84328,0.8434
2013.03.29 00:01:29.001,0.84327,0.8434
2013.03.29 00:01:32.115,0.84328,0.84342
2013.03.29 00:01:32.184,0.84328,0.84342
2013.03.29 00:01:32.255,0.84332,0.84342
2013.03.29 00:01:33.085,0.8433,0.84335
2013.03.29 00:01:33.342,0.84324,0.84335
2013.03.29 00:01:34.491,0.84324,0.84336
2013.03.29 00:01:40.374,0.84323,0.84336
2013.03.29 00:01:40.929,0.84323,0.84335
2013.03.29 00:01:49.543,0.84323,0.84335
2013.03.29 00:01:52.777,0.84323,0.84335
2013.03.29 00:01:56.955,0.84319,0.84333
2013.03.29 00:01:57.948,0.8432,0.84333
2013.03.29 00:01:59.490,0.84323,0.84335
2013.03.29 00:02:00.813,0.84322,0.84335
2013.03.29 00:02:04.003,0.84322,0.84335
2013.03.29 00:02:04.131,0.84319,0.8433
2013.03.29 00:02:04.263,0.84318,0.8433
2013.03.29 00:02:05.096,0.84318,0.8433
2013.03.29 00:02:07.442,0.8432,0.8433
2013.03.29 00:02:08.174,0.8432,0.8433
2013.03.29 00:02:10.494,0.8432,0.84331
2013.03.29 00:02:11.379,0.84321,0.84331
2013.03.29 00:02:11.988,0.8432,0.84331
2013.03.29 00:02:13.773,0.84322,0.84331
2013.03.29 00:02:14.115,0.84322,0.84336
2013.03.29 00:02:14.683,0.8432,0.84331
2013.03.29 00:02:14.882,0.84318,0.84331
2013.03.29 00:02:16.262,0.84318,0.84331
2013.03.29 00:02:21.401,0.84318,0.84331
2013.03.29 00:02:21.593,0.84318,0.84335
2013.03.29 00:02:22.270,0.84318,0.84335
2013.03.29 00:02:22.822,0.84318,0.84335
2013.03.29 00:02:24.115,0.84319,0.84336
2013.03.29 00:02:24.455,0.8432,0.84336
2013.03.29 00:02:27.862,0.8432,0.84338
2013.03.29 00:02:28.403,0.8432,0.84337
2013.03.29 00:02:28.936,0.84318,0.84337
2013.03.29 00:02:30.134,0.84318,0.84335
2013.03.29 00:02:33.792,0.84318,0.84334
2013.03.29 00:02:38.083,0.8432,0.84337
2013.03.29 00:02:38.397,0.8433,0.84342
2013.03.29 00:02:38.676,0.84331,0.84348
2013.03.29 00:02:38.745,0.84331,0.84349
2013.03.29 00:02:39.423,0.8433,0.84349
2013.03.29 00:02:39.933,0.8433,0.84349
2013.03.29 00:02:40.493,0.8433,0.84349
2013.03.29 00:02:42.344,0.84332,0.84349
2013.03.29 00:02:44.254,0.84332,0.84344
2013.03.29 00:02:44.394,0.84332,0.84342
2013.03.29 00:02:44.464,0.84328,0.84341
2013.03.29 00:02:44.533,0.84326,0.84341
2013.03.29 00:02:44.842,0.84325,0.84341
2013.03.29 00:02:45.413,0.84325,0.84341
2013.03.29 00:02:49.913,0.84325,0.84339
2013.03.29 00:02:54.332,0.84325,0.84341
2013.03.29 00:02:55.332,0.84325,0.84341
2013.03.29 00:02:55.884,0.84325,0.84341
2013.03.29 00:02:56.213,0.84325,0.84341
2013.03.29 00:02:56.961,0.84325,0.84341
2013.03.29 00:02:57.478,0.84325,0.84341
2013.03.29 00:02:58.157,0.84325,0.84341
2013.03.29 00:02:58.642,0.84325,0.84341
2013.03.29 00:03:00.295,0.84325,0.84341
2013.03.29 00:03:14.902,0.84325,0.84341
2013.03.29 00:03:15.432,0.84329,0.84343
2013.03.29 00:03:15.681,0.84332,0.84349
2013.03.29 00:03:16.394,0.84334,0.84356
2013.03.29 00:03:16.470,0.84338,0.84359
2013.03.29 00:03:16.594,0.84339,0.84359
2013.03.29 00:03:17.376,0.84339,0.84362
2013.03.29 00:03:18.193,0.8434,0.84362
2013.03.29 00:03:18.263,0.8434,0.84362
2013.03.29 00:03:19.213,0.8434,0.84362
2013.03.29 00:03:19.735,0.84341,0.84362
2013.03.29 00:03:21.032,0.84341,0.8436
2013.03.29 00:03:21.540,0.84341,0.8436
2013.03.29 00:03:23.412,0.84341,0.84357
2013.03.29 00:03:24.097,0.84342,0.84357
2013.03.29 00:03:24.282,0.84342,0.84357
2013.03.29 00:03:24.413,0.84342,0.8436
2013.03.29 00:03:25.984,0.84342,0.8436
2013.03.29 00:03:29.082,0.84343,0.84361
2013.03.29 00:03:29.154,0.84344,0.84361
2013.03.29 00:03:38.703,0.84344,0.8436
2013.03.29 00:03:39.293,0.84344,0.8436
2013.03.29 00:03:47.984,0.84345,0.84362
2013.03.29 00:03:48.124,0.84345,0.84361
2013.03.29 00:03:48.654,0.84344,0.84362
2013.03.29 00:03:50.973,0.84344,0.84359
2013.03.29 00:03:51.163,0.84344,0.84359
2013.03.29 00:03:51.941,0.84344,0.84359
2013.03.29 00:03:52.727,0.84344,0.84359
2013.03.29 00:03:55.484,0.84344,0.84359
2013.03.29 00:03:55.612,0.84344,0.8436
2013.03.29 00:03:55.681,0.84344,0.8436
2013.03.29 00:03:56.723,0.84342,0.84357
2013.03.29 00:03:57.186,0.84341,0.84358
2013.03.29 00:03:57.256,0.84343,0.84361
2013.03.29 00:03:57.764,0.84343,0.8436
2013.03.29 00:03:58.095,0.84343,0.8436
2013.03.29 00:03:59.243,0.84342,0.84359
2013.03.29 00:03:59.753,0.8434,0.84357
2013.03.29 00:04:00.007,0.8434,0.84357
2013.03.29 00:04:00.145,0.84342,0.84357
2013.03.29 00:04:00.284,0.84341,0.84359
2013.03.29 00:04:00.355,0.84342,0.84356
2013.03.29 00:04:00.424,0.84342,0.84356
2013.03.29 00:04:00.964,0.84343,0.84362
2013.03.29 00:04:02.263,0.84343,0.84362
2013.03.29 00:04:03.002,0.84343,0.84363
2013.03.29 00:04:06.762,0.84343,0.84362
2013.03.29 00:04:08.521,0.84343,0.84362
2013.03.29 00:04:09.618,0.84343,0.84362
2013.03.29 00:04:10.166,0.84344,0.84365
2013.03.29 00:04:10.940,0.84343,0.84364
2013.03.29 00:04:11.491,0.84344,0.84364
2013.03.29 00:04:12.083,0.84343,0.84363
2013.03.29 00:04:14.762,0.84343,0.84362
2013.03.29 00:04:15.974,0.84343,0.84362
2013.03.29 00:04:16.737,0.84344,0.84362
2013.03.29 00:04:16.987,0.84344,0.84362
2013.03.29 00:04:23.832,0.84344,0.84362
2013.03.29 00:04:23.904,0.84346,0.84362
2013.03.29 00:04:24.211,0.84344,0.84362
2013.03.29 00:04:25.292,0.84342,0.84361
2013.03.29 00:04:25.842,0.84343,0.84361
2013.03.29 00:04:26.401,0.84343,0.84363
2013.03.29 00:04:26.943,0.84344,0.84363
2013.03.29 00:04:27.619,0.84343,0.84362
2013.03.29 00:04:30.202,0.84343,0.84361
2013.03.29 00:04:30.392,0.84343,0.84361
2013.03.29 00:04:30.522,0.84345,0.84362
2013.03.29 00:04:30.653,0.84345,0.84361
2013.03.29 00:04:31.871,0.84345,0.84363
2013.03.29 00:04:32.252,0.84345,0.84363
2013.03.29 00:04:32.381,0.84345,0.84365
2013.03.29 00:04:32.502,0.84345,0.84365
2013.03.29 00:04:32.631,0.84345,0.84365
2013.03.29 00:04:33.143,0.84345,0.84366
2013.03.29 00:04:33.811,0.84345,0.84366
2013.03.29 00:04:34.801,0.84345,0.84363
2013.03.29 00:04:34.862,0.84342,0.84363
2013.03.29 00:04:34.931,0.84342,0.84365
2013.03.29 00:04:35.817,0.84344,0.84365
2013.03.29 00:04:36.092,0.84342,0.8436
2013.03.29 00:04:36.163,0.84342,0.84361
2013.03.29 00:04:36.232,0.84342,0.84361
2013.03.29 00:04:36.436,0.84339,0.84362
2013.03.29 00:04:36.503,0.84341,0.84364
2013.03.29 00:04:36.812,0.84347,0.84364
2013.03.29 00:04:36.942,0.84348,0.84368
2013.03.29 00:04:37.072,0.84351,0.84368
2013.03.29 00:04:37.382,0.84353,0.8437
2013.03.29 00:04:39.023,0.84353,0.84369
2013.03.29 00:04:39.093,0.8435,0.84369
2013.03.29 00:04:40.154,0.84352,0.8437
2013.03.29 00:04:40.363,0.8435,0.8437
2013.03.29 00:04:40.434,0.8435,0.84366
2013.03.29 00:04:40.503,0.84347,0.84366
2013.03.29 00:04:41.084,0.84346,0.84366
2013.03.29 00:04:41.591,0.84346,0.84366
2013.03.29 00:04:42.141,0.84346,0.84366
2013.03.29 00:04:43.194,0.84346,0.8436
2013.03.29 00:04:43.263,0.84345,0.8436
2013.03.29 00:04:44.803,0.84346,0.84364
2013.03.29 00:04:45.963,0.84346,0.8436
2013.03.29 00:04:46.502,0.84345,0.8436
2013.03.29 00:04:47.412,0.84347,0.84359
2013.03.29 00:04:47.756,0.84346,0.84361
2013.03.29 00:04:49.785,0.84346,0.84362
2013.03.29 00:04:49.974,0.84346,0.8436
2013.03.29 00:04:52.155,0.84347,0.84361
2013.03.29 00:04:52.486,0.84347,0.84363
2013.03.29 00:04:52.556,0.84351,0.84366
2013.03.29 00:04:52.862,0.84352,0.84368
2013.03.29 00:04:52.932,0.84351,0.84368
2013.03.29 00:04:54.971,0.84351,0.84368
2013.03.29 00:04:55.931,0.84351,0.84367
2013.03.29 00:04:56.490,0.84352,0.84367
2013.03.29 00:05:02.521,0.84352,0.84367
2013.03.29 00:05:03.742,0.84352,0.8437
2013.03.29 00:05:04.437,0.84353,0.84367
2013.03.29 00:05:05.971,0.84352,0.84367
2013.03.29 00:05:07.052,0.84352,0.84367
2013.03.29 00:05:07.612,0.84352,0.84367
2013.03.29 00:05:08.113,0.84352,0.84367
2013.03.29 00:05:08.991,0.8435,0.84367
2013.03.29 00:05:10.142,0.8435,0.84367
2013.03.29 00:05:10.654,0.84351,0.84369
2013.03.29 00:05:11.202,0.8435,0.84369
2013.03.29 00:05:11.752,0.84351,0.84369
2013.03.29 00:05:12.270,0.84351,0.8437
2013.03.29 00:05:12.811,0.84349,0.8437
2013.03.29 00:05:13.184,0.8435,0.84368
2013.03.29 00:05:13.431,0.84347,0.84368
2013.03.29 00:05:14.413,0.84347,0.84367
2013.03.29 00:05:14.483,0.84344,0.84367
2013.03.29 00:05:15.043,0.84345,0.84367
2013.03.29 00:05:15.724,0.84345,0.84367
2013.03.29 00:05:15.874,0.84345,0.84367
2013.03.29 00:05:17.214,0.84345,0.84368
2013.03.29 00:05:18.982,0.84346,0.84368
2013.03.29 00:05:19.623,0.84345,0.84368
2013.03.29 00:05:20.164,0.84345,0.84368
2013.03.29 00:05:21.774,0.84345,0.84368
2013.03.29 00:05:22.141,0.84345,0.84368
2013.03.29 00:05:25.302,0.84345,0.84369
2013.03.29 00:05:25.398,0.84345,0.84369
2013.03.29 00:05:27.251,0.84345,0.84369
2013.03.29 00:05:27.325,0.84345,0.84369
2013.03.29 00:05:28.213,0.84347,0.84368
2013.03.29 00:05:28.424,0.84347,0.84368
2013.03.29 00:05:31.702,0.84347,0.84368
2013.03.29 00:05:31.893,0.84343,0.84363
2013.03.29 00:05:32.022,0.8434,0.84362
2013.03.29 00:05:32.562,0.8434,0.84362
2013.03.29 00:05:33.193,0.84341,0.84361
2013.03.29 00:05:35.602,0.84341,0.84361
2013.03.29 00:05:36.732,0.84341,0.84364
2013.03.29 00:05:36.862,0.84342,0.84362
2013.03.29 00:05:37.182,0.84341,0.84362
2013.03.29 00:05:37.804,0.84339,0.84362
2013.03.29 00:05:38.324,0.84339,0.84361
2013.03.29 00:05:40.413,0.84341,0.84362
2013.03.29 00:05:40.916,0.8434,0.84362
2013.03.29 00:05:41.423,0.8434,0.84362
2013.03.29 00:05:57.973,0.84341,0.84361
2013.03.29 00:05:58.045,0.84339,0.8436
2013.03.29 00:05:58.113,0.84338,0.8436
2013.03.29 00:05:58.183,0.84336,0.8436
2013.03.29 00:05:58.314,0.84336,0.8436
2013.03.29 00:05:58.574,0.84338,0.84362
2013.03.29 00:06:01.293,0.84338,0.84363
2013.03.29 00:06:02.332,0.84337,0.84363
2013.03.29 00:06:03.046,0.84337,0.84363
2013.03.29 00:06:04.666,0.84337,0.84361
2013.03.29 00:06:05.657,0.84337,0.84361
2013.03.29 00:06:05.903,0.84337,0.84361
2013.03.29 00:06:11.063,0.84337,0.84359
2013.03.29 00:06:11.193,0.84337,0.84359
2013.03.29 00:06:14.831,0.84338,0.84355
2013.03.29 00:06:15.362,0.84337,0.84359
2013.03.29 00:06:16.082,0.84337,0.84359
2013.03.29 00:06:16.584,0.84338,0.84358
2013.03.29 00:06:18.132,0.84338,0.84355
2013.03.29 00:06:19.173,0.84338,0.84355
2013.03.29 00:06:20.214,0.84337,0.84357
2013.03.29 00:06:20.282,0.84336,0.84357
2013.03.29 00:06:20.542,0.84333,0.84356
2013.03.29 00:06:21.162,0.84334,0.84357
2013.03.29 00:06:21.733,0.84335,0.84357
2013.03.29 00:06:26.293,0.84335,0.84354
2013.03.29 00:06:26.366,0.84335,0.84353
2013.03.29 00:06:26.613,0.84334,0.84353
2013.03.29 00:06:27.223,0.84334,0.84354
2013.03.29 00:06:27.414,0.84334,0.84353
2013.03.29 00:06:30.412,0.84334,0.84356
2013.03.29 00:06:30.972,0.84336,0.84358
2013.03.29 00:06:34.852,0.84335,0.84358
2013.03.29 00:06:39.512,0.84334,0.84355
2013.03.29 00:06:41.894,0.84334,0.84355
2013.03.29 00:06:43.180,0.84334,0.84354
2013.03.29 00:06:49.052,0.84335,0.84356
2013.03.29 00:06:49.123,0.84336,0.84356
2013.03.29 00:06:49.193,0.84336,0.84359
2013.03.29 00:06:49.382,0.84339,0.84361
2013.03.29 00:06:49.513,0.84339,0.84363
2013.03.29 00:06:49.584,0.84339,0.84363
2013.03.29 00:06:50.147,0.84338,0.84358
2013.03.29 00:06:50.213,0.84337,0.84358
2013.03.29 00:06:50.284,0.84336,0.84357
2013.03.29 00:06:50.423,0.84335,0.84353
2013.03.29 00:06:54.783,0.84335,0.84355
2013.03.29 00:06:54.852,0.84335,0.84355
2013.03.29 00:07:06.513,0.84335,0.84355
2013.03.29 00:07:06.642,0.84335,0.84355
2013.03.29 00:07:08.115,0.84335,0.84354
2013.03.29 00:07:12.289,0.84335,0.84356
2013.03.29 00:07:12.792,0.84335,0.84356
2013.03.29 00:07:13.032,0.84335,0.84356
2013.03.29 00:07:13.162,0.84335,0.84356
2013.03.29 00:07:17.202,0.84335,0.84356
2013.03.29 00:07:17.462,0.84335,0.84356
2013.03.29 00:07:18.762,0.84336,0.84356
2013.03.29 00:07:24.592,0.84336,0.84355
2013.03.29 00:07:53.783,0.84335,0.84357
2013.03.29 00:07:53.852,0.84335,0.84357
2013.03.29 00:07:54.212,0.84335,0.84357
2013.03.29 00:07:55.952,0.84337,0.84355
2013.03.29 00:07:56.043,0.84337,0.84355
2013.03.29 00:08:04.273,0.84338,0.84358
2013.03.29 00:08:04.343,0.84338,0.84358
2013.03.29 00:08:04.414,0.84338,0.84358
2013.03.29 00:08:08.373,0.84337,0.84357
2013.03.29 00:08:09.053,0.84336,0.84355
2013.03.29 00:08:09.391,0.84336,0.84353
2013.03.29 00:08:09.633,0.84333,0.84352
2013.03.29 00:08:09.702,0.84333,0.84352
2013.03.29 00:08:10.012,0.84333,0.8435
2013.03.29 00:08:10.083,0.84332,0.8435
2013.03.29 00:08:10.615,0.8433,0.84347
2013.03.29 00:08:10.853,0.8433,0.84347
2013.03.29 00:08:11.753,0.8433,0.84348
2013.03.29 00:08:12.497,0.8433,0.84347
2013.03.29 00:08:14.682,0.8433,0.84347
2013.03.29 00:08:16.172,0.8433,0.84347
2013.03.29 00:08:16.952,0.8433,0.84347
2013.03.29 00:08:18.044,0.8433,0.84347
2013.03.29 00:08:18.932,0.8433,0.84347
2013.03.29 00:08:20.283,0.8433,0.84348
2013.03.29 00:08:27.754,0.8433,0.84347
2013.03.29 00:08:32.343,0.8433,0.84347
2013.03.29 00:08:39.274,0.8433,0.84347
2013.03.29 00:08:39.344,0.8433,0.84347
2013.03.29 00:08:39.534,0.84328,0.84345
2013.03.29 00:08:39.602,0.84327,0.84345
2013.03.29 00:08:39.674,0.84323,0.84342
2013.03.29 00:08:39.802,0.84321,0.8434
2013.03.29 00:08:39.935,0.8432,0.8434
2013.03.29 00:08:40.073,0.84317,0.8434
2013.03.29 00:08:40.622,0.84318,0.84338
2013.03.29 00:08:40.762,0.84318,0.84337
2013.03.29 00:08:41.192,0.84317,0.84334
2013.03.29 00:08:42.010,0.84316,0.84334
2013.03.29 00:08:47.423,0.84315,0.84333
2013.03.29 00:08:47.958,0.84317,0.84334
2013.03.29 00:08:49.903,0.84317,0.84335
2013.03.29 00:08:50.035,0.84319,0.84336
2013.03.29 00:08:50.172,0.84322,0.8434
2013.03.29 00:08:50.437,0.84325,0.84345
2013.03.29 00:08:50.503,0.84327,0.84345
2013.03.29 00:08:50.633,0.84331,0.84355
2013.03.29 00:08:50.764,0.84332,0.84356
2013.03.29 00:08:50.834,0.84334,0.84356
2013.03.29 00:08:50.903,0.84334,0.84356
2013.03.29 00:08:51.453,0.84336,0.84357
2013.03.29 00:08:57.569,0.84333,0.84354
2013.03.29 00:08:58.157,0.84334,0.84354
2013.03.29 00:08:59.743,0.84334,0.84354
2013.03.29 00:09:01.662,0.84333,0.84354
2013.03.29 00:09:01.912,0.84334,0.84354
2013.03.29 00:09:02.153,0.84334,0.84354
2013.03.29 00:09:02.283,0.84334,0.84354
2013.03.29 00:09:02.897,0.84334,0.84354
2013.03.29 00:09:03.403,0.84334,0.84352
2013.03.29 00:09:06.632,0.84334,0.84352
2013.03.29 00:09:07.252,0.84333,0.84352
2013.03.29 00:09:07.842,0.84333,0.84352
2013.03.29 00:09:08.343,0.84334,0.84352
2013.03.29 00:09:08.552,0.84334,0.84352
2013.03.29 00:09:09.302,0.84333,0.84352
2013.03.29 00:09:14.252,0.84333,0.84355
2013.03.29 00:09:17.943,0.84335,0.84357
2013.03.29 00:09:18.453,0.84334,0.84355
2013.03.29 00:09:19.913,0.84334,0.84354
2013.03.29 00:09:20.624,0.84334,0.84354
2013.03.29 00:09:20.873,0.84334,0.84355
2013.03.29 00:09:21.003,0.84335,0.84355
2013.03.29 00:09:21.512,0.84335,0.84354
2013.03.29 00:09:22.342,0.84335,0.84356
2013.03.29 00:09:22.412,0.84335,0.84356
2013.03.29 00:09:23.764,0.84335,0.84356
2013.03.29 00:09:33.795,0.84334,0.84352
2013.03.29 00:09:33.936,0.84332,0.84348
2013.03.29 00:09:34.004,0.84332,0.84347
2013.03.29 00:09:34.253,0.84332,0.84347
2013.03.29 00:09:34.324,0.84331,0.8435
2013.03.29 00:09:34.393,0.84332,0.8435
2013.03.29 00:09:34.703,0.84332,0.84358
2013.03.29 00:09:34.773,0.84332,0.84357
2013.03.29 00:09:34.842,0.84334,0.84357
2013.03.29 00:09:35.484,0.84334,0.84357
2013.03.29 00:09:35.803,0.84335,0.84356
2013.03.29 00:09:36.764,0.84335,0.84356
2013.03.29 00:09:40.586,0.84337,0.84357
2013.03.29 00:09:40.654,0.84337,0.84357
2013.03.29 00:09:40.912,0.84337,0.84362
2013.03.29 00:09:41.043,0.84337,0.84359
2013.03.29 00:09:41.172,0.84337,0.84357
2013.03.29 00:09:45.496,0.84337,0.84363
2013.03.29 00:09:45.563,0.84337,0.84363
2013.03.29 00:09:46.633,0.84337,0.84363
2013.03.29 00:09:49.304,0.84338,0.84362
2013.03.29 00:09:49.434,0.84338,0.8436
2013.03.29 00:09:50.100,0.84337,0.8436
2013.03.29 00:09:55.924,0.84338,0.84358
2013.03.29 00:09:56.243,0.84337,0.84359
2013.03.29 00:10:03.174,0.84339,0.84358
2013.03.29 00:10:04.753,0.84339,0.84358
2013.03.29 00:10:04.823,0.84339,0.84358
2013.03.29 00:10:13.344,0.84338,0.84359
2013.03.29 00:10:14.210,0.84339,0.84359
2013.03.29 00:10:14.892,0.84338,0.84359
2013.03.29 00:10:17.822,0.8434,0.84358
2013.03.29 00:10:17.904,0.8434,0.84358
2013.03.29 00:10:22.123,0.84339,0.84358
2013.03.29 00:10:22.943,0.8434,0.84358
2013.03.29 00:10:23.483,0.8434,0.84358
2013.03.29 00:10:24.042,0.8434,0.84358
2013.03.29 00:10:24.783,0.8434,0.84358
2013.03.29 00:10:28.382,0.8434,0.84358
2013.03.29 00:10:28.512,0.84339,0.84358
2013.03.29 00:10:30.252,0.84339,0.84358
2013.03.29 00:10:30.334,0.84339,0.84358
2013.03.29 00:10:35.527,0.84339,0.84357
2013.03.29 00:10:36.152,0.84338,0.84357
2013.03.29 00:10:36.714,0.8434,0.84357
2013.03.29 00:10:38.483,0.8434,0.84357
2013.03.29 00:10:42.912,0.8434,0.84357
2013.03.29 00:10:43.883,0.8434,0.84357
2013.03.29 00:10:48.723,0.8434,0.84357
2013.03.29 00:10:48.854,0.8434,0.84358
2013.03.29 00:10:56.993,0.8434,0.84357
2013.03.29 00:10:57.128,0.84341,0.84357
2013.03.29 00:10:57.193,0.84341,0.84357
2013.03.29 00:11:04.808,0.84341,0.84358
2013.03.29 00:11:06.093,0.84341,0.84358
2013.03.29 00:11:11.313,0.84341,0.84358
2013.03.29 00:11:11.382,0.84341,0.84358
2013.03.29 00:11:15.052,0.84341,0.84358
2013.03.29 00:11:15.592,0.84341,0.84358
2013.03.29 00:11:18.113,0.84341,0.84358
2013.03.29 00:11:18.183,0.84341,0.84358
2013.03.29 00:11:24.384,0.84343,0.8436
2013.03.29 00:11:24.844,0.84345,0.84362
2013.03.29 00:11:25.153,0.84343,0.8436
2013.03.29 00:11:25.283,0.84341,0.8436
2013.03.29 00:11:26.724,0.84343,0.84359
2013.03.29 00:11:26.793,0.84342,0.8436
2013.03.29 00:11:27.103,0.84341,0.84359
2013.03.29 00:11:28.064,0.84343,0.84359
2013.03.29 00:11:28.253,0.84343,0.8436
2013.03.29 00:11:28.454,0.84345,0.8436
2013.03.29 00:11:28.583,0.84343,0.84359
2013.03.29 00:11:29.143,0.84344,0.8436
2013.03.29 00:11:29.693,0.84343,0.8436
2013.03.29 00:11:30.224,0.84344,0.84359
2013.03.29 00:11:30.534,0.84343,0.84359
2013.03.29 00:11:30.858,0.84344,0.84361
2013.03.29 00:11:31.294,0.84342,0.8436
2013.03.29 00:11:31.424,0.84342,0.8436
2013.03.29 00:11:31.723,0.84342,0.84358
2013.03.29 00:11:31.973,0.84344,0.84361
2013.03.29 00:11:32.445,0.84341,0.84359
2013.03.29 00:11:32.644,0.84339,0.84359
2013.03.29 00:11:33.205,0.84341,0.84357
2013.03.29 00:11:33.704,0.84341,0.84358
2013.03.29 00:11:33.834,0.84341,0.84358
2013.03.29 00:11:34.273,0.84341,0.84358
2013.03.29 00:11:34.790,0.8434,0.84358
2013.03.29 00:11:34.856,0.84341,0.84357
2013.03.29 00:11:35.362,0.84342,0.84357
2013.03.29 00:11:35.614,0.8434,0.84358
2013.03.29 00:11:35.683,0.8434,0.84358
2013.03.29 00:11:35.814,0.84341,0.84357
2013.03.29 00:11:36.324,0.84341,0.84357
2013.03.29 00:11:36.455,0.84342,0.84357
2013.03.29 00:11:37.149,0.84341,0.84357
2013.03.29 00:11:37.219,0.84343,0.84359
2013.03.29 00:11:37.722,0.84344,0.84362
2013.03.29 00:11:38.245,0.84344,0.84358
2013.03.29 00:11:40.785,0.84342,0.84359
2013.03.29 00:11:41.444,0.84343,0.8436
2013.03.29 00:11:46.733,0.84342,0.8436
2013.03.29 00:11:47.353,0.84342,0.84358
2013.03.29 00:11:47.986,0.84342,0.84359
2013.03.29 00:11:49.843,0.84342,0.8436
2013.03.29 00:11:50.506,0.84342,0.84358
2013.03.29 00:11:58.463,0.84342,0.84358
2013.03.29 00:12:00.534,0.84344,0.84361
2013.03.29 00:12:00.604,0.84344,0.84361
2013.03.29 00:12:01.065,0.84342,0.8436
2013.03.29 00:12:01.643,0.84344,0.8436
2013.03.29 00:12:01.976,0.84344,0.8436
2013.03.29 00:12:02.483,0.84344,0.8436
2013.03.29 00:12:03.994,0.84344,0.84358
2013.03.29 00:12:05.969,0.84344,0.84362
2013.03.29 00:12:06.905,0.84346,0.84362
2013.03.29 00:12:07.053,0.84344,0.8436
2013.03.29 00:12:07.124,0.84342,0.8436
2013.03.29 00:12:07.683,0.84342,0.84359
2013.03.29 00:12:08.504,0.84342,0.84357
2013.03.29 00:12:09.005,0.84342,0.84358
2013.03.29 00:12:09.807,0.84342,0.84358
2013.03.29 00:12:10.309,0.84343,0.84358
2013.03.29 00:12:10.374,0.84343,0.84358
2013.03.29 00:12:11.223,0.84342,0.84358
2013.03.29 00:12:11.819,0.84342,0.84358
2013.03.29 00:12:13.333,0.84342,0.84358
2013.03.29 00:12:13.471,0.84343,0.84357
2013.03.29 00:12:13.604,0.84343,0.84357
2013.03.29 00:12:14.054,0.84341,0.84357
2013.03.29 00:12:16.704,0.84341,0.84357
2013.03.29 00:12:18.378,0.84341,0.84356
2013.03.29 00:12:19.433,0.84341,0.84356
2013.03.29 00:12:19.745,0.84343,0.84361
2013.03.29 00:12:19.887,0.84346,0.84361
2013.03.29 00:12:20.295,0.84344,0.84362
2013.03.29 00:12:20.865,0.84344,0.84361
2013.03.29 00:12:25.928,0.84344,0.8436
2013.03.29 00:12:26.655,0.84344,0.8436
2013.03.29 00:12:28.535,0.84344,0.84363
2013.03.29 00:12:42.262,0.84344,0.84364
2013.03.29 00:12:43.033,0.84344,0.84363
2013.03.29 00:12:47.215,0.84344,0.84363
2013.03.29 00:12:48.503,0.84345,0.84363
2013.03.29 00:12:55.392,0.84345,0.84362
2013.03.29 00:12:55.513,0.84345,0.84363
2013.03.29 00:13:22.634,0.84345,0.84361
2013.03.29 00:13:22.707,0.84342,0.8436
2013.03.29 00:13:23.037,0.8434,0.84357
2013.03.29 00:13:23.662,0.84339,0.84357
2013.03.29 00:13:31.333,0.8434,0.84357
2013.03.29 00:13:32.056,0.8434,0.84357
2013.03.29 00:13:33.282,0.8434,0.84357
2013.03.29 00:13:34.118,0.8434,0.84357
2013.03.29 00:13:37.633,0.84339,0.84355
2013.03.29 00:13:44.215,0.8434,0.84355
2013.03.29 00:13:45.873,0.8434,0.84355
2013.03.29 00:13:46.003,0.8434,0.84354
2013.03.29 00:13:58.073,0.8434,0.84355
2013.03.29 00:13:59.733,0.8434,0.84356
2013.03.29 00:14:00.252,0.8434,0.84355
2013.03.29 00:14:01.273,0.8434,0.84355
2013.03.29 00:14:19.878,0.8434,0.84354
2013.03.29 00:14:20.125,0.84336,0.84353
2013.03.29 00:14:20.552,0.84335,0.84353
2013.03.29 00:14:20.804,0.84332,0.84351
2013.03.29 00:14:21.322,0.84335,0.84353
2013.03.29 00:14:21.843,0.84335,0.84351
2013.03.29 00:14:22.373,0.84334,0.84351
2013.03.29 00:14:22.902,0.84335,0.84351
2013.03.29 00:14:23.432,0.84334,0.84351
2013.03.29 00:14:26.176,0.84334,0.84353
2013.03.29 00:14:26.482,0.84335,0.84353
2013.03.29 00:14:26.661,0.84335,0.84353
2013.03.29 00:14:27.023,0.84335,0.84353
2013.03.29 00:14:27.845,0.84334,0.84352
2013.03.29 00:14:28.692,0.84334,0.84352
2013.03.29 00:14:29.232,0.84334,0.84355
2013.03.29 00:14:29.774,0.84334,0.84353
2013.03.29 00:14:31.205,0.84334,0.8435
2013.03.29 00:14:31.455,0.84334,0.84352
2013.03.29 00:14:32.002,0.84334,0.84353
2013.03.29 00:14:33.494,0.84334,0.84351
2013.03.29 00:14:33.922,0.84334,0.8435
2013.03.29 00:14:34.043,0.84334,0.84355
2013.03.29 00:14:34.544,0.84334,0.84351
2013.03.29 00:14:38.401,0.84334,0.84355
2013.03.29 00:14:38.702,0.84335,0.84352
2013.03.29 00:14:39.252,0.84336,0.84355
2013.03.29 00:14:39.631,0.84336,0.84355
2013.03.29 00:14:42.652,0.84336,0.84355
2013.03.29 00:14:42.712,0.84336,0.84355
2013.03.29 00:14:43.331,0.84336,0.84354
2013.03.29 00:14:44.332,0.84335,0.84355
2013.03.29 00:14:44.872,0.84335,0.84355
2013.03.29 00:14:49.623,0.84335,0.84348
2013.03.29 00:15:01.403,0.84333,0.84347
2013.03.29 00:15:02.772,0.84334,0.84347
2013.03.29 00:15:05.683,0.84334,0.8435
2013.03.29 00:15:22.080,0.84334,0.8435
2013.03.29 00:15:28.517,0.84333,0.8435
2013.03.29 00:15:35.432,0.84332,0.8435
2013.03.29 00:15:38.126,0.84332,0.84349
2013.03.29 00:15:54.322,0.84331,0.84347
2013.03.29 00:16:01.902,0.84331,0.84347
2013.03.29 00:16:02.452,0.84331,0.84347
2013.03.29 00:16:14.054,0.84332,0.84348
2013.03.29 00:16:17.966,0.8433,0.84348
2013.03.29 00:16:18.518,0.84331,0.84347
2013.03.29 00:16:21.673,0.84333,0.84348
2013.03.29 00:16:22.814,0.84331,0.84345
2013.03.29 00:16:23.904,0.8433,0.8435
2013.03.29 00:16:24.453,0.84331,0.8435
2013.03.29 00:16:24.572,0.84331,0.8435
2013.03.29 00:16:25.993,0.8433,0.8435
2013.03.29 00:16:26.243,0.84332,0.84352
2013.03.29 00:16:35.932,0.84335,0.8435
2013.03.29 00:16:39.975,0.84335,0.84353
2013.03.29 00:16:40.763,0.84336,0.84353
2013.03.29 00:16:46.332,0.84336,0.84356
2013.03.29 00:16:46.402,0.84337,0.84358
2013.03.29 00:16:46.523,0.84338,0.8436
2013.03.29 00:16:46.645,0.84343,0.84361
2013.03.29 00:16:47.279,0.84344,0.84363
2013.03.29 00:16:47.958,0.84343,0.84363
2013.03.29 00:16:48.264,0.84346,0.84363
2013.03.29 00:16:51.385,0.84345,0.84363
2013.03.29 00:16:51.924,0.84345,0.84362
2013.03.29 00:16:58.910,0.84346,0.84363
2013.03.29 00:16:59.240,0.84348,0.84363
2013.03.29 00:17:16.245,0.84347,0.84364
2013.03.29 00:17:23.184,0.84348,0.84363
2013.03.29 00:17:24.384,0.84347,0.84363
2013.03.29 00:17:33.255,0.84347,0.84363
2013.03.29 00:17:33.815,0.84347,0.84363
2013.03.29 00:17:34.925,0.84348,0.84363
2013.03.29 00:17:36.258,0.84348,0.84363
2013.03.29 00:17:36.397,0.84346,0.84364
2013.03.29 00:17:36.665,0.84345,0.84364
2013.03.29 00:17:36.854,0.84343,0.84364
2013.03.29 00:17:38.265,0.84343,0.84362
2013.03.29 00:17:38.820,0.84343,0.84363
2013.03.29 00:17:41.195,0.84345,0.84364
2013.03.29 00:17:42.046,0.8435,0.84367
2013.03.29 00:17:42.122,0.84351,0.84367
2013.03.29 00:17:42.894,0.84351,0.8437
2013.03.29 00:17:45.726,0.84352,0.84369
2013.03.29 00:18:05.244,0.8435,0.84368
2013.03.29 00:18:06.216,0.8435,0.8437
2013.03.29 00:18:19.843,0.84348,0.84366
2013.03.29 00:18:26.273,0.84347,0.84367
2013.03.29 00:18:27.074,0.84348,0.84367
2013.03.29 00:18:32.960,0.84348,0.84368
2013.03.29 00:18:33.492,0.84348,0.84367
2013.03.29 00:18:35.523,0.84349,0.84367
2013.03.29 00:18:38.745,0.84348,0.84368
2013.03.29 00:18:38.814,0.84346,0.84368
2013.03.29 00:18:38.885,0.84349,0.84368
2013.03.29 00:18:39.203,0.84349,0.84368
2013.03.29 00:18:40.354,0.84348,0.84367
2013.03.29 00:18:40.905,0.84349,0.84367
2013.03.29 00:18:41.505,0.84348,0.84367
2013.03.29 00:18:42.054,0.84349,0.84367
2013.03.29 00:18:42.523,0.84347,0.84367
2013.03.29 00:18:43.912,0.84348,0.84367
2013.03.29 00:18:44.046,0.84347,0.84367
2013.03.29 00:18:48.743,0.84348,0.84367
2013.03.29 00:18:50.404,0.84347,0.84367
2013.03.29 00:18:53.557,0.84347,0.84367
2013.03.29 00:18:57.213,0.84348,0.84368
2013.03.29 00:18:59.577,0.84348,0.84368
2013.03.29 00:19:04.134,0.84347,0.84366
2013.03.29 00:19:05.544,0.84347,0.84366
2013.03.29 00:19:10.813,0.84346,0.84365
2013.03.29 00:19:31.793,0.84348,0.84365
2013.03.29 00:19:35.188,0.84348,0.84365
2013.03.29 00:19:36.563,0.84348,0.84365
2013.03.29 00:19:43.293,0.84347,0.84366
2013.03.29 00:19:56.036,0.84347,0.84366
2013.03.29 00:20:00.424,0.84347,0.84366
2013.03.29 00:20:00.926,0.84348,0.84367
2013.03.29 00:20:01.062,0.84349,0.84367
2013.03.29 00:20:03.393,0.84349,0.84369
2013.03.29 00:20:04.073,0.84349,0.84368
2013.03.29 00:20:04.574,0.84348,0.84368
2013.03.29 00:20:11.603,0.84348,0.84366
2013.03.29 00:20:13.112,0.84349,0.84368
2013.03.29 00:20:17.003,0.84349,0.84368
2013.03.29 00:20:24.183,0.84349,0.84368
2013.03.29 00:20:24.253,0.84349,0.84368
2013.03.29 00:20:25.323,0.8435,0.84368
2013.03.29 00:20:25.455,0.84353,0.8437
2013.03.29 00:20:25.975,0.84354,0.84371
2013.03.29 00:20:26.963,0.84352,0.84371
2013.03.29 00:20:29.274,0.84353,0.8437
2013.03.29 00:20:31.314,0.84353,0.8437
2013.03.29 00:20:33.227,0.84353,0.84371
2013.03.29 00:20:34.097,0.84354,0.84371
2013.03.29 00:20:34.767,0.84353,0.84371
2013.03.29 00:20:38.853,0.84354,0.84371
2013.03.29 00:20:39.566,0.84354,0.84376
2013.03.29 00:20:39.633,0.84355,0.84377
2013.03.29 00:20:39.955,0.84358,0.84382
2013.03.29 00:20:40.504,0.84357,0.84379
2013.03.29 00:20:41.153,0.84355,0.84377
2013.03.29 00:20:42.251,0.84356,0.84377
2013.03.29 00:20:42.811,0.84357,0.84377
2013.03.29 00:20:43.355,0.84357,0.84377
2013.03.29 00:20:44.047,0.84357,0.84377
2013.03.29 00:20:44.874,0.84356,0.84377
2013.03.29 00:20:45.134,0.84356,0.84378
2013.03.29 00:20:45.644,0.84359,0.84378
2013.03.29 00:20:46.191,0.84358,0.84378
2013.03.29 00:20:49.794,0.84359,0.84378
2013.03.29 00:20:52.109,0.84359,0.84381
2013.03.29 00:20:52.641,0.84359,0.84382
2013.03.29 00:20:53.794,0.84361,0.8438
2013.03.29 00:20:55.487,0.84361,0.84382
2013.03.29 00:21:14.107,0.84361,0.84379
2013.03.29 00:21:17.825,0.84361,0.84379
2013.03.29 00:21:35.104,0.84361,0.84379
2013.03.29 00:21:35.943,0.84361,0.84379
2013.03.29 00:21:36.989,0.84361,0.84378
2013.03.29 00:21:37.294,0.8436,0.84376
2013.03.29 00:21:38.395,0.84361,0.84376
2013.03.29 00:21:39.655,0.84361,0.84377
2013.03.29 00:21:39.795,0.8436,0.84377
2013.03.29 00:21:47.368,0.8436,0.84375
2013.03.29 00:21:47.454,0.84356,0.84374
2013.03.29 00:21:48.951,0.84356,0.84374
2013.03.29 00:21:49.084,0.84356,0.84373
2013.03.29 00:21:49.665,0.84356,0.84374
2013.03.29 00:21:49.974,0.84356,0.84373
2013.03.29 00:21:50.103,0.84354,0.84373
2013.03.29 00:21:50.825,0.84354,0.84373
2013.03.29 00:21:52.155,0.84354,0.84371
2013.03.29 00:21:53.605,0.84353,0.84371
2013.03.29 00:21:56.034,0.84353,0.84369
2013.03.29 00:21:56.737,0.84354,0.84369
2013.03.29 00:21:58.076,0.84353,0.8437
2013.03.29 00:21:58.664,0.84354,0.8437
2013.03.29 00:21:59.614,0.84354,0.8437
2013.03.29 00:22:00.650,0.84354,0.8437
2013.03.29 00:22:02.897,0.84354,0.8437
2013.03.29 00:22:04.561,0.84354,0.84369
2013.03.29 00:22:05.134,0.84353,0.84369
2013.03.29 00:22:05.814,0.84353,0.8437
2013.03.29 00:22:06.814,0.84353,0.8437
2013.03.29 00:22:12.205,0.84354,0.8437
2013.03.29 00:22:12.335,0.84354,0.8437
2013.03.29 00:22:12.716,0.84354,0.8437
2013.03.29 00:22:12.964,0.84354,0.8437
2013.03.29 00:22:14.030,0.84354,0.8437
2013.03.29 00:22:14.715,0.84354,0.8437
2013.03.29 00:22:15.236,0.84354,0.84371
2013.03.29 00:22:15.303,0.84352,0.84371
2013.03.29 00:22:15.373,0.84352,0.84371
2013.03.29 00:22:16.624,0.84354,0.84371
2013.03.29 00:22:18.017,0.84354,0.84371
2013.03.29 00:22:18.087,0.84353,0.84371
2013.03.29 00:22:18.954,0.84353,0.84371
2013.03.29 00:22:19.567,0.84354,0.84371
2013.03.29 00:22:21.375,0.84353,0.84371
2013.03.29 00:22:23.555,0.84353,0.84371
2013.03.29 00:22:23.684,0.84354,0.8437
2013.03.29 00:22:29.516,0.84353,0.8437
2013.03.29 00:22:43.735,0.84354,0.8437
2013.03.29 00:22:44.244,0.84353,0.84371
2013.03.29 00:22:44.791,0.84354,0.84371
2013.03.29 00:22:46.386,0.84353,0.84371
2013.03.29 00:22:46.874,0.84353,0.84371
2013.03.29 00:22:46.950,0.84353,0.84371
2013.03.29 00:22:50.284,0.84353,0.84371
2013.03.29 00:22:50.414,0.84353,0.84371
2013.03.29 00:22:50.484,0.84353,0.84371
2013.03.29 00:22:50.987,0.84354,0.84371
2013.03.29 00:22:51.805,0.84353,0.84371
2013.03.29 00:22:52.317,0.84354,0.84371
2013.03.29 00:22:53.144,0.84354,0.84371
2013.03.29 00:22:53.274,0.84352,0.84371
2013.03.29 00:22:53.715,0.84354,0.84371
2013.03.29 00:22:55.025,0.84354,0.8437
2013.03.29 00:22:55.962,0.84354,0.8437
2013.03.29 00:22:56.665,0.84354,0.8437
2013.03.29 00:22:57.194,0.84354,0.8437
2013.03.29 00:23:04.283,0.84354,0.84371
2013.03.29 00:23:11.637,0.84354,0.84371
2013.03.29 00:23:21.646,0.84353,0.8437
2013.03.29 00:23:22.914,0.84353,0.8437
2013.03.29 00:23:28.375,0.84353,0.8437
2013.03.29 00:23:28.696,0.84354,0.8437
2013.03.29 00:23:29.571,0.84353,0.8437
2013.03.29 00:23:29.905,0.84353,0.8437
2013.03.29 00:23:33.115,0.84353,0.8437
2013.03.29 00:23:33.855,0.84353,0.8437
2013.03.29 00:23:34.685,0.84353,0.84371
2013.03.29 00:23:35.235,0.84353,0.84371
2013.03.29 00:23:35.935,0.84354,0.84371
2013.03.29 00:23:37.044,0.84353,0.84371
2013.03.29 00:23:37.114,0.84354,0.84371
2013.03.29 00:23:38.204,0.84354,0.8437
2013.03.29 00:23:38.417,0.84354,0.84371
2013.03.29 00:23:40.756,0.84353,0.84371
2013.03.29 00:23:41.804,0.84352,0.84371
2013.03.29 00:23:43.855,0.84353,0.84371
2013.03.29 00:23:51.824,0.84352,0.84371
2013.03.29 00:23:52.014,0.84354,0.84371
2013.03.29 00:23:52.204,0.84354,0.84373
2013.03.29 00:23:52.757,0.84354,0.84376
2013.03.29 00:23:55.494,0.84353,0.84376
2013.03.29 00:23:56.086,0.84354,0.84373
2013.03.29 00:23:58.055,0.84354,0.84376
2013.03.29 00:24:00.596,0.84354,0.84376
2013.03.29 00:24:00.725,0.84358,0.84377
2013.03.29 00:24:01.055,0.84361,0.84376
2013.03.29 00:24:01.185,0.84359,0.84376
2013.03.29 00:24:01.397,0.84359,0.84376
2013.03.29 00:24:02.106,0.84359,0.84375
2013.03.29 00:24:02.747,0.84357,0.84372
2013.03.29 00:24:03.084,0.84359,0.84372
2013.03.29 00:24:04.344,0.84357,0.84372
2013.03.29 00:24:04.695,0.84359,0.84372
2013.03.29 00:24:05.004,0.84357,0.84375
2013.03.29 00:24:07.715,0.84359,0.84373
2013.03.29 00:24:08.284,0.84358,0.84373
2013.03.29 00:24:10.784,0.84359,0.84373
2013.03.29 00:24:11.494,0.84357,0.84373
2013.03.29 00:24:11.624,0.84359,0.84373
2013.03.29 00:24:22.323,0.84359,0.84372
2013.03.29 00:24:22.974,0.84358,0.84372
2013.03.29 00:24:25.494,0.84357,0.84374
2013.03.29 00:24:25.904,0.84359,0.84372
2013.03.29 00:24:25.975,0.84359,0.84374
2013.03.29 00:24:26.600,0.84357,0.84374
2013.03.29 00:24:28.214,0.84359,0.84374
2013.03.29 00:24:28.737,0.84358,0.84374
2013.03.29 00:24:38.195,0.84357,0.84373
2013.03.29 00:24:38.826,0.84357,0.84372
2013.03.29 00:24:46.515,0.84357,0.84372
2013.03.29 00:24:46.584,0.84356,0.84372
2013.03.29 00:24:46.716,0.84357,0.84372
2013.03.29 00:24:46.855,0.84354,0.8437
2013.03.29 00:24:46.983,0.84354,0.84371
2013.03.29 00:24:53.924,0.84354,0.84371
2013.03.29 00:24:54.454,0.84353,0.84372
2013.03.29 00:24:57.296,0.84353,0.84371
2013.03.29 00:25:00.854,0.84353,0.84369
2013.03.29 00:25:01.175,0.84353,0.84372
2013.03.29 00:25:03.064,0.84353,0.8437
2013.03.29 00:25:03.810,0.84352,0.8437
2013.03.29 00:25:04.363,0.84352,0.84369
2013.03.29 00:25:04.864,0.84352,0.84369
2013.03.29 00:25:05.843,0.84352,0.84368
2013.03.29 00:25:06.345,0.84351,0.84368
2013.03.29 00:25:07.544,0.84353,0.8437
2013.03.29 00:25:07.615,0.84355,0.8437
2013.03.29 00:25:07.744,0.84356,0.84375
2013.03.29 00:25:10.733,0.84358,0.84375
2013.03.29 00:25:10.793,0.84358,0.84375
2013.03.29 00:25:11.354,0.84358,0.84375
2013.03.29 00:25:13.053,0.84358,0.84375
2013.03.29 00:25:20.423,0.84358,0.84375
2013.03.29 00:25:27.384,0.84358,0.84375
2013.03.29 00:25:35.363,0.84358,0.84375
2013.03.29 00:25:36.174,0.84358,0.84375
2013.03.29 00:25:36.785,0.84358,0.84375
2013.03.29 00:25:38.404,0.84358,0.84375
2013.03.29 00:25:45.335,0.84358,0.84374
2013.03.29 00:25:45.646,0.84358,0.84372
2013.03.29 00:25:45.844,0.84358,0.84377
2013.03.29 00:25:45.975,0.84358,0.84379
2013.03.29 00:25:46.783,0.84358,0.84377
2013.03.29 00:25:48.723,0.84359,0.84378
2013.03.29 00:25:50.102,0.84358,0.84378
2013.03.29 00:25:50.323,0.84359,0.84378
2013.03.29 00:25:51.454,0.8436,0.84378
2013.03.29 00:25:54.865,0.84359,0.84376
2013.03.29 00:25:56.104,0.84361,0.84379
2013.03.29 00:25:57.115,0.84364,0.84381
2013.03.29 00:25:57.481,0.84364,0.84381
2013.03.29 00:25:58.803,0.84362,0.84379
2013.03.29 00:26:00.044,0.84362,0.84378
2013.03.29 00:26:01.623,0.84362,0.84378
2013.03.29 00:26:03.104,0.84362,0.84378
2013.03.29 00:26:03.534,0.84361,0.84377
2013.03.29 00:26:04.058,0.8436,0.84378
2013.03.29 00:26:06.273,0.8436,0.8438
2013.03.29 00:26:06.794,0.8436,0.84379
2013.03.29 00:26:06.914,0.84361,0.84379
2013.03.29 00:26:07.214,0.8436,0.84379
2013.03.29 00:26:08.443,0.8436,0.84379
2013.03.29 00:26:09.303,0.84361,0.84379
2013.03.29 00:26:09.422,0.84359,0.84379
2013.03.29 00:26:09.543,0.8436,0.84379
2013.03.29 00:26:10.073,0.84361,0.84379
2013.03.29 00:26:10.844,0.84361,0.84379
2013.03.29 00:26:11.273,0.84361,0.84379
2013.03.29 00:26:15.945,0.84361,0.84376
2013.03.29 00:26:16.195,0.84362,0.84377
2013.03.29 00:26:16.744,0.84362,0.84381
2013.03.29 00:26:19.484,0.84364,0.8438
2013.03.29 00:26:19.793,0.84364,0.84383
2013.03.29 00:26:21.797,0.84363,0.84383
2013.03.29 00:26:22.326,0.84364,0.84383
2013.03.29 00:26:22.574,0.84361,0.84377
2013.03.29 00:26:22.646,0.84359,0.84376
2013.03.29 00:26:23.365,0.84353,0.84368
2013.03.29 00:26:23.436,0.84353,0.84368
2013.03.29 00:26:23.745,0.8435,0.84361
2013.03.29 00:26:23.816,0.84348,0.84361
2013.03.29 00:26:24.085,0.84348,0.84365
2013.03.29 00:26:24.225,0.84348,0.84367
2013.03.29 00:26:24.534,0.84348,0.84365
2013.03.29 00:26:24.723,0.84348,0.84367
2013.03.29 00:26:25.268,0.84349,0.84365
2013.03.29 00:26:26.694,0.84349,0.84363
2013.03.29 00:26:26.764,0.84349,0.84366
2013.03.29 00:26:26.835,0.84349,0.84363
2013.03.29 00:26:27.204,0.84348,0.84365
2013.03.29 00:26:27.344,0.84349,0.84368
2013.03.29 00:26:28.194,0.84348,0.84365
2013.03.29 00:26:31.328,0.8435,0.84366
2013.03.29 00:26:31.927,0.8435,0.84366
2013.03.29 00:26:32.443,0.8435,0.84366
2013.03.29 00:26:40.733,0.8435,0.84367
2013.03.29 00:26:47.945,0.8435,0.84367
2013.03.29 00:26:48.643,0.84349,0.84367
2013.03.29 00:26:50.837,0.8435,0.84366
2013.03.29 00:26:50.905,0.84351,0.84371
2013.03.29 00:26:51.037,0.84351,0.84371
2013.03.29 00:26:53.175,0.84353,0.84371
2013.03.29 00:26:53.485,0.84354,0.84372
2013.03.29 00:26:53.616,0.84354,0.84375
2013.03.29 00:26:54.645,0.84354,0.84372
2013.03.29 00:26:55.154,0.84354,0.84371
2013.03.29 00:26:59.255,0.84355,0.84371
2013.03.29 00:27:00.049,0.84355,0.84371
2013.03.29 00:27:04.105,0.84356,0.84371
2013.03.29 00:27:05.454,0.84356,0.8437
2013.03.29 00:27:05.735,0.84356,0.84372
2013.03.29 00:27:06.327,0.84355,0.84372
2013.03.29 00:27:14.034,0.84356,0.84373
2013.03.29 00:27:14.104,0.84357,0.84373
2013.03.29 00:27:20.504,0.84356,0.84372
2013.03.29 00:27:20.814,0.84358,0.84372
2013.03.29 00:27:20.944,0.84358,0.84372
2013.03.29 00:27:21.541,0.84358,0.84372
2013.03.29 00:27:25.094,0.84358,0.84375
2013.03.29 00:27:27.613,0.84357,0.84375
2013.03.29 00:27:29.098,0.84357,0.84375
2013.03.29 00:27:30.426,0.84358,0.84375
2013.03.29 00:27:38.765,0.84357,0.84374
2013.03.29 00:27:38.956,0.84358,0.84374
2013.03.29 00:27:39.695,0.84357,0.84374
2013.03.29 00:27:40.027,0.84357,0.84374
2013.03.29 00:27:42.788,0.84357,0.84376
2013.03.29 00:27:49.153,0.84359,0.84376
2013.03.29 00:27:49.654,0.84359,0.84377
2013.03.29 00:27:51.328,0.84359,0.84376
2013.03.29 00:27:56.034,0.8436,0.84377
2013.03.29 00:27:56.563,0.84359,0.84377
2013.03.29 00:27:58.813,0.84359,0.84378
2013.03.29 00:28:01.976,0.84359,0.84377
2013.03.29 00:28:02.049,0.84361,0.84377
2013.03.29 00:28:02.174,0.8436,0.84376
2013.03.29 00:28:04.706,0.8436,0.84377
2013.03.29 00:28:04.854,0.84361,0.84381
2013.03.29 00:28:04.984,0.84361,0.84381
2013.03.29 00:28:05.055,0.84359,0.84381
2013.03.29 00:28:05.124,0.84359,0.84381
2013.03.29 00:28:05.662,0.8436,0.84378
2013.03.29 00:28:06.464,0.8436,0.84378
2013.03.29 00:28:08.096,0.84361,0.84381
2013.03.29 00:28:08.225,0.84361,0.84381
2013.03.29 00:28:08.725,0.84362,0.84381
2013.03.29 00:28:09.445,0.84361,0.8438
2013.03.29 00:28:09.515,0.84361,0.8438
2013.03.29 00:28:10.785,0.84361,0.84378
2013.03.29 00:28:11.413,0.84361,0.84378
2013.03.29 00:28:12.844,0.84361,0.84378
2013.03.29 00:28:13.595,0.8436,0.84378
2013.03.29 00:28:13.784,0.84359,0.84378
2013.03.29 00:28:14.609,0.84359,0.84378
2013.03.29 00:28:20.836,0.84359,0.84381
2013.03.29 00:28:20.964,0.84359,0.84378
2013.03.29 00:28:21.094,0.84359,0.84378
2013.03.29 00:28:21.599,0.84359,0.84378
2013.03.29 00:28:22.340,0.84358,0.84378
2013.03.29 00:28:22.854,0.84359,0.84378
2013.03.29 00:28:33.214,0.84358,0.84376
2013.03.29 00:28:33.956,0.84356,0.84373
2013.03.29 00:28:34.295,0.84355,0.84373
2013.03.29 00:28:34.890,0.84354,0.84373
2013.03.29 00:28:35.095,0.84355,0.84374
2013.03.29 00:28:35.655,0.84354,0.84372
2013.03.29 00:28:36.204,0.84354,0.84372
2013.03.29 00:28:47.139,0.84355,0.84371
2013.03.29 00:28:48.252,0.84353,0.8437
2013.03.29 00:28:50.001,0.84353,0.84371
2013.03.29 00:28:50.673,0.84354,0.84371
2013.03.29 00:28:51.535,0.84354,0.84371
2013.03.29 00:28:51.609,0.84354,0.84371
2013.03.29 00:28:54.047,0.84353,0.84372
2013.03.29 00:28:55.021,0.84353,0.84372
2013.03.29 00:28:55.747,0.84352,0.84372
2013.03.29 00:28:56.304,0.84353,0.8437
2013.03.29 00:28:58.584,0.84354,0.8437
2013.03.29 00:28:58.775,0.84352,0.84365
2013.03.29 00:28:58.844,0.84351,0.84365
2013.03.29 00:28:59.090,0.8435,0.84364
2013.03.29 00:28:59.745,0.84348,0.84362
2013.03.29 00:29:08.276,0.84348,0.84364
2013.03.29 00:29:10.535,0.84348,0.84365
2013.03.29 00:29:11.249,0.84348,0.84364
2013.03.29 00:29:22.958,0.84347,0.84362
2013.03.29 00:29:25.214,0.84347,0.84363
2013.03.29 00:29:27.234,0.84347,0.84364
2013.03.29 00:29:27.353,0.84347,0.84364
2013.03.29 00:29:34.794,0.84348,0.84363
2013.03.29 00:29:35.569,0.84348,0.84363
2013.03.29 00:29:41.107,0.84348,0.84359
2013.03.29 00:29:41.234,0.84345,0.84364
2013.03.29 00:29:44.494,0.84345,0.84365
2013.03.29 00:29:45.615,0.84345,0.84365
2013.03.29 00:29:45.746,0.84345,0.84361
2013.03.29 00:29:45.947,0.84345,0.84364
2013.03.29 00:29:46.017,0.84348,0.84364
2013.03.29 00:30:06.425,0.84349,0.84367
2013.03.29 00:30:06.734,0.84347,0.84367
2013.03.29 00:30:07.464,0.84347,0.84366
2013.03.29 00:30:09.503,0.84347,0.84366
2013.03.29 00:30:10.098,0.84347,0.84366
2013.03.29 00:30:14.963,0.84347,0.84365
2013.03.29 00:30:15.084,0.84347,0.84366
2013.03.29 00:30:15.698,0.84349,0.84365
2013.03.29 00:30:16.194,0.84352,0.84366
2013.03.29 00:30:17.694,0.84349,0.84366
2013.03.29 00:30:17.884,0.84349,0.84366
2013.03.29 00:30:21.576,0.84353,0.84366
2013.03.29 00:30:22.144,0.84353,0.84366
2013.03.29 00:30:22.475,0.84353,0.84367
2013.03.29 00:30:22.544,0.84353,0.84366
2013.03.29 00:30:25.874,0.84353,0.84366
2013.03.29 00:30:26.455,0.84349,0.84364
2013.03.29 00:30:32.544,0.84349,0.84364
2013.03.29 00:30:32.965,0.84347,0.84362
2013.03.29 00:30:33.035,0.84347,0.84362
2013.03.29 00:30:33.445,0.84345,0.84362
2013.03.29 00:30:33.974,0.84345,0.84362
2013.03.29 00:30:34.458,0.84345,0.84364
2013.03.29 00:30:36.555,0.84345,0.84364
2013.03.29 00:30:36.624,0.84345,0.84364
2013.03.29 00:30:39.184,0.84345,0.84364
2013.03.29 00:30:40.076,0.84346,0.84364
2013.03.29 00:30:45.824,0.84345,0.84363
2013.03.29 00:30:46.134,0.84344,0.84362
2013.03.29 00:30:46.834,0.84344,0.84364
2013.03.29 00:30:47.265,0.84343,0.84364
2013.03.29 00:30:47.575,0.84344,0.84364
2013.03.29 00:30:48.684,0.84344,0.84364
2013.03.29 00:30:52.198,0.84345,0.84364
2013.03.29 00:30:54.834,0.84345,0.84364
2013.03.29 00:30:54.905,0.84346,0.84364
2013.03.29 00:30:55.215,0.8435,0.84364
2013.03.29 00:30:55.465,0.84347,0.84364
2013.03.29 00:30:56.030,0.84347,0.84364
2013.03.29 00:30:56.576,0.84347,0.84365
2013.03.29 00:30:59.714,0.84347,0.84365
2013.03.29 00:30:59.785,0.84347,0.84364
2013.03.29 00:31:10.049,0.84347,0.84364
2013.03.29 00:31:10.884,0.84347,0.84365
2013.03.29 00:31:17.205,0.84348,0.84365
2013.03.29 00:31:17.905,0.84348,0.84365
2013.03.29 00:31:23.934,0.84348,0.84365
2013.03.29 00:31:41.244,0.84348,0.84365
2013.03.29 00:31:50.995,0.84348,0.84367
2013.03.29 00:31:51.245,0.8435,0.84367
2013.03.29 00:32:00.916,0.8435,0.84367
2013.03.29 00:32:01.053,0.84347,0.84366
2013.03.29 00:32:04.644,0.84347,0.84366
2013.03.29 00:32:22.585,0.84348,0.84366
2013.03.29 00:32:23.956,0.84346,0.84366
2013.03.29 00:32:25.345,0.84346,0.84366
2013.03.29 00:32:25.488,0.84353,0.84367
2013.03.29 00:32:25.685,0.84352,0.84367
2013.03.29 00:32:27.007,0.84348,0.84367
2013.03.29 00:32:27.196,0.84346,0.84366
2013.03.29 00:32:27.926,0.84346,0.84366
2013.03.29 00:32:31.885,0.84347,0.84366
2013.03.29 00:32:32.436,0.84345,0.84366
2013.03.29 00:32:32.976,0.84346,0.84366
2013.03.29 00:32:35.135,0.84346,0.84366
2013.03.29 00:32:35.265,0.84346,0.84366
2013.03.29 00:32:35.867,0.84346,0.84365
2013.03.29 00:32:37.946,0.84346,0.84365
2013.03.29 00:32:38.487,0.84346,0.84365
2013.03.29 00:32:39.157,0.84346,0.84365
2013.03.29 00:32:41.535,0.84346,0.84365
2013.03.29 00:32:47.166,0.84348,0.84366
2013.03.29 00:32:47.879,0.84348,0.84366
2013.03.29 00:32:48.533,0.84348,0.84366
2013.03.29 00:32:49.237,0.84347,0.84366
2013.03.29 00:32:51.765,0.84347,0.84365
2013.03.29 00:32:52.277,0.84347,0.84365
2013.03.29 00:32:56.025,0.84347,0.84366
2013.03.29 00:32:56.637,0.84347,0.84365
2013.03.29 00:32:59.785,0.84347,0.84365
2013.03.29 00:33:00.413,0.84347,0.84365
2013.03.29 00:33:01.466,0.84347,0.84365
2013.03.29 00:33:03.205,0.84347,0.84365
2013.03.29 00:33:03.866,0.84347,0.84365
2013.03.29 00:33:04.945,0.84345,0.84364
2013.03.29 00:33:05.755,0.84345,0.84364
2013.03.29 00:33:06.317,0.84347,0.84364
2013.03.29 00:33:07.996,0.84347,0.84365
2013.03.29 00:33:08.699,0.84347,0.84365
2013.03.29 00:33:09.286,0.84347,0.84365
2013.03.29 00:33:12.571,0.84347,0.84366
2013.03.29 00:33:18.290,0.84347,0.84365
2013.03.29 00:33:18.415,0.84347,0.84366
2013.03.29 00:33:18.955,0.84348,0.84366
2013.03.29 00:33:19.086,0.84345,0.84364
2013.03.29 00:33:19.606,0.84345,0.84365
2013.03.29 00:33:20.128,0.84345,0.84364
2013.03.29 00:33:23.346,0.84347,0.84366
2013.03.29 00:33:23.415,0.84351,0.84369
2013.03.29 00:33:23.934,0.84349,0.84369
2013.03.29 00:33:24.786,0.84347,0.84367
2013.03.29 00:33:25.407,0.84347,0.84366
2013.03.29 00:33:26.705,0.84347,0.84366
2013.03.29 00:33:27.236,0.84347,0.84366
2013.03.29 00:33:27.986,0.84347,0.84365
2013.03.29 00:33:29.387,0.84347,0.84365
2013.03.29 00:33:30.116,0.84347,0.84365
2013.03.29 00:33:34.384,0.84346,0.84365
2013.03.29 00:33:36.027,0.84346,0.84365
2013.03.29 00:33:36.156,0.84347,0.84366
2013.03.29 00:33:36.487,0.84345,0.84366
2013.03.29 00:33:36.995,0.84345,0.84365
2013.03.29 00:33:38.115,0.84345,0.84365
2013.03.29 00:33:39.741,0.84345,0.84364
2013.03.29 00:33:40.285,0.84346,0.84363
2013.03.29 00:33:44.346,0.84345,0.84364
2013.03.29 00:33:47.168,0.84346,0.84364
2013.03.29 00:33:53.826,0.84346,0.84365
2013.03.29 00:33:56.056,0.84346,0.84363
2013.03.29 00:33:56.246,0.84347,0.84363
2013.03.29 00:33:57.736,0.84346,0.84364
2013.03.29 00:34:00.146,0.84346,0.84365
2013.03.29 00:34:07.127,0.84348,0.84365
2013.03.29 00:34:07.506,0.84345,0.84364
2013.03.29 00:34:07.696,0.84347,0.84364
2013.03.29 00:34:09.675,0.84345,0.84365
2013.03.29 00:34:10.605,0.84345,0.84366
2013.03.29 00:34:10.676,0.84352,0.84366
2013.03.29 00:34:10.894,0.84351,0.84366
2013.03.29 00:34:11.437,0.84349,0.84366
2013.03.29 00:34:13.764,0.84349,0.84367
2013.03.29 00:34:15.694,0.84349,0.84366
2013.03.29 00:34:17.499,0.84349,0.84366
2013.03.29 00:34:19.696,0.84349,0.84366
2013.03.29 00:34:19.766,0.84348,0.84366
2013.03.29 00:34:20.846,0.84348,0.84367
2013.03.29 00:34:21.046,0.84349,0.84367
2013.03.29 00:34:21.625,0.84349,0.84366
2013.03.29 00:34:21.697,0.84349,0.84366
2013.03.29 00:34:37.475,0.84347,0.84367
2013.03.29 00:34:41.816,0.84347,0.84366
2013.03.29 00:34:42.335,0.84347,0.84366
2013.03.29 00:34:43.346,0.8435,0.84366
2013.03.29 00:34:53.745,0.8435,0.84366
2013.03.29 00:34:53.820,0.8435,0.84366
2013.03.29 00:35:03.636,0.8435,0.84366
2013.03.29 00:35:08.967,0.8435,0.84366
2013.03.29 00:35:09.766,0.8435,0.84366
2013.03.29 00:35:10.835,0.8435,0.84366
2013.03.29 00:35:12.035,0.8435,0.84366
2013.03.29 00:35:12.635,0.8435,0.84367
2013.03.29 00:35:13.805,0.8435,0.84366
2013.03.29 00:35:18.953,0.84348,0.84366
2013.03.29 00:35:19.032,0.84353,0.84369
2013.03.29 00:35:19.107,0.84355,0.84371
2013.03.29 00:35:19.175,0.84355,0.84371
2013.03.29 00:35:21.047,0.84355,0.84371
2013.03.29 00:35:21.496,0.84357,0.84374
2013.03.29 00:35:22.017,0.84357,0.84372
2013.03.29 00:35:22.220,0.84354,0.84372
2013.03.29 00:35:22.857,0.84354,0.84373
2013.03.29 00:35:23.455,0.84354,0.84374
2013.03.29 00:35:24.136,0.84354,0.84373
2013.03.29 00:35:24.669,0.84356,0.84374
2013.03.29 00:35:24.938,0.84358,0.84373
2013.03.29 00:35:25.545,0.84358,0.84371
2013.03.29 00:35:26.727,0.84356,0.84371
2013.03.29 00:35:26.795,0.84355,0.84371
2013.03.29 00:35:27.596,0.84355,0.84371
2013.03.29 00:35:28.777,0.84355,0.84372
2013.03.29 00:35:29.156,0.84355,0.84372
2013.03.29 00:35:29.717,0.84355,0.84373
2013.03.29 00:35:30.577,0.84355,0.84372
2013.03.29 00:35:30.646,0.84355,0.84373
2013.03.29 00:35:30.716,0.84359,0.84373
2013.03.29 00:35:33.876,0.84359,0.84373
2013.03.29 00:35:36.826,0.84359,0.84372
2013.03.29 00:35:36.897,0.84355,0.84372
2013.03.29 00:35:37.087,0.84355,0.84372
2013.03.29 00:35:37.407,0.84358,0.84374
2013.03.29 00:35:40.676,0.84358,0.84375
2013.03.29 00:35:40.996,0.84355,0.84373
2013.03.29 00:35:41.839,0.84355,0.84373
2013.03.29 00:35:43.457,0.84355,0.84373
2013.03.29 00:35:44.005,0.84355,0.84373
2013.03.29 00:35:45.516,0.84355,0.84372
2013.03.29 00:35:46.118,0.84355,0.84372
2013.03.29 00:35:47.117,0.84355,0.84372
2013.03.29 00:35:49.726,0.84357,0.84373
2013.03.29 00:35:54.066,0.84358,0.84372
2013.03.29 00:35:54.207,0.8435,0.8437
2013.03.29 00:36:00.615,0.84353,0.8437
2013.03.29 00:36:09.524,0.84353,0.84371
2013.03.29 00:36:12.149,0.84353,0.84372
2013.03.29 00:36:12.216,0.84357,0.84372
2013.03.29 00:36:13.415,0.84357,0.84372
2013.03.29 00:36:13.487,0.84357,0.84372
2013.03.29 00:36:14.037,0.84357,0.84372
2013.03.29 00:36:14.167,0.84357,0.84372
2013.03.29 00:36:14.729,0.84357,0.84372
2013.03.29 00:36:15.287,0.84357,0.84373
2013.03.29 00:36:16.668,0.84357,0.84372
2013.03.29 00:36:18.322,0.84357,0.84372
2013.03.29 00:36:18.828,0.84357,0.84372
2013.03.29 00:36:19.632,0.84357,0.84372
2013.03.29 00:36:21.925,0.84357,0.84372
2013.03.29 00:36:22.736,0.84357,0.84372
2013.03.29 00:36:23.697,0.84357,0.84372
2013.03.29 00:36:24.576,0.84357,0.84372
2013.03.29 00:36:24.776,0.84357,0.84372
2013.03.29 00:36:25.227,0.84357,0.8437
2013.03.29 00:36:26.355,0.84357,0.8437
2013.03.29 00:36:26.865,0.84357,0.8437
2013.03.29 00:36:28.476,0.84357,0.8437
2013.03.29 00:36:28.988,0.84357,0.8437
2013.03.29 00:36:32.166,0.84357,0.8437
2013.03.29 00:36:32.235,0.84357,0.8437
2013.03.29 00:36:40.702,0.84357,0.8437
2013.03.29 00:36:42.226,0.84357,0.8437
2013.03.29 00:36:42.361,0.84357,0.84371
2013.03.29 00:36:43.497,0.84357,0.8437
2013.03.29 00:36:44.029,0.84357,0.84371
2013.03.29 00:36:46.575,0.84357,0.84371
2013.03.29 00:36:47.736,0.84357,0.84371
2013.03.29 00:36:50.877,0.84357,0.8437
2013.03.29 00:36:51.659,0.84357,0.84371
2013.03.29 00:36:54.766,0.84357,0.8437
2013.03.29 00:36:55.204,0.84357,0.84371
2013.03.29 00:36:55.966,0.84357,0.8437
2013.03.29 00:36:56.826,0.84357,0.8437
2013.03.29 00:36:56.956,0.84357,0.84371
2013.03.29 00:36:58.026,0.84357,0.8437
2013.03.29 00:36:58.155,0.84357,0.84372
2013.03.29 00:36:59.875,0.84357,0.84371
2013.03.29 00:37:01.957,0.84351,0.84371
2013.03.29 00:37:02.205,0.84349,0.84366
2013.03.29 00:37:02.456,0.84345,0.84365
2013.03.29 00:37:02.526,0.84345,0.84358
2013.03.29 00:37:03.156,0.84343,0.8436
2013.03.29 00:37:03.227,0.84343,0.84362
2013.03.29 00:37:03.730,0.84343,0.84362
2013.03.29 00:37:04.413,0.84343,0.84362
2013.03.29 00:37:04.924,0.84343,0.84362
2013.03.29 00:37:06.183,0.84343,0.84362
2013.03.29 00:37:06.250,0.84345,0.84362
2013.03.29 00:37:06.767,0.84343,0.84362
2013.03.29 00:37:07.355,0.84343,0.84362
2013.03.29 00:37:07.854,0.84343,0.84362
2013.03.29 00:37:08.247,0.84344,0.84365
2013.03.29 00:37:09.006,0.84344,0.84365
2013.03.29 00:37:09.077,0.84344,0.84365
2013.03.29 00:37:11.936,0.84344,0.84365
2013.03.29 00:37:12.007,0.84345,0.84365
2013.03.29 00:37:13.026,0.84345,0.84365
2013.03.29 00:37:14.354,0.84345,0.84365
2013.03.29 00:37:15.717,0.84345,0.84365
2013.03.29 00:37:15.966,0.84345,0.84367
2013.03.29 00:37:16.095,0.84343,0.84367
2013.03.29 00:37:16.489,0.84343,0.84365
2013.03.29 00:37:16.556,0.84343,0.84367
2013.03.29 00:37:18.934,0.84345,0.84367
2013.03.29 00:37:22.567,0.84344,0.84366
2013.03.29 00:37:22.695,0.84345,0.84367
2013.03.29 00:37:23.248,0.84345,0.84366
2013.03.29 00:37:23.996,0.84345,0.84366
2013.03.29 00:37:24.245,0.84345,0.84368
2013.03.29 00:37:25.325,0.84345,0.84368
2013.03.29 00:37:26.016,0.84345,0.84367
2013.03.29 00:37:27.525,0.84345,0.84367
2013.03.29 00:37:27.837,0.84345,0.84367
2013.03.29 00:37:27.966,0.84346,0.84367
2013.03.29 00:37:31.641,0.84346,0.84366
2013.03.29 00:37:31.958,0.84349,0.84369
2013.03.29 00:37:32.168,0.84348,0.84369
2013.03.29 00:37:32.676,0.84347,0.84367
2013.03.29 00:37:33.077,0.84347,0.84368
2013.03.29 00:37:33.206,0.84347,0.84367
2013.03.29 00:37:33.765,0.84347,0.84367
2013.03.29 00:37:34.157,0.84347,0.84368
2013.03.29 00:37:34.285,0.84347,0.84368
2013.03.29 00:37:35.176,0.84347,0.84369
2013.03.29 00:37:35.837,0.84348,0.84368
2013.03.29 00:37:36.306,0.84349,0.84367
2013.03.29 00:37:36.956,0.84349,0.84368
2013.03.29 00:37:37.766,0.84349,0.84367
2013.03.29 00:37:38.026,0.84348,0.84368
2013.03.29 00:37:38.286,0.84348,0.84367
2013.03.29 00:37:38.787,0.84348,0.84368
2013.03.29 00:37:41.748,0.84349,0.84369
2013.03.29 00:37:44.165,0.84349,0.84369
2013.03.29 00:37:44.295,0.84349,0.84369
2013.03.29 00:37:44.811,0.84346,0.84367
2013.03.29 00:37:45.388,0.84346,0.84366
2013.03.29 00:37:45.896,0.84345,0.84366
2013.03.29 00:37:46.432,0.84345,0.84366
2013.03.29 00:37:47.640,0.84347,0.84366
2013.03.29 00:37:48.219,0.84347,0.84367
2013.03.29 00:37:48.866,0.84347,0.84366
2013.03.29 00:37:49.567,0.84347,0.84365
2013.03.29 00:37:54.487,0.84343,0.84363
2013.03.29 00:37:54.646,0.84343,0.84364
2013.03.29 00:37:54.719,0.84342,0.84363
2013.03.29 00:37:55.045,0.84342,0.84361
2013.03.29 00:37:55.558,0.84341,0.84361
2013.03.29 00:37:55.887,0.84343,0.84364
2013.03.29 00:37:56.138,0.84344,0.84366
2013.03.29 00:37:56.885,0.84344,0.84364
2013.03.29 00:38:01.157,0.84342,0.84362
2013.03.29 00:38:01.348,0.8434,0.84361
2013.03.29 00:38:02.485,0.84339,0.84357
2013.03.29 00:38:03.009,0.8434,0.84361
2013.03.29 00:38:03.546,0.84338,0.84359
2013.03.29 00:38:03.616,0.84337,0.84358
2013.03.29 00:38:03.945,0.84337,0.84356
2013.03.29 00:38:04.136,0.84337,0.84358
2013.03.29 00:38:05.065,0.84337,0.84356
2013.03.29 00:38:05.387,0.84334,0.84356
2013.03.29 00:38:05.576,0.84334,0.84355
2013.03.29 00:38:06.576,0.84334,0.84354
2013.03.29 00:38:06.646,0.84334,0.84356
2013.03.29 00:38:07.174,0.84334,0.84355
2013.03.29 00:38:09.825,0.84334,0.84352
2013.03.29 00:38:10.876,0.84335,0.84352
2013.03.29 00:38:11.436,0.84335,0.84353
2013.03.29 00:38:11.806,0.84335,0.84355
2013.03.29 00:38:11.936,0.84335,0.84354
2013.03.29 00:38:12.497,0.84335,0.84354
2013.03.29 00:38:12.826,0.84335,0.84353
2013.03.29 00:38:13.376,0.84334,0.84351
2013.03.29 00:38:15.249,0.84334,0.8435
2013.03.29 00:38:17.365,0.84335,0.8435
2013.03.29 00:38:22.195,0.84335,0.84351
2013.03.29 00:38:22.711,0.84335,0.84351
2013.03.29 00:38:23.268,0.84335,0.84352
2013.03.29 00:38:23.707,0.84335,0.84351
2013.03.29 00:38:24.267,0.84335,0.8435
2013.03.29 00:38:24.338,0.84335,0.84351
2013.03.29 00:38:24.476,0.84335,0.84349
2013.03.29 00:38:24.605,0.84335,0.84351
2013.03.29 00:38:24.916,0.84334,0.84349
2013.03.29 00:38:25.226,0.8433,0.84349
2013.03.29 00:38:25.355,0.84329,0.84347
2013.03.29 00:38:25.668,0.84324,0.84341
2013.03.29 00:38:25.976,0.84324,0.8434
2013.03.29 00:38:27.385,0.84323,0.8434
2013.03.29 00:38:27.525,0.84315,0.84334
2013.03.29 00:38:28.203,0.84314,0.84332
2013.03.29 00:38:28.276,0.84306,0.84326
2013.03.29 00:38:28.785,0.84306,0.84327
2013.03.29 00:38:29.106,0.84306,0.84328
2013.03.29 00:38:29.427,0.84305,0.84328
2013.03.29 00:38:29.975,0.84306,0.84325
2013.03.29 00:38:30.285,0.84305,0.84325
2013.03.29 00:38:31.336,0.84302,0.84322
2013.03.29 00:38:31.887,0.84302,0.8432
2013.03.29 00:38:32.435,0.84302,0.8432
2013.03.29 00:38:32.821,0.84302,0.84323
2013.03.29 00:38:35.065,0.84305,0.84323
2013.03.29 00:38:40.196,0.84304,0.84323
2013.03.29 00:38:42.457,0.84302,0.84323
2013.03.29 00:38:51.817,0.84305,0.84323
2013.03.29 00:38:51.947,0.84303,0.84323
2013.03.29 00:38:52.456,0.84304,0.84323
2013.03.29 00:38:55.296,0.84306,0.84325
2013.03.29 00:38:55.858,0.84306,0.84325
2013.03.29 00:38:56.655,0.84306,0.84325
2013.03.29 00:38:58.956,0.84311,0.84337
2013.03.29 00:38:59.031,0.84312,0.84336
2013.03.29 00:39:00.656,0.84314,0.84335
2013.03.29 00:39:02.225,0.84312,0.84335
2013.03.29 00:39:04.305,0.84312,0.84335
2013.03.29 00:39:06.237,0.84313,0.84334
2013.03.29 00:39:15.497,0.84312,0.84331
2013.03.29 00:39:16.056,0.84312,0.84331
2013.03.29 00:39:17.099,0.84311,0.84332
2013.03.29 00:39:17.605,0.84312,0.84331
2013.03.29 00:39:20.935,0.84312,0.84331
2013.03.29 00:39:21.476,0.84312,0.84327
2013.03.29 00:39:22.737,0.8431,0.84327
2013.03.29 00:39:22.926,0.8431,0.84327
2013.03.29 00:39:23.178,0.8431,0.84331
2013.03.29 00:39:25.504,0.8431,0.84331
2013.03.29 00:39:25.928,0.84309,0.84328
2013.03.29 00:39:26.435,0.84305,0.84325
2013.03.29 00:39:27.815,0.84304,0.84325
2013.03.29 00:39:28.965,0.84302,0.84325
2013.03.29 00:39:29.276,0.84302,0.84325
2013.03.29 00:39:29.475,0.84302,0.84325
2013.03.29 00:39:29.550,0.84302,0.84325
2013.03.29 00:39:32.138,0.84311,0.84328
2013.03.29 00:39:32.328,0.84312,0.8433
2013.03.29 00:39:32.816,0.84312,0.84328
2013.03.29 00:39:35.570,0.84307,0.84328
2013.03.29 00:39:37.236,0.8431,0.84328
2013.03.29 00:39:44.345,0.84309,0.84328
2013.03.29 00:39:45.496,0.8431,0.84328
2013.03.29 00:39:45.627,0.8431,0.84328
2013.03.29 00:39:46.977,0.84308,0.84328
2013.03.29 00:39:47.597,0.84308,0.84328
2013.03.29 00:39:47.738,0.84308,0.84326
2013.03.29 00:39:48.343,0.84308,0.84328
2013.03.29 00:39:51.434,0.84308,0.84328
2013.03.29 00:39:51.876,0.84309,0.8433
2013.03.29 00:39:54.256,0.84308,0.84329
2013.03.29 00:39:54.910,0.84308,0.84329
2013.03.29 00:39:58.407,0.84308,0.84328
2013.03.29 00:39:58.968,0.84309,0.8433
2013.03.29 00:40:02.877,0.84309,0.84331
2013.03.29 00:40:03.179,0.84309,0.8433
2013.03.29 00:40:03.737,0.8431,0.84329
2013.03.29 00:40:05.286,0.8431,0.8433
2013.03.29 00:40:05.679,0.8431,0.8433
2013.03.29 00:40:09.765,0.84311,0.8433
2013.03.29 00:40:09.895,0.84311,0.8433
2013.03.29 00:40:17.927,0.8431,0.84331
2013.03.29 00:40:23.317,0.8431,0.84331
2013.03.29 00:40:32.448,0.8431,0.84332
2013.03.29 00:40:37.106,0.8431,0.84332
2013.03.29 00:40:38.961,0.8431,0.84332
2013.03.29 00:40:39.356,0.84309,0.84332
2013.03.29 00:40:39.545,0.84309,0.84332
2013.03.29 00:40:40.046,0.84305,0.84327
2013.03.29 00:40:40.555,0.84305,0.84327
2013.03.29 00:40:41.926,0.84305,0.84329
2013.03.29 00:40:42.415,0.84305,0.84329
2013.03.29 00:40:48.710,0.84305,0.84327
2013.03.29 00:40:51.304,0.84313,0.84329
2013.03.29 00:40:51.647,0.84313,0.84333
2013.03.29 00:40:51.717,0.84314,0.84333
2013.03.29 00:40:52.256,0.84314,0.84333
2013.03.29 00:40:52.806,0.84314,0.84333
2013.03.29 00:40:53.447,0.84314,0.84336
2013.03.29 00:40:54.396,0.84316,0.84336
2013.03.29 00:40:54.729,0.84318,0.84338
2013.03.29 00:40:55.156,0.84315,0.84337
2013.03.29 00:40:55.229,0.84315,0.84336
2013.03.29 00:40:55.536,0.84315,0.84337
2013.03.29 00:40:58.286,0.84314,0.84337
2013.03.29 00:40:58.488,0.84315,0.84337
2013.03.29 00:40:59.297,0.84315,0.84337
2013.03.29 00:40:59.647,0.84315,0.84337
2013.03.29 00:40:59.836,0.84315,0.84337
2013.03.29 00:40:59.907,0.84315,0.84337
2013.03.29 00:41:04.017,0.84316,0.84336
2013.03.29 00:41:06.008,0.84315,0.84337
2013.03.29 00:41:09.267,0.84315,0.84337
2013.03.29 00:41:09.516,0.84315,0.84337
2013.03.29 00:41:10.867,0.84315,0.84337
2013.03.29 00:41:11.057,0.84313,0.84337
2013.03.29 00:41:11.557,0.84313,0.84337
2013.03.29 00:41:17.216,0.84314,0.84336
2013.03.29 00:41:17.947,0.84315,0.84336
2013.03.29 00:41:18.289,0.84321,0.8434
2013.03.29 00:41:18.847,0.84321,0.84341
2013.03.29 00:41:20.896,0.84321,0.84341
2013.03.29 00:41:22.046,0.84317,0.84341
2013.03.29 00:41:22.247,0.8432,0.84338
2013.03.29 00:41:22.626,0.84315,0.84339
2013.03.29 00:41:22.758,0.84312,0.84337
2013.03.29 00:41:22.899,0.84312,0.84338
2013.03.29 00:41:23.086,0.84313,0.84338
2013.03.29 00:41:23.716,0.84313,0.84338
2013.03.29 00:41:23.965,0.8431,0.84338
2013.03.29 00:41:24.176,0.84312,0.84338
2013.03.29 00:41:25.060,0.84315,0.84338
2013.03.29 00:41:25.417,0.84316,0.84341
2013.03.29 00:41:26.022,0.84316,0.84341
2013.03.29 00:41:26.701,0.84319,0.84341
2013.03.29 00:41:26.946,0.84323,0.84342
2013.03.29 00:41:27.494,0.84323,0.84345
2013.03.29 00:41:27.996,0.84327,0.84344
2013.03.29 00:41:28.305,0.84327,0.84344
2013.03.29 00:41:28.728,0.84327,0.84345
2013.03.29 00:41:28.796,0.84324,0.84343
2013.03.29 00:41:28.925,0.84325,0.84343
2013.03.29 00:41:29.046,0.84325,0.84343
2013.03.29 00:41:29.477,0.84331,0.84343
2013.03.29 00:41:29.787,0.84331,0.84344
2013.03.29 00:41:30.096,0.84332,0.84344
2013.03.29 00:41:30.686,0.8433,0.84344
2013.03.29 00:41:30.757,0.84331,0.84343
2013.03.29 00:41:30.827,0.84331,0.84343
2013.03.29 00:41:31.140,0.84338,0.84344
2013.03.29 00:41:31.699,0.84334,0.84344
2013.03.29 00:41:32.267,0.84333,0.84345
2013.03.29 00:41:32.827,0.84334,0.84345
2013.03.29 00:41:33.076,0.84335,0.84344
2013.03.29 00:41:33.265,0.8433,0.84342
2013.03.29 00:41:33.385,0.8433,0.84344
2013.03.29 00:41:33.696,0.84333,0.84344
2013.03.29 00:41:34.068,0.84334,0.84345
2013.03.29 00:41:34.571,0.84332,0.84345
2013.03.29 00:41:34.696,0.84332,0.84345
2013.03.29 00:41:34.826,0.84332,0.84346
2013.03.29 00:41:35.159,0.84331,0.84344
2013.03.29 00:41:35.360,0.84331,0.84343
2013.03.29 00:41:35.428,0.84329,0.84343
2013.03.29 00:41:35.617,0.84326,0.84342
2013.03.29 00:41:36.045,0.84337,0.84348
2013.03.29 00:41:36.821,0.84337,0.84348
2013.03.29 00:41:37.146,0.84349,0.84362
2013.03.29 00:41:37.756,0.84349,0.84363
2013.03.29 00:41:38.306,0.84349,0.84363
2013.03.29 00:41:38.506,0.84348,0.84362
2013.03.29 00:41:38.636,0.84348,0.84363
2013.03.29 00:41:38.957,0.84342,0.84355
2013.03.29 00:41:39.085,0.84338,0.84352
2013.03.29 00:41:39.158,0.84343,0.84361
2013.03.29 00:41:39.468,0.84343,0.84363
2013.03.29 00:41:39.716,0.84344,0.84362
2013.03.29 00:41:39.847,0.84341,0.84353
2013.03.29 00:41:39.976,0.84338,0.84353
2013.03.29 00:41:40.166,0.84338,0.8435
2013.03.29 00:41:40.500,0.84331,0.84341
2013.03.29 00:41:40.567,0.84331,0.84341
2013.03.29 00:41:40.640,0.84333,0.84341
2013.03.29 00:41:40.707,0.84333,0.84343
2013.03.29 00:41:40.781,0.84331,0.84343
2013.03.29 00:41:40.851,0.8433,0.84343
2013.03.29 00:41:41.180,0.8433,0.84344
2013.03.29 00:41:41.427,0.8433,0.84344
2013.03.29 00:41:41.557,0.8433,0.84344
2013.03.29 00:41:41.697,0.8433,0.84346
2013.03.29 00:41:42.007,0.8433,0.84346
2013.03.29 00:41:42.337,0.84333,0.84348
2013.03.29 00:41:42.888,0.84333,0.84348
2013.03.29 00:41:42.958,0.84331,0.84345
2013.03.29 00:41:43.029,0.84331,0.84345
2013.03.29 00:41:43.227,0.84327,0.84346
2013.03.29 00:41:43.498,0.84327,0.84343
2013.03.29 00:41:44.055,0.84327,0.84343
2013.03.29 00:41:45.031,0.84327,0.84342
2013.03.29 00:41:45.105,0.84325,0.84343
2013.03.29 00:41:45.976,0.84325,0.84343
2013.03.29 00:41:46.166,0.84325,0.84343
2013.03.29 00:41:47.656,0.84327,0.84343
2013.03.29 00:41:48.176,0.84327,0.84343
2013.03.29 00:41:51.696,0.84323,0.8434
2013.03.29 00:41:51.765,0.84323,0.84338
2013.03.29 00:41:51.836,0.84318,0.84338
2013.03.29 00:41:51.907,0.84317,0.84332
2013.03.29 00:41:51.976,0.84317,0.84332
2013.03.29 00:41:52.165,0.84314,0.84332
2013.03.29 00:41:52.237,0.84314,0.84335
2013.03.29 00:41:52.953,0.84315,0.84332
2013.03.29 00:41:53.027,0.84316,0.84337
2013.03.29 00:41:53.098,0.84316,0.84337
2013.03.29 00:41:53.450,0.84315,0.84335
2013.03.29 00:41:53.876,0.84315,0.84333
2013.03.29 00:41:54.006,0.84313,0.84332
2013.03.29 00:41:54.506,0.84313,0.8433
2013.03.29 00:41:56.198,0.8431,0.84327
2013.03.29 00:41:57.067,0.84309,0.84327
2013.03.29 00:41:59.367,0.84308,0.84327
2013.03.29 00:41:59.498,0.84308,0.84327
2013.03.29 00:41:59.627,0.84308,0.84327
2013.03.29 00:41:59.698,0.84305,0.84324
2013.03.29 00:41:59.827,0.84304,0.84323
2013.03.29 00:42:00.448,0.84304,0.84323
2013.03.29 00:42:00.518,0.84301,0.84322
2013.03.29 00:42:00.591,0.843,0.84322
2013.03.29 00:42:00.659,0.843,0.8432
2013.03.29 00:42:00.978,0.8429,0.84313
2013.03.29 00:42:01.425,0.84287,0.8431
2013.03.29 00:42:01.747,0.84286,0.84298
2013.03.29 00:42:01.817,0.84283,0.84294
2013.03.29 00:42:01.947,0.84283,0.84292
2013.03.29 00:42:02.019,0.84276,0.84288
2013.03.29 00:42:02.148,0.84275,0.8429
2013.03.29 00:42:02.217,0.84274,0.8429
2013.03.29 00:42:02.469,0.84269,0.84284
2013.03.29 00:42:02.537,0.84268,0.84281
2013.03.29 00:42:02.678,0.84268,0.84283
2013.03.29 00:42:02.937,0.84272,0.84283
2013.03.29 00:42:03.496,0.84272,0.84286
2013.03.29 00:42:03.697,0.84269,0.84286
2013.03.29 00:42:04.682,0.84268,0.84286
2013.03.29 00:42:05.000,0.84267,0.84282
2013.03.29 00:42:05.066,0.84266,0.84282
2013.03.29 00:42:05.208,0.84266,0.84284
2013.03.29 00:42:05.281,0.84266,0.84283
2013.03.29 00:42:05.864,0.84267,0.84282
2013.03.29 00:42:05.933,0.84267,0.84284
2013.03.29 00:42:05.997,0.84267,0.84285
2013.03.29 00:42:06.438,0.84267,0.84278
2013.03.29 00:42:06.967,0.84265,0.8428
2013.03.29 00:42:07.459,0.84265,0.84279
2013.03.29 00:42:07.588,0.84265,0.84279
2013.03.29 00:42:08.827,0.84268,0.84284
2013.03.29 00:42:08.898,0.84268,0.84282
2013.03.29 00:42:09.728,0.84267,0.84281
2013.03.29 00:42:10.318,0.84266,0.84281
2013.03.29 00:42:10.844,0.84266,0.84279
2013.03.29 00:42:10.911,0.84266,0.84279
2013.03.29 00:42:11.467,0.84267,0.84282
2013.03.29 00:42:11.940,0.84267,0.84282
2013.03.29 00:42:12.126,0.84268,0.84283
2013.03.29 00:42:13.031,0.84272,0.84284
2013.03.29 00:42:13.107,0.8428,0.84288
2013.03.29 00:42:13.499,0.84276,0.84288
2013.03.29 00:42:13.628,0.84281,0.843
2013.03.29 00:42:13.826,0.84283,0.84307
2013.03.29 00:42:13.957,0.84283,0.84303
2013.03.29 00:42:14.028,0.84283,0.84309
2013.03.29 00:42:14.996,0.84285,0.84311
2013.03.29 00:42:15.128,0.84286,0.84312
2013.03.29 00:42:15.198,0.84289,0.84312
2013.03.29 00:42:15.506,0.84287,0.84312
2013.03.29 00:42:15.746,0.84288,0.84314
2013.03.29 00:42:16.506,0.84289,0.84313
2013.03.29 00:42:16.759,0.84286,0.84312
2013.03.29 00:42:16.887,0.84284,0.84311
2013.03.29 00:42:17.887,0.84283,0.8431
2013.03.29 00:42:18.160,0.84275,0.84303
2013.03.29 00:42:18.286,0.84273,0.84301
2013.03.29 00:42:18.787,0.84272,0.84299
2013.03.29 00:42:18.976,0.84272,0.84299
2013.03.29 00:42:19.297,0.84272,0.84299
2013.03.29 00:42:24.446,0.84274,0.84297
2013.03.29 00:42:25.646,0.84275,0.84296
2013.03.29 00:42:25.958,0.84276,0.843
2013.03.29 00:42:26.506,0.84276,0.843
2013.03.29 00:42:28.185,0.84274,0.843
2013.03.29 00:42:28.316,0.84274,0.843
2013.03.29 00:42:28.467,0.84274,0.84298
2013.03.29 00:42:28.819,0.84274,0.84298
2013.03.29 00:42:29.127,0.84274,0.84298
2013.03.29 00:42:30.957,0.84275,0.84299
2013.03.29 00:42:31.217,0.84273,0.84299
2013.03.29 00:42:31.750,0.84273,0.84299
2013.03.29 00:42:33.737,0.84275,0.84297
2013.03.29 00:42:33.807,0.84274,0.84297
2013.03.29 00:42:34.787,0.84276,0.84299
2013.03.29 00:42:34.860,0.84275,0.84297
2013.03.29 00:42:34.930,0.84275,0.84297
2013.03.29 00:42:35.623,0.84273,0.84297
2013.03.29 00:42:36.265,0.84271,0.84297
2013.03.29 00:42:36.926,0.84272,0.84296
2013.03.29 00:42:37.070,0.84272,0.84296
2013.03.29 00:42:41.136,0.84272,0.84296
2013.03.29 00:42:41.327,0.84272,0.84294
2013.03.29 00:42:45.286,0.84273,0.84294
2013.03.29 00:42:45.677,0.84273,0.84294
2013.03.29 00:42:52.456,0.84277,0.84298
2013.03.29 00:42:52.527,0.84279,0.84298
2013.03.29 00:42:52.657,0.8428,0.84303
2013.03.29 00:42:52.729,0.84281,0.84303
2013.03.29 00:42:53.526,0.84277,0.84301
2013.03.29 00:42:53.988,0.84277,0.84301
2013.03.29 00:42:54.786,0.84276,0.84301
2013.03.29 00:42:59.376,0.84278,0.843
2013.03.29 00:42:59.886,0.84278,0.84301
2013.03.29 00:43:01.477,0.84278,0.84301
2013.03.29 00:43:02.867,0.84278,0.84301
2013.03.29 00:43:03.976,0.84277,0.84299
2013.03.29 00:43:04.047,0.84278,0.84299
2013.03.29 00:43:04.567,0.84276,0.84301
2013.03.29 00:43:06.106,0.84276,0.84301
2013.03.29 00:43:09.088,0.84276,0.84299
2013.03.29 00:43:10.257,0.84276,0.84298
2013.03.29 00:43:10.386,0.84275,0.84298
2013.03.29 00:43:10.458,0.84275,0.84299
2013.03.29 00:43:10.587,0.84276,0.84298
2013.03.29 00:43:10.846,0.84275,0.84298
2013.03.29 00:43:11.686,0.84275,0.84298
2013.03.29 00:43:12.147,0.84275,0.84292
2013.03.29 00:43:13.092,0.84276,0.84295
2013.03.29 00:43:13.340,0.84276,0.84295
2013.03.29 00:43:13.867,0.84275,0.84296
2013.03.29 00:43:20.266,0.84275,0.84296
2013.03.29 00:43:20.577,0.84273,0.84288
2013.03.29 00:43:20.646,0.8427,0.84287
2013.03.29 00:43:22.545,0.8427,0.84287
2013.03.29 00:43:37.607,0.84269,0.84287
2013.03.29 00:43:48.757,0.84269,0.84287
2013.03.29 00:43:49.067,0.84269,0.84287
2013.03.29 00:43:50.107,0.8427,0.84288
2013.03.29 00:43:52.120,0.8427,0.84286
2013.03.29 00:43:52.259,0.84268,0.84285
2013.03.29 00:43:52.508,0.8427,0.84286
2013.03.29 00:43:53.205,0.84271,0.84286
2013.03.29 00:43:53.791,0.84268,0.8428
2013.03.29 00:43:54.317,0.84269,0.84283
2013.03.29 00:43:54.857,0.84269,0.84286
2013.03.29 00:43:55.739,0.84269,0.84286
2013.03.29 00:43:55.877,0.84267,0.84282
2013.03.29 00:43:55.949,0.84267,0.84282
2013.03.29 00:43:56.507,0.84269,0.84283
2013.03.29 00:43:56.807,0.84269,0.84286
2013.03.29 00:44:01.039,0.84269,0.84284
2013.03.29 00:44:01.576,0.8427,0.84284
2013.03.29 00:44:02.209,0.8427,0.84284
2013.03.29 00:44:02.278,0.8427,0.84284
2013.03.29 00:44:03.069,0.8427,0.84284
2013.03.29 00:44:10.687,0.8427,0.84286
2013.03.29 00:44:10.818,0.84269,0.84286
2013.03.29 00:44:24.899,0.84268,0.84281
2013.03.29 00:44:27.180,0.84265,0.84281
2013.03.29 00:44:27.378,0.84262,0.84278
2013.03.29 00:44:27.449,0.84262,0.84278
2013.03.29 00:44:27.768,0.84263,0.84278
2013.03.29 00:44:28.152,0.84261,0.84276
2013.03.29 00:44:29.118,0.84261,0.84276
2013.03.29 00:44:30.816,0.84263,0.84277
2013.03.29 00:44:31.457,0.84268,0.84277
2013.03.29 00:44:32.367,0.84267,0.84276
2013.03.29 00:44:32.707,0.84268,0.84275
2013.03.29 00:44:33.017,0.84261,0.84274
2013.03.29 00:44:33.147,0.84257,0.84274
2013.03.29 00:44:33.846,0.84258,0.84274
2013.03.29 00:44:48.187,0.84257,0.84273
2013.03.29 00:44:48.317,0.84258,0.84275
2013.03.29 00:44:48.389,0.84258,0.84273
2013.03.29 00:44:49.076,0.84257,0.84273
2013.03.29 00:44:49.387,0.84257,0.84273
2013.03.29 00:44:49.460,0.84258,0.84273
2013.03.29 00:44:49.707,0.84258,0.84276
2013.03.29 00:44:51.076,0.84263,0.84276
2013.03.29 00:44:54.448,0.84263,0.84273
2013.03.29 00:44:54.818,0.84263,0.84273
2013.03.29 00:44:55.677,0.84263,0.84271
2013.03.29 00:44:55.808,0.84258,0.84271
2013.03.29 00:44:55.879,0.84257,0.84272
2013.03.29 00:44:55.951,0.84258,0.84272
2013.03.29 00:44:56.629,0.84257,0.84272
2013.03.29 00:44:57.057,0.84257,0.84269
2013.03.29 00:44:57.127,0.84257,0.84269
2013.03.29 00:44:57.497,0.84254,0.84267
2013.03.29 00:45:00.647,0.84254,0.84263
2013.03.29 00:45:01.537,0.84252,0.84266
2013.03.29 00:45:01.669,0.84252,0.84269
2013.03.29 00:45:02.727,0.84255,0.8427
2013.03.29 00:45:03.136,0.84255,0.84269
2013.03.29 00:45:03.680,0.84258,0.8427
2013.03.29 00:45:04.226,0.84258,0.84272
2013.03.29 00:45:04.536,0.84258,0.84273
2013.03.29 00:45:10.106,0.84258,0.84272
2013.03.29 00:45:10.468,0.84258,0.84273
2013.03.29 00:45:10.656,0.84258,0.84272
2013.03.29 00:45:11.446,0.84259,0.84272
2013.03.29 00:45:11.522,0.84263,0.84274
2013.03.29 00:45:12.207,0.84263,0.84277
2013.03.29 00:45:12.967,0.84263,0.84277
2013.03.29 00:45:14.039,0.84263,0.84277
2013.03.29 00:45:14.768,0.84263,0.84278
2013.03.29 00:45:29.606,0.84261,0.84278
2013.03.29 00:45:29.736,0.84261,0.84276
2013.03.29 00:45:44.526,0.84261,0.84275
2013.03.29 00:45:44.836,0.84264,0.84273
2013.03.29 00:45:47.168,0.84264,0.84277
2013.03.29 00:45:47.419,0.84264,0.84276
2013.03.29 00:45:48.148,0.84261,0.84277
2013.03.29 00:45:48.217,0.84258,0.84274
2013.03.29 00:45:48.468,0.84257,0.84274
2013.03.29 00:45:49.339,0.84256,0.84271
2013.03.29 00:45:50.317,0.84256,0.84271
2013.03.29 00:45:51.915,0.84256,0.84271
2013.03.29 00:45:53.427,0.84256,0.84272
2013.03.29 00:45:53.616,0.84256,0.84272
2013.03.29 00:45:53.676,0.84256,0.84274
2013.03.29 00:45:56.876,0.84256,0.84274
2013.03.29 00:46:01.418,0.84258,0.84276
2013.03.29 00:46:01.607,0.8426,0.84279
2013.03.29 00:46:02.011,0.84262,0.8428
2013.03.29 00:46:02.586,0.84264,0.84283
2013.03.29 00:46:08.038,0.84264,0.84283
2013.03.29 00:46:08.487,0.84268,0.84288
2013.03.29 00:46:08.558,0.84271,0.8429
2013.03.29 00:46:08.627,0.84271,0.84292
2013.03.29 00:46:09.209,0.84271,0.84292
2013.03.29 00:46:09.531,0.84272,0.84294
2013.03.29 00:46:10.077,0.84272,0.84293
2013.03.29 00:46:13.764,0.84279,0.84298
2013.03.29 00:46:13.834,0.84279,0.84298
2013.03.29 00:46:13.971,0.84281,0.84302
2013.03.29 00:46:14.288,0.84283,0.84305
2013.03.29 00:46:14.867,0.84283,0.84304
2013.03.29 00:46:15.427,0.84286,0.84305
2013.03.29 00:46:16.597,0.84286,0.84297
2013.03.29 00:46:16.729,0.84283,0.84294
2013.03.29 00:46:16.978,0.84284,0.84297
2013.03.29 00:46:17.346,0.84284,0.84303
2013.03.29 00:46:17.586,0.84284,0.84304
2013.03.29 00:46:18.156,0.84284,0.84304
2013.03.29 00:46:19.934,0.84285,0.84303
2013.03.29 00:46:20.492,0.84283,0.84301
2013.03.29 00:46:22.223,0.8428,0.84292
2013.03.29 00:46:22.294,0.84277,0.84292
2013.03.29 00:46:22.421,0.84276,0.84298
2013.03.29 00:46:22.690,0.84279,0.84294
2013.03.29 00:46:23.018,0.84277,0.84296
2013.03.29 00:46:23.209,0.84278,0.84296
2013.03.29 00:46:23.408,0.84278,0.84296
2013.03.29 00:46:23.479,0.84278,0.84296
2013.03.29 00:46:24.034,0.84278,0.84297
2013.03.29 00:46:25.327,0.84278,0.84298
2013.03.29 00:46:25.910,0.84279,0.843
2013.03.29 00:46:26.051,0.84279,0.84301
2013.03.29 00:46:26.567,0.84279,0.84299
2013.03.29 00:46:27.128,0.8428,0.84302
2013.03.29 00:46:27.268,0.8428,0.84302
2013.03.29 00:46:27.698,0.84282,0.84302
2013.03.29 00:46:27.889,0.84281,0.84302
2013.03.29 00:46:28.332,0.8428,0.843
2013.03.29 00:46:29.438,0.84279,0.84299
2013.03.29 00:46:30.788,0.84279,0.84301
2013.03.29 00:46:31.159,0.84281,0.84301
2013.03.29 00:46:31.226,0.84281,0.84301
2013.03.29 00:46:31.557,0.84283,0.84304
2013.03.29 00:46:33.821,0.84285,0.84304
2013.03.29 00:46:34.198,0.84285,0.84303
2013.03.29 00:46:34.328,0.84285,0.84303
2013.03.29 00:46:34.398,0.84285,0.84303
2013.03.29 00:46:34.538,0.84284,0.84303
2013.03.29 00:46:35.984,0.84282,0.84303
2013.03.29 00:46:36.057,0.84281,0.84298
2013.03.29 00:46:36.189,0.84281,0.84298
2013.03.29 00:46:36.499,0.84278,0.84296
2013.03.29 00:46:36.768,0.84278,0.84295
2013.03.29 00:46:37.719,0.84278,0.84294
2013.03.29 00:46:38.030,0.84276,0.84292
2013.03.29 00:46:41.437,0.84275,0.84294
2013.03.29 00:46:41.568,0.84276,0.84294
2013.03.29 00:46:41.877,0.84278,0.84295
2013.03.29 00:46:42.437,0.84279,0.84295
2013.03.29 00:46:46.937,0.84279,0.84297
2013.03.29 00:46:47.458,0.84279,0.84297
2013.03.29 00:46:47.528,0.84279,0.84296
2013.03.29 00:46:49.051,0.84278,0.84294
2013.03.29 00:46:59.268,0.84278,0.84296
2013.03.29 00:47:06.179,0.84278,0.84293
2013.03.29 00:47:06.376,0.84277,0.84292
2013.03.29 00:47:10.607,0.84275,0.8429
2013.03.29 00:47:10.858,0.84275,0.84287
2013.03.29 00:47:11.364,0.84275,0.84287
2013.03.29 00:47:12.257,0.84275,0.84288
2013.03.29 00:47:12.390,0.84275,0.84288
2013.03.29 00:47:13.079,0.84277,0.84293
2013.03.29 00:47:13.267,0.84277,0.84296
2013.03.29 00:47:13.839,0.84278,0.84297
2013.03.29 00:47:14.617,0.84278,0.84297
2013.03.29 00:47:15.167,0.84278,0.84297
2013.03.29 00:47:16.008,0.84278,0.84296
2013.03.29 00:47:16.528,0.84279,0.84299
2013.03.29 00:47:17.059,0.84281,0.843
2013.03.29 00:47:18.147,0.84281,0.843
2013.03.29 00:47:19.098,0.8428,0.843
2013.03.29 00:47:19.423,0.84284,0.84303
2013.03.29 00:47:19.491,0.84285,0.84303
2013.03.29 00:47:19.818,0.84284,0.84304
2013.03.29 00:47:19.947,0.84284,0.84304
2013.03.29 00:47:20.091,0.84283,0.84301
2013.03.29 00:47:23.047,0.84285,0.84304
2013.03.29 00:47:23.239,0.84286,0.84304
2013.03.29 00:47:23.747,0.84289,0.84307
2013.03.29 00:47:26.619,0.84288,0.84305
2013.03.29 00:47:26.809,0.84286,0.84305
2013.03.29 00:47:28.308,0.84286,0.84305
2013.03.29 00:47:36.029,0.84286,0.84305
2013.03.29 00:47:36.565,0.84286,0.84304
2013.03.29 00:47:37.068,0.84286,0.84305
2013.03.29 00:47:46.708,0.84288,0.84305
2013.03.29 00:47:47.120,0.84288,0.84308
2013.03.29 00:47:47.259,0.84288,0.84308
2013.03.29 00:47:53.580,0.84288,0.84305
2013.03.29 00:47:53.649,0.84287,0.84303
2013.03.29 00:47:54.158,0.84288,0.84304
2013.03.29 00:48:02.944,0.84287,0.84306
2013.03.29 00:48:03.259,0.84287,0.84308
2013.03.29 00:48:03.579,0.84289,0.84308
2013.03.29 00:48:03.648,0.84289,0.84304
2013.03.29 00:48:08.442,0.84287,0.84304
2013.03.29 00:48:08.526,0.84286,0.84307
2013.03.29 00:48:09.038,0.84289,0.84307
2013.03.29 00:48:09.719,0.84287,0.84305
2013.03.29 00:48:10.277,0.84287,0.84304
2013.03.29 00:48:13.887,0.84285,0.84302
2013.03.29 00:48:14.218,0.84279,0.84299
2013.03.29 00:48:15.477,0.84279,0.84297
2013.03.29 00:48:17.928,0.84278,0.84297
2013.03.29 00:48:18.118,0.8428,0.843
2013.03.29 00:48:18.249,0.84281,0.84301
2013.03.29 00:48:18.559,0.84282,0.84302
2013.03.29 00:48:19.547,0.84282,0.84302
2013.03.29 00:48:22.760,0.84279,0.84299
2013.03.29 00:48:23.078,0.84282,0.843
2013.03.29 00:48:23.598,0.84282,0.84301
2013.03.29 00:48:29.114,0.84282,0.84301
2013.03.29 00:48:29.631,0.84282,0.84301
2013.03.29 00:48:40.930,0.84282,0.843
2013.03.29 00:48:44.080,0.84281,0.843
2013.03.29 00:48:44.150,0.84281,0.843
2013.03.29 00:48:44.219,0.8428,0.84298
2013.03.29 00:48:44.470,0.84278,0.84298
2013.03.29 00:48:45.279,0.84278,0.84297
2013.03.29 00:48:45.408,0.84278,0.84297
2013.03.29 00:48:45.790,0.84277,0.84297
2013.03.29 00:48:45.919,0.84278,0.84297
2013.03.29 00:48:46.594,0.8428,0.84297
2013.03.29 00:48:50.139,0.84279,0.84298
2013.03.29 00:48:50.397,0.84279,0.84298
2013.03.29 00:48:50.587,0.8428,0.84299
2013.03.29 00:48:51.340,0.84282,0.843
2013.03.29 00:48:59.241,0.84282,0.843
2013.03.29 00:48:59.367,0.84282,0.843
2013.03.29 00:49:05.468,0.84282,0.843
2013.03.29 00:49:16.076,0.84281,0.843
2013.03.29 00:49:16.691,0.84281,0.843
2013.03.29 00:49:22.387,0.84281,0.84297
2013.03.29 00:49:22.457,0.84281,0.84294
2013.03.29 00:49:22.708,0.84276,0.84297
2013.03.29 00:49:22.897,0.8428,0.84297
2013.03.29 00:49:23.207,0.84281,0.84302
2013.03.29 00:49:23.336,0.84281,0.84302
2013.03.29 00:49:23.758,0.84281,0.843
2013.03.29 00:49:24.188,0.84282,0.84301
2013.03.29 00:49:24.737,0.84283,0.84302
2013.03.29 00:49:25.239,0.84283,0.84303
2013.03.29 00:49:25.787,0.84283,0.84302
2013.03.29 00:49:25.977,0.84283,0.84303
2013.03.29 00:49:26.537,0.84283,0.84303
2013.03.29 00:49:26.852,0.84283,0.84302
2013.03.29 00:49:27.099,0.8428,0.84302
2013.03.29 00:49:27.171,0.8428,0.843
2013.03.29 00:49:27.842,0.8428,0.843
2013.03.29 00:49:28.509,0.8428,0.84301
2013.03.29 00:49:28.831,0.8428,0.84303
2013.03.29 00:49:40.798,0.84291,0.843
2013.03.29 00:49:41.118,0.8429,0.843
2013.03.29 00:49:56.487,0.84291,0.84304
2013.03.29 00:49:56.558,0.84291,0.84303
2013.03.29 00:50:00.587,0.84291,0.84306
2013.03.29 00:50:13.108,0.84294,0.84309
2013.03.29 00:50:13.180,0.84294,0.84311
2013.03.29 00:50:13.308,0.84299,0.84318
2013.03.29 00:50:13.500,0.84299,0.84316
2013.03.29 00:50:13.687,0.84299,0.84317
2013.03.29 00:50:13.758,0.84304,0.84317
2013.03.29 00:50:16.268,0.84304,0.84318
2013.03.29 00:50:16.588,0.84304,0.84318
2013.03.29 00:50:17.136,0.84304,0.84322
2013.03.29 00:50:17.413,0.84304,0.84318
2013.03.29 00:50:18.435,0.84302,0.84316
2013.03.29 00:50:18.767,0.84296,0.84309
2013.03.29 00:50:20.687,0.84296,0.84309
2013.03.29 00:50:24.430,0.84296,0.84309
2013.03.29 00:50:24.956,0.84296,0.8431
2013.03.29 00:50:25.099,0.84296,0.84312
2013.03.29 00:50:25.234,0.84302,0.84313
2013.03.29 00:50:25.567,0.84299,0.84311
2013.03.29 00:50:28.470,0.84299,0.84312
2013.03.29 00:50:42.908,0.84296,0.8431
2013.03.29 00:50:42.977,0.84297,0.84306
2013.03.29 00:50:43.478,0.84296,0.84304
2013.03.29 00:50:44.037,0.84297,0.84306
2013.03.29 00:50:44.410,0.84297,0.84307
2013.03.29 00:50:44.538,0.84295,0.84306
2013.03.29 00:50:44.729,0.84295,0.84305
2013.03.29 00:50:44.937,0.84296,0.84306
2013.03.29 00:50:45.139,0.84294,0.84305
2013.03.29 00:50:46.073,0.84293,0.84305
2013.03.29 00:50:46.586,0.84293,0.84305
2013.03.29 00:50:48.377,0.84293,0.84303
2013.03.29 00:50:48.878,0.84293,0.84303
2013.03.29 00:50:51.209,0.84292,0.84303
2013.03.29 00:50:51.278,0.84292,0.84303
2013.03.29 00:50:52.650,0.84291,0.84302
2013.03.29 00:50:52.898,0.84292,0.84303
2013.03.29 00:50:53.619,0.84294,0.84303
2013.03.29 00:50:58.449,0.84287,0.84304
2013.03.29 00:51:00.048,0.84286,0.84304
2013.03.29 00:51:00.239,0.84287,0.84304
2013.03.29 00:51:00.368,0.84287,0.84304
2013.03.29 00:51:00.877,0.84285,0.84301
2013.03.29 00:51:01.380,0.84285,0.84301
2013.03.29 00:51:01.690,0.84286,0.84301
2013.03.29 00:51:02.367,0.84286,0.84305
2013.03.29 00:51:02.445,0.84286,0.84305
2013.03.29 00:51:02.578,0.84286,0.84305
2013.03.29 00:51:03.029,0.84286,0.84304
2013.03.29 00:51:05.119,0.84286,0.84302
2013.03.29 00:51:05.938,0.84286,0.84302
2013.03.29 00:51:12.360,0.84286,0.84304
2013.03.29 00:51:12.502,0.84289,0.84307
2013.03.29 00:51:12.711,0.84289,0.84309
2013.03.29 00:51:16.227,0.84289,0.84308
2013.03.29 00:51:16.608,0.84288,0.84303
2013.03.29 00:51:16.679,0.84288,0.84303
2013.03.29 00:51:16.869,0.84287,0.84304
2013.03.29 00:51:16.939,0.84288,0.84303
2013.03.29 00:51:17.007,0.84288,0.84303
2013.03.29 00:51:20.107,0.84284,0.84304
2013.03.29 00:51:20.178,0.84284,0.84304
2013.03.29 00:51:21.505,0.84282,0.84299
2013.03.29 00:51:21.827,0.84282,0.84296
2013.03.29 00:51:22.021,0.84279,0.84296
2013.03.29 00:51:22.159,0.84282,0.84302
2013.03.29 00:51:22.288,0.84282,0.84302
2013.03.29 00:51:22.796,0.8428,0.84301
2013.03.29 00:51:23.870,0.84281,0.84304
2013.03.29 00:51:24.192,0.84277,0.84298
2013.03.29 00:51:24.458,0.84272,0.84297
2013.03.29 00:51:24.600,0.84271,0.84296
2013.03.29 00:51:24.918,0.84269,0.84293
2013.03.29 00:51:25.421,0.8427,0.84293
2013.03.29 00:51:25.938,0.84272,0.84293
2013.03.29 00:51:26.700,0.84272,0.84293
2013.03.29 00:51:27.507,0.84272,0.84293
2013.03.29 00:51:28.039,0.84272,0.84293
2013.03.29 00:51:28.347,0.84272,0.84293
2013.03.29 00:51:28.719,0.84272,0.84293
2013.03.29 00:51:28.907,0.84272,0.84293
2013.03.29 00:51:29.248,0.84273,0.84293
2013.03.29 00:51:29.886,0.84273,0.84293
2013.03.29 00:51:30.459,0.84275,0.84296
2013.03.29 00:51:30.599,0.84276,0.84298
2013.03.29 00:51:30.739,0.84274,0.84297
2013.03.29 00:51:30.930,0.84274,0.84299
2013.03.29 00:51:31.184,0.84276,0.84301
2013.03.29 00:51:31.248,0.84279,0.84301
2013.03.29 00:51:31.318,0.8428,0.84301
2013.03.29 00:51:31.459,0.84279,0.84301
2013.03.29 00:51:31.788,0.8428,0.84301
2013.03.29 00:51:32.107,0.84281,0.84302
2013.03.29 00:51:32.657,0.84281,0.84303
2013.03.29 00:51:33.069,0.84281,0.84303
2013.03.29 00:51:33.197,0.84281,0.84304
2013.03.29 00:51:33.948,0.84282,0.84302
2013.03.29 00:51:34.076,0.84282,0.84302
2013.03.29 00:51:34.317,0.84282,0.84304
2013.03.29 00:51:34.677,0.84281,0.84304
2013.03.29 00:51:35.107,0.84281,0.84303
2013.03.29 00:51:35.608,0.84281,0.84305
2013.03.29 00:51:35.678,0.8428,0.84303
2013.03.29 00:51:36.177,0.8428,0.84303
2013.03.29 00:51:36.438,0.84282,0.84305
2013.03.29 00:51:36.820,0.84283,0.84305
2013.03.29 00:51:37.137,0.84282,0.84305
2013.03.29 00:51:37.578,0.84283,0.84305
2013.03.29 00:51:38.038,0.8428,0.84304
2013.03.29 00:51:38.181,0.84281,0.84306
2013.03.29 00:51:38.427,0.84282,0.84308
2013.03.29 00:51:38.619,0.84285,0.84309
2013.03.29 00:51:38.748,0.84285,0.84308
2013.03.29 00:51:38.939,0.84283,0.84305
2013.03.29 00:51:39.369,0.84283,0.84306
2013.03.29 00:51:39.622,0.84283,0.84308
2013.03.29 00:51:40.245,0.84283,0.84308
2013.03.29 00:51:40.718,0.84283,0.84307
2013.03.29 00:51:41.147,0.84283,0.84308
2013.03.29 00:51:41.688,0.84283,0.84304
2013.03.29 00:51:42.238,0.84283,0.84307
2013.03.29 00:51:42.369,0.84284,0.84307
2013.03.29 00:51:42.437,0.84282,0.84307
2013.03.29 00:51:42.689,0.84284,0.84304
2013.03.29 00:51:42.819,0.84281,0.843
2013.03.29 00:51:42.889,0.8428,0.843
2013.03.29 00:51:43.147,0.84278,0.84299
2013.03.29 00:51:43.668,0.84278,0.84299
2013.03.29 00:51:44.201,0.84278,0.84299
2013.03.29 00:51:44.338,0.84278,0.84299
2013.03.29 00:51:45.266,0.84278,0.84299
2013.03.29 00:51:45.348,0.84276,0.84298
2013.03.29 00:51:45.679,0.84273,0.84295
2013.03.29 00:51:47.188,0.84274,0.84295
2013.03.29 00:51:47.259,0.84274,0.84295
2013.03.29 00:51:50.189,0.84277,0.84299
2013.03.29 00:51:50.948,0.84277,0.84296
2013.03.29 00:51:51.207,0.84275,0.84296
2013.03.29 00:51:53.650,0.84273,0.84296
2013.03.29 00:51:53.969,0.84271,0.84293
2013.03.29 00:51:56.473,0.84271,0.84292
2013.03.29 00:51:57.012,0.84271,0.84292
2013.03.29 00:51:59.852,0.84271,0.84289
2013.03.29 00:52:01.399,0.84271,0.8429
2013.03.29 00:52:02.389,0.84271,0.84289
2013.03.29 00:52:02.952,0.84272,0.8429
2013.03.29 00:52:05.669,0.84273,0.84293
2013.03.29 00:52:06.188,0.84275,0.84294
2013.03.29 00:52:07.365,0.84276,0.84293
2013.03.29 00:52:07.502,0.84271,0.84289
2013.03.29 00:52:07.921,0.84269,0.8429
2013.03.29 00:52:08.470,0.84269,0.84291
2013.03.29 00:52:08.610,0.84269,0.84291
2013.03.29 00:52:16.696,0.84273,0.84298
2013.03.29 00:52:17.237,0.84273,0.84298
2013.03.29 00:52:17.368,0.84273,0.84298
2013.03.29 00:52:17.639,0.84273,0.84296
2013.03.29 00:52:18.138,0.84273,0.84296
2013.03.29 00:52:22.069,0.84274,0.84295
2013.03.29 00:52:22.399,0.84278,0.84296
2013.03.29 00:52:23.075,0.84278,0.84296
2013.03.29 00:52:23.608,0.84278,0.84296
2013.03.29 00:52:23.679,0.84278,0.84296
2013.03.29 00:52:25.379,0.84278,0.84294
2013.03.29 00:52:25.449,0.84278,0.84293
2013.03.29 00:52:26.646,0.84278,0.84291
2013.03.29 00:52:28.669,0.84278,0.84301
2013.03.29 00:52:28.740,0.8428,0.84304
2013.03.29 00:52:28.808,0.84284,0.84304
2013.03.29 00:52:29.128,0.84288,0.84304
2013.03.29 00:52:29.750,0.84288,0.84303
2013.03.29 00:52:30.181,0.84288,0.84303
2013.03.29 00:52:30.513,0.84292,0.84306
2013.03.29 00:52:32.621,0.84292,0.84306
2013.03.29 00:52:35.338,0.84292,0.84308
2013.03.29 00:52:36.657,0.84292,0.84309
2013.03.29 00:52:37.189,0.8429,0.84305
2013.03.29 00:52:38.618,0.8429,0.84305
2013.03.29 00:52:38.687,0.84297,0.84309
2013.03.29 00:52:38.998,0.84292,0.84307
2013.03.29 00:52:40.329,0.84292,0.8431
2013.03.29 00:52:41.478,0.84292,0.84309
2013.03.29 00:52:41.668,0.84292,0.84311
2013.03.29 00:52:42.205,0.84292,0.84312
2013.03.29 00:52:42.727,0.84292,0.84311
2013.03.29 00:52:44.051,0.84292,0.84309
2013.03.29 00:52:44.259,0.84287,0.84305
2013.03.29 00:52:44.578,0.84282,0.84303
2013.03.29 00:52:44.651,0.84282,0.84303
2013.03.29 00:52:44.779,0.84282,0.84301
2013.03.29 00:52:44.848,0.84282,0.84302
2013.03.29 00:52:45.787,0.84281,0.84303
2013.03.29 00:52:46.349,0.84283,0.84304
2013.03.29 00:52:46.859,0.84283,0.84304
2013.03.29 00:52:47.762,0.84286,0.84306
2013.03.29 00:52:48.418,0.84287,0.84306
2013.03.29 00:52:48.728,0.8429,0.84308
2013.03.29 00:52:48.988,0.84295,0.84316
2013.03.29 00:52:49.178,0.84296,0.8432
2013.03.29 00:52:49.247,0.84295,0.8432
2013.03.29 00:52:49.427,0.84297,0.8432
2013.03.29 00:52:49.787,0.84299,0.84321
2013.03.29 00:52:50.047,0.84301,0.84329
2013.03.29 00:52:50.177,0.84303,0.84329
2013.03.29 00:52:50.488,0.84308,0.84328
2013.03.29 00:52:50.857,0.84312,0.84332
2013.03.29 00:52:51.158,0.84318,0.84335
2013.03.29 00:52:51.230,0.84318,0.84336
2013.03.29 00:52:51.671,0.84318,0.84333
2013.03.29 00:52:51.740,0.84315,0.84333
2013.03.29 00:52:53.479,0.84315,0.84332
2013.03.29 00:52:53.607,0.84312,0.84332
2013.03.29 00:52:53.679,0.84312,0.84326
2013.03.29 00:52:53.749,0.8431,0.84324
2013.03.29 00:52:53.819,0.84308,0.84324
2013.03.29 00:52:54.007,0.84306,0.8432
2013.03.29 00:52:54.489,0.84302,0.8432
2013.03.29 00:52:55.532,0.84301,0.84321
2013.03.29 00:52:56.249,0.84301,0.84319
2013.03.29 00:52:56.568,0.84295,0.84315
2013.03.29 00:52:56.697,0.84291,0.84315
2013.03.29 00:52:56.757,0.84291,0.84313
2013.03.29 00:52:57.009,0.8429,0.84313
2013.03.29 00:52:57.774,0.84289,0.84309
2013.03.29 00:52:58.173,0.84289,0.84311
2013.03.29 00:52:58.694,0.84289,0.84309
2013.03.29 00:52:59.000,0.84289,0.8431
2013.03.29 00:52:59.550,0.84291,0.84311
2013.03.29 00:53:00.069,0.84291,0.84312
2013.03.29 00:53:00.768,0.8429,0.84309
2013.03.29 00:53:01.809,0.8429,0.84309
2013.03.29 00:53:01.878,0.8429,0.84309
2013.03.29 00:53:04.918,0.84292,0.84312
2013.03.29 00:53:05.478,0.84293,0.84313
2013.03.29 00:53:05.848,0.84293,0.84313
2013.03.29 00:53:05.918,0.84293,0.84312
2013.03.29 00:53:07.028,0.84293,0.84311
2013.03.29 00:53:07.348,0.84292,0.84311
2013.03.29 00:53:08.112,0.84292,0.8431
2013.03.29 00:53:08.637,0.8429,0.8431
2013.03.29 00:53:08.771,0.8429,0.84306
2013.03.29 00:53:08.840,0.8429,0.84302
2013.03.29 00:53:09.159,0.84286,0.84297
2013.03.29 00:53:09.230,0.84282,0.84297
2013.03.29 00:53:09.736,0.84281,0.84297
2013.03.29 00:53:10.872,0.84273,0.84294
2013.03.29 00:53:11.188,0.84272,0.84294
2013.03.29 00:53:11.446,0.84275,0.84297
2013.03.29 00:53:11.521,0.84276,0.84299
2013.03.29 00:53:11.849,0.84279,0.84301
2013.03.29 00:53:12.408,0.84279,0.84302
2013.03.29 00:53:13.188,0.84279,0.84302
2013.03.29 00:53:13.779,0.84278,0.84301
2013.03.29 00:53:14.102,0.84278,0.843
2013.03.29 00:53:14.447,0.84278,0.843
2013.03.29 00:53:14.718,0.84279,0.843
2013.03.29 00:53:15.122,0.8428,0.84303
2013.03.29 00:53:15.509,0.84285,0.84305
2013.03.29 00:53:15.638,0.84285,0.84307
2013.03.29 00:53:17.928,0.84288,0.84307
2013.03.29 00:53:18.494,0.84285,0.84307
2013.03.29 00:53:18.868,0.84285,0.84307
2013.03.29 00:53:19.239,0.84284,0.84308
2013.03.29 00:53:19.569,0.84284,0.84308
2013.03.29 00:53:26.889,0.84285,0.84305
2013.03.29 00:53:27.081,0.84283,0.84304
2013.03.29 00:53:29.290,0.84282,0.84302
2013.03.29 00:53:30.680,0.84283,0.84302
2013.03.29 00:53:31.140,0.84283,0.84303
2013.03.29 00:53:32.177,0.84283,0.84303
2013.03.29 00:53:33.931,0.84282,0.84302
2013.03.29 00:53:35.119,0.84282,0.84301
2013.03.29 00:53:35.459,0.84283,0.84301
2013.03.29 00:53:36.086,0.84283,0.84301
2013.03.29 00:53:37.019,0.84283,0.84301
2013.03.29 00:53:37.412,0.84282,0.84301
2013.03.29 00:53:38.208,0.84282,0.84304
2013.03.29 00:53:38.338,0.84282,0.84301
2013.03.29 00:53:38.768,0.84278,0.843
2013.03.29 00:53:39.795,0.84278,0.843
2013.03.29 00:53:40.144,0.84276,0.84297
2013.03.29 00:53:40.678,0.84275,0.84297
2013.03.29 00:53:42.434,0.84275,0.84297
2013.03.29 00:53:42.940,0.84275,0.84296
2013.03.29 00:53:44.037,0.84276,0.843
2013.03.29 00:53:44.114,0.84277,0.843
2013.03.29 00:53:45.159,0.84277,0.84299
2013.03.29 00:53:45.541,0.84277,0.84298
2013.03.29 00:53:45.671,0.84277,0.84299
2013.03.29 00:53:46.949,0.84281,0.843
2013.03.29 00:53:47.548,0.84278,0.843
2013.03.29 00:53:48.638,0.84278,0.84301
2013.03.29 00:53:49.188,0.84279,0.843
2013.03.29 00:53:49.641,0.84283,0.84307
2013.03.29 00:53:50.008,0.84283,0.84307
2013.03.29 00:53:54.259,0.84292,0.84309
2013.03.29 00:53:55.398,0.84289,0.84309
2013.03.29 00:53:55.957,0.84288,0.84308
2013.03.29 00:54:01.607,0.84284,0.84304
2013.03.29 00:54:01.683,0.84286,0.84304
2013.03.29 00:54:01.750,0.84286,0.84308
2013.03.29 00:54:02.029,0.84286,0.84304
2013.03.29 00:54:03.550,0.84284,0.84305
2013.03.29 00:54:03.689,0.84286,0.84307
2013.03.29 00:54:04.319,0.84286,0.84307
2013.03.29 00:54:04.659,0.84283,0.84305
2013.03.29 00:54:04.979,0.84284,0.84305
2013.03.29 00:54:05.549,0.84284,0.84307
2013.03.29 00:54:05.883,0.84284,0.84307
2013.03.29 00:54:05.949,0.84288,0.8431
2013.03.29 00:54:06.089,0.84291,0.84313
2013.03.29 00:54:06.159,0.84297,0.84317
2013.03.29 00:54:06.300,0.84296,0.84319
2013.03.29 00:54:06.429,0.84297,0.84322
2013.03.29 00:54:06.748,0.84297,0.8432
2013.03.29 00:54:07.170,0.84296,0.84318
2013.03.29 00:54:07.244,0.84296,0.84316
2013.03.29 00:54:07.431,0.84295,0.84316
2013.03.29 00:54:07.643,0.84292,0.84316
2013.03.29 00:54:07.773,0.84292,0.84315
2013.03.29 00:54:07.915,0.84294,0.84314
2013.03.29 00:54:08.264,0.84303,0.8432
2013.03.29 00:54:08.331,0.84297,0.8432
2013.03.29 00:54:08.405,0.84297,0.84321
2013.03.29 00:54:08.470,0.84301,0.84327
2013.03.29 00:54:08.602,0.84304,0.84325
2013.03.29 00:54:08.670,0.84298,0.84325
2013.03.29 00:54:08.739,0.84298,0.84326
2013.03.29 00:54:08.812,0.843,0.84327
2013.03.29 00:54:08.953,0.84297,0.84325
2013.03.29 00:54:09.089,0.843,0.84325
2013.03.29 00:54:09.157,0.843,0.84325
2013.03.29 00:54:09.232,0.84304,0.84325
2013.03.29 00:54:09.299,0.84304,0.84323
2013.03.29 00:54:09.428,0.84302,0.84321
2013.03.29 00:54:09.818,0.84302,0.84324
2013.03.29 00:54:09.949,0.84302,0.84321
2013.03.29 00:54:10.018,0.84302,0.8432
2013.03.29 00:54:10.088,0.84299,0.8432
2013.03.29 00:54:10.164,0.84299,0.8432
2013.03.29 00:54:10.236,0.84298,0.84319
2013.03.29 00:54:10.571,0.84302,0.84322
2013.03.29 00:54:11.476,0.843,0.84322
2013.03.29 00:54:11.554,0.843,0.8432
2013.03.29 00:54:12.040,0.84304,0.84323
2013.03.29 00:54:12.588,0.84304,0.84323
2013.03.29 00:54:12.920,0.843,0.84321
2013.03.29 00:54:13.446,0.843,0.84318
2013.03.29 00:54:13.659,0.84301,0.84318
2013.03.29 00:54:13.792,0.84299,0.84317
2013.03.29 00:54:13.932,0.84301,0.84323
2013.03.29 00:54:14.250,0.84304,0.84324
2013.03.29 00:54:15.239,0.84301,0.84321
2013.03.29 00:54:15.779,0.84297,0.8432
2013.03.29 00:54:16.119,0.84297,0.84317
2013.03.29 00:54:16.680,0.84298,0.84317
2013.03.29 00:54:16.821,0.84301,0.8432
2013.03.29 00:54:17.081,0.84302,0.84322
2013.03.29 00:54:17.411,0.84303,0.84322
2013.03.29 00:54:17.740,0.84304,0.84323
2013.03.29 00:54:17.885,0.84304,0.84323
2013.03.29 00:54:18.079,0.84301,0.84322
2013.03.29 00:54:18.599,0.84301,0.84322
2013.03.29 00:54:18.801,0.84304,0.84325
2013.03.29 00:54:18.869,0.84307,0.84324
2013.03.29 00:54:18.939,0.84306,0.84322
2013.03.29 00:54:19.010,0.84304,0.84322
2013.03.29 00:54:19.421,0.84302,0.84322
2013.03.29 00:54:19.549,0.84298,0.84322
2013.03.29 00:54:19.680,0.843,0.84323
2013.03.29 00:54:19.882,0.84303,0.84323
2013.03.29 00:54:19.952,0.84306,0.84324
2013.03.29 00:54:20.150,0.84309,0.84327
2013.03.29 00:54:20.982,0.8431,0.84328
2013.03.29 00:54:21.058,0.8431,0.84328
2013.03.29 00:54:21.132,0.8431,0.84328
2013.03.29 00:54:21.648,0.84313,0.84331
2013.03.29 00:54:22.009,0.84312,0.84331
2013.03.29 00:54:23.428,0.84314,0.84331
2013.03.29 00:54:24.438,0.84315,0.84331
2013.03.29 00:54:24.509,0.84315,0.84331
2013.03.29 00:54:24.578,0.84315,0.84331
2013.03.29 00:54:24.950,0.84315,0.84332
2013.03.29 00:54:25.078,0.84315,0.84336
2013.03.29 00:54:25.448,0.84318,0.84339
2013.03.29 00:54:25.970,0.84317,0.84338
2013.03.29 00:54:26.349,0.84318,0.84339
2013.03.29 00:54:26.939,0.84318,0.84339
2013.03.29 00:54:27.378,0.84321,0.84339
2013.03.29 00:54:27.450,0.84321,0.84339
2013.03.29 00:54:27.959,0.84323,0.84342
2013.03.29 00:54:28.033,0.84329,0.84342
2013.03.29 00:54:28.108,0.84329,0.84343
2013.03.29 00:54:28.613,0.84328,0.84343
2013.03.29 00:54:29.169,0.84327,0.84343
2013.03.29 00:54:29.990,0.84324,0.84342
2013.03.29 00:54:30.618,0.84324,0.84341
2013.03.29 00:54:31.340,0.8433,0.84344
2013.03.29 00:54:31.659,0.84331,0.84344
2013.03.29 00:54:32.398,0.84331,0.84344
2013.03.29 00:54:33.099,0.84331,0.84344
2013.03.29 00:54:33.400,0.84333,0.84351
2013.03.29 00:54:33.469,0.84336,0.8436
2013.03.29 00:54:33.540,0.8434,0.84357
2013.03.29 00:54:33.868,0.84341,0.84353
2013.03.29 00:54:34.194,0.84341,0.84352
2013.03.29 00:54:34.330,0.84338,0.84353
2013.03.29 00:54:34.404,0.8434,0.84352
2013.03.29 00:54:34.540,0.8434,0.84355
2013.03.29 00:54:34.608,0.8434,0.84355
2013.03.29 00:54:34.857,0.84344,0.84367
2013.03.29 00:54:35.658,0.84346,0.84368
2013.03.29 00:54:37.581,0.84348,0.84369
2013.03.29 00:54:37.720,0.84352,0.84371
2013.03.29 00:54:37.909,0.84352,0.84372
2013.03.29 00:54:38.418,0.84354,0.84373
2013.03.29 00:54:38.921,0.84354,0.84372
2013.03.29 00:54:39.249,0.84353,0.84377
2013.03.29 00:54:39.378,0.84353,0.84377
2013.03.29 00:54:39.914,0.84355,0.84377
2013.03.29 00:54:40.241,0.84354,0.84377
2013.03.29 00:54:40.799,0.84355,0.84377
2013.03.29 00:54:41.141,0.84355,0.84378
2013.03.29 00:54:41.410,0.84346,0.84372
2013.03.29 00:54:42.229,0.84345,0.84371
2013.03.29 00:54:42.307,0.84346,0.84372
2013.03.29 00:54:42.390,0.84346,0.84372
2013.03.29 00:54:42.937,0.84348,0.84371
2013.03.29 00:54:43.749,0.84346,0.8437
2013.03.29 00:54:44.258,0.84345,0.8437
2013.03.29 00:54:44.681,0.84346,0.84371
2013.03.29 00:54:44.999,0.84348,0.84371
2013.03.29 00:54:45.198,0.84346,0.8437
2013.03.29 00:54:45.388,0.84346,0.84371
2013.03.29 00:54:45.719,0.84348,0.84373
2013.03.29 00:54:46.220,0.84349,0.84374
2013.03.29 00:54:46.607,0.84349,0.84373
2013.03.29 00:54:46.850,0.84349,0.84372
2013.03.29 00:54:46.978,0.84348,0.84371
2013.03.29 00:54:47.722,0.84347,0.8437
2013.03.29 00:54:47.991,0.84345,0.84368
2013.03.29 00:54:48.539,0.84343,0.84367
2013.03.29 00:54:48.610,0.84343,0.84367
2013.03.29 00:54:48.929,0.84345,0.84366
2013.03.29 00:54:49.181,0.84344,0.84368
2013.03.29 00:54:49.429,0.84348,0.84371
2013.03.29 00:54:49.499,0.84348,0.84372
2013.03.29 00:54:49.643,0.84345,0.84371
2013.03.29 00:54:49.979,0.84343,0.84368
2013.03.29 00:54:51.428,0.84345,0.84369
2013.03.29 00:54:51.500,0.84345,0.84371
2013.03.29 00:54:51.569,0.84347,0.84369
2013.03.29 00:54:51.878,0.84348,0.84372
2013.03.29 00:54:53.881,0.84347,0.8437
2013.03.29 00:54:54.399,0.84346,0.8437
2013.03.29 00:54:54.945,0.84346,0.84368
2013.03.29 00:54:55.251,0.84347,0.84368
2013.03.29 00:54:55.322,0.84347,0.84369
2013.03.29 00:54:55.882,0.84348,0.84373
2013.03.29 00:54:55.948,0.84348,0.84372
2013.03.29 00:54:56.080,0.84348,0.84374
2013.03.29 00:54:56.329,0.84351,0.84374
2013.03.29 00:54:56.398,0.84351,0.84374
2013.03.29 00:54:57.146,0.84351,0.84371
2013.03.29 00:54:57.210,0.84351,0.84373
2013.03.29 00:54:57.279,0.84351,0.84374
2013.03.29 00:54:57.849,0.84352,0.84374
2013.03.29 00:55:00.029,0.84351,0.84372
2013.03.29 00:55:00.161,0.84346,0.84372
2013.03.29 00:55:00.304,0.84341,0.84367
2013.03.29 00:55:00.370,0.84341,0.84365
2013.03.29 00:55:00.620,0.8434,0.84365
2013.03.29 00:55:00.750,0.8434,0.84352
2013.03.29 00:55:01.152,0.84332,0.84353
2013.03.29 00:55:01.224,0.84332,0.84353
2013.03.29 00:55:01.422,0.84326,0.84343
2013.03.29 00:55:01.565,0.84319,0.84343
2013.03.29 00:55:01.629,0.84315,0.84348
2013.03.29 00:55:01.950,0.84318,0.84346
2013.03.29 00:55:02.259,0.84327,0.84352
2013.03.29 00:55:02.580,0.84326,0.84345
2013.03.29 00:55:03.149,0.8433,0.84345
2013.03.29 00:55:03.290,0.8433,0.84346
2013.03.29 00:55:04.080,0.84323,0.84346
2013.03.29 00:55:04.611,0.84326,0.84345
2013.03.29 00:55:04.682,0.84329,0.84346
2013.03.29 00:55:05.089,0.84335,0.84352
2013.03.29 00:55:05.160,0.84335,0.84352
2013.03.29 00:55:05.349,0.84336,0.84353
2013.03.29 00:55:05.721,0.84336,0.84362
2013.03.29 00:55:05.849,0.84336,0.84362
2013.03.29 00:55:05.989,0.84334,0.84353
2013.03.29 00:55:06.061,0.84332,0.84346
2013.03.29 00:55:06.188,0.8433,0.84346
2013.03.29 00:55:06.318,0.8433,0.84346
