Time,Bid,Ask
2013.03.12 00:00:00.761,0.8743,0.87444
2013.03.12 00:00:01.634,0.87431,0.87445
2013.03.12 00:00:02.029,0.87431,0.87448
2013.03.12 00:00:03.269,0.8743,0.87446
2013.03.12 00:00:04.709,0.8743,0.87446
2013.03.12 00:00:10.092,0.87429,0.87445
2013.03.12 00:00:10.401,0.87429,0.87442
2013.03.12 00:00:10.710,0.87425,0.87439
2013.03.12 00:00:14.270,0.87425,0.87439
2013.03.12 00:00:20.723,0.87424,0.87439
2013.03.12 00:00:22.509,0.87425,0.87438
2013.03.12 00:00:24.481,0.87424,0.8744
2013.03.12 00:00:25.280,0.8743,0.87443
2013.03.12 00:00:25.341,0.8743,0.87446
2013.03.12 00:00:27.850,0.87429,0.87446
2013.03.12 00:00:33.249,0.8743,0.87447
2013.03.12 00:00:34.872,0.87431,0.87447
2013.03.12 00:00:35.002,0.87431,0.87445
2013.03.12 00:00:35.070,0.87431,0.87447
2013.03.12 00:00:35.189,0.87427,0.87443
2013.03.12 00:00:35.671,0.87427,0.87443
2013.03.12 00:00:36.222,0.87425,0.87442
2013.03.12 00:00:40.164,0.87425,0.87441
2013.03.12 00:00:40.670,0.87425,0.87439
2013.03.12 00:00:41.261,0.87425,0.87439
2013.03.12 00:00:42.481,0.87425,0.87438
2013.03.12 00:00:44.650,0.87425,0.8744
2013.03.12 00:00:44.891,0.87425,0.87442
2013.03.12 00:00:45.685,0.87427,0.87443
2013.03.12 00:00:46.422,0.87428,0.87446
2013.03.12 00:00:49.811,0.87428,0.87446
2013.03.12 00:00:50.530,0.87428,0.87446
2013.03.12 00:00:51.015,0.87428,0.87446
2013.03.12 00:00:54.011,0.87427,0.87444
2013.03.12 00:00:54.491,0.87428,0.87444
2013.03.12 00:00:55.264,0.87428,0.87446
2013.03.12 00:00:56.257,0.87424,0.8744
2013.03.12 00:00:57.072,0.87425,0.8744
2013.03.12 00:00:57.584,0.87424,0.87437
2013.03.12 00:00:58.144,0.87425,0.87439
2013.03.12 00:00:58.651,0.87425,0.87439
2013.03.12 00:00:59.552,0.87424,0.87437
2013.03.12 00:01:00.100,0.87424,0.87437
2013.03.12 00:01:02.272,0.87425,0.87438
2013.03.12 00:01:04.212,0.87425,0.87438
2013.03.12 00:01:05.111,0.87425,0.87435
2013.03.12 00:01:05.243,0.87421,0.87435
2013.03.12 00:01:05.802,0.87422,0.87434
2013.03.12 00:01:06.483,0.87421,0.87434
2013.03.12 00:01:06.803,0.87421,0.87435
2013.03.12 00:01:07.233,0.87423,0.87439
2013.03.12 00:01:08.702,0.87421,0.87435
2013.03.12 00:01:08.774,0.87421,0.87433
2013.03.12 00:01:09.022,0.87418,0.87435
2013.03.12 00:01:09.163,0.87419,0.87437
2013.03.12 00:01:09.352,0.87419,0.87437
2013.03.12 00:01:09.872,0.87424,0.8744
2013.03.12 00:01:10.381,0.87425,0.8744
2013.03.12 00:01:10.825,0.87424,0.8744
2013.03.12 00:01:11.371,0.87423,0.87438
2013.03.12 00:01:12.124,0.87422,0.87438
2013.03.12 00:01:15.561,0.87422,0.87437
2013.03.12 00:01:22.562,0.87422,0.87436
2013.03.12 00:01:23.121,0.87422,0.87438
2013.03.12 00:01:24.911,0.87422,0.87436
2013.03.12 00:01:25.474,0.87421,0.87435
2013.03.12 00:01:25.542,0.87421,0.87436
2013.03.12 00:01:25.794,0.8742,0.87435
2013.03.12 00:01:26.101,0.87418,0.87433
2013.03.12 00:01:26.431,0.87416,0.87431
2013.03.12 00:01:26.740,0.87416,0.87431
2013.03.12 00:01:27.292,0.87416,0.87432
2013.03.12 00:01:28.322,0.87415,0.87429
2013.03.12 00:01:28.641,0.87415,0.87429
2013.03.12 00:01:28.712,0.87413,0.87428
2013.03.12 00:01:29.260,0.87413,0.87429
2013.03.12 00:01:33.621,0.87414,0.8743
2013.03.12 00:01:33.872,0.87418,0.87437
2013.03.12 00:01:34.004,0.87419,0.87437
2013.03.12 00:01:34.313,0.8742,0.87435
2013.03.12 00:01:34.381,0.87421,0.87436
2013.03.12 00:01:34.752,0.87422,0.87436
2013.03.12 00:01:35.623,0.87423,0.87439
2013.03.12 00:01:36.181,0.87424,0.87438
2013.03.12 00:01:37.053,0.87424,0.87438
2013.03.12 00:01:37.311,0.8743,0.87445
2013.03.12 00:01:37.684,0.87431,0.87449
2013.03.12 00:01:37.753,0.87433,0.8745
2013.03.12 00:01:37.943,0.87434,0.87449
2013.03.12 00:01:38.072,0.87434,0.8745
2013.03.12 00:01:38.200,0.87435,0.87451
2013.03.12 00:01:38.323,0.87437,0.87453
2013.03.12 00:01:38.630,0.87438,0.87453
2013.03.12 00:01:40.407,0.87438,0.87453
2013.03.12 00:01:40.911,0.87439,0.87453
2013.03.12 00:01:41.421,0.87441,0.87453
2013.03.12 00:01:41.911,0.87441,0.87453
2013.03.12 00:01:42.451,0.87441,0.87453
2013.03.12 00:01:44.648,0.87439,0.87453
2013.03.12 00:01:45.191,0.87438,0.87452
2013.03.12 00:01:47.053,0.87437,0.87451
2013.03.12 00:01:47.182,0.87437,0.87451
2013.03.12 00:01:47.431,0.87436,0.8745
2013.03.12 00:01:47.615,0.87434,0.87449
2013.03.12 00:01:47.741,0.87434,0.87449
2013.03.12 00:01:48.292,0.87434,0.87449
2013.03.12 00:01:49.031,0.87432,0.87448
2013.03.12 00:01:52.670,0.87433,0.87448
2013.03.12 00:01:54.422,0.87434,0.87448
2013.03.12 00:01:54.731,0.87431,0.87446
2013.03.12 00:01:55.040,0.87427,0.87443
2013.03.12 00:01:55.161,0.87427,0.87442
2013.03.12 00:01:55.231,0.87425,0.87442
2013.03.12 00:01:55.471,0.87425,0.8744
2013.03.12 00:01:55.892,0.87422,0.8744
2013.03.12 00:01:56.081,0.87426,0.87441
2013.03.12 00:01:56.571,0.87426,0.8744
2013.03.12 00:01:57.050,0.87426,0.87441
2013.03.12 00:01:57.171,0.87426,0.87441
2013.03.12 00:01:57.770,0.87426,0.87441
2013.03.12 00:01:57.951,0.87426,0.87441
2013.03.12 00:02:00.503,0.87424,0.87437
2013.03.12 00:02:00.822,0.87422,0.87436
2013.03.12 00:02:01.252,0.87422,0.87436
2013.03.12 00:02:02.002,0.87422,0.87437
2013.03.12 00:02:02.560,0.87423,0.87438
2013.03.12 00:02:04.013,0.87422,0.87436
2013.03.12 00:02:04.682,0.87418,0.87434
2013.03.12 00:02:04.871,0.87419,0.87434
2013.03.12 00:02:05.410,0.87418,0.87434
2013.03.12 00:02:05.952,0.87417,0.87434
2013.03.12 00:02:09.150,0.87417,0.87434
2013.03.12 00:02:09.391,0.87419,0.87434
2013.03.12 00:02:09.931,0.87419,0.87435
2013.03.12 00:02:10.362,0.87421,0.87437
2013.03.12 00:02:10.921,0.87419,0.87437
2013.03.12 00:02:11.520,0.87419,0.87437
2013.03.12 00:02:13.274,0.87422,0.87434
2013.03.12 00:02:13.641,0.87419,0.87433
2013.03.12 00:02:13.773,0.87418,0.87431
2013.03.12 00:02:13.842,0.87418,0.87431
2013.03.12 00:02:20.260,0.87419,0.87433
2013.03.12 00:02:20.881,0.8742,0.87434
2013.03.12 00:02:23.232,0.8742,0.87435
2013.03.12 00:02:23.892,0.87418,0.87433
2013.03.12 00:02:24.874,0.87418,0.87435
2013.03.12 00:02:25.001,0.87423,0.87437
2013.03.12 00:02:25.181,0.87423,0.87437
2013.03.12 00:02:25.753,0.87419,0.87437
2013.03.12 00:02:26.820,0.87419,0.87436
2013.03.12 00:02:27.061,0.87418,0.87436
2013.03.12 00:02:27.180,0.87417,0.87434
2013.03.12 00:02:27.709,0.87418,0.87434
2013.03.12 00:02:31.221,0.87423,0.87435
2013.03.12 00:02:31.291,0.87423,0.87439
2013.03.12 00:02:31.351,0.87423,0.87439
2013.03.12 00:02:31.412,0.87423,0.87439
2013.03.12 00:02:31.541,0.87425,0.87439
2013.03.12 00:02:31.902,0.87421,0.87438
2013.03.12 00:02:33.290,0.87423,0.87438
2013.03.12 00:02:33.470,0.87422,0.87436
2013.03.12 00:02:33.771,0.87424,0.87437
2013.03.12 00:02:33.843,0.87424,0.87439
2013.03.12 00:02:33.910,0.87424,0.87439
2013.03.12 00:02:34.450,0.87424,0.87438
2013.03.12 00:02:35.489,0.87424,0.87438
2013.03.12 00:02:35.824,0.87424,0.87438
2013.03.12 00:02:38.505,0.87425,0.87438
2013.03.12 00:02:39.612,0.87426,0.87438
2013.03.12 00:02:39.681,0.87426,0.87438
2013.03.12 00:02:40.230,0.87427,0.87438
2013.03.12 00:02:40.747,0.87427,0.8744
2013.03.12 00:02:46.172,0.87427,0.87441
2013.03.12 00:02:46.361,0.87427,0.87441
2013.03.12 00:02:46.421,0.87428,0.87442
2013.03.12 00:02:46.980,0.87425,0.87441
2013.03.12 00:02:47.291,0.87423,0.87438
2013.03.12 00:02:47.362,0.87423,0.87438
2013.03.12 00:02:47.432,0.87423,0.87438
2013.03.12 00:02:47.981,0.87423,0.87437
2013.03.12 00:02:48.514,0.87423,0.87437
2013.03.12 00:02:48.821,0.87422,0.87437
2013.03.12 00:02:50.830,0.87421,0.87435
2013.03.12 00:02:51.371,0.8742,0.87434
2013.03.12 00:02:53.462,0.8742,0.87435
2013.03.12 00:02:55.761,0.8742,0.87434
2013.03.12 00:02:57.850,0.8742,0.87435
2013.03.12 00:03:01.430,0.8742,0.87434
2013.03.12 00:03:18.370,0.87417,0.87433
2013.03.12 00:03:18.909,0.87419,0.87434
2013.03.12 00:03:19.031,0.87421,0.87437
2013.03.12 00:03:47.600,0.8742,0.87436
2013.03.12 00:03:49.640,0.87423,0.87436
2013.03.12 00:03:50.190,0.87425,0.87437
2013.03.12 00:03:52.171,0.87425,0.87437
2013.03.12 00:03:52.811,0.87425,0.87437
2013.03.12 00:04:03.031,0.87425,0.87438
2013.03.12 00:04:19.820,0.87422,0.87436
2013.03.12 00:04:23.684,0.87422,0.87435
2013.03.12 00:04:23.992,0.87419,0.87432
2013.03.12 00:04:28.134,0.87415,0.87429
2013.03.12 00:04:29.641,0.87419,0.87431
2013.03.12 00:04:29.820,0.87422,0.87433
2013.03.12 00:04:30.180,0.87422,0.87432
2013.03.12 00:04:30.482,0.87422,0.87433
2013.03.12 00:04:30.883,0.87422,0.87434
2013.03.12 00:04:30.951,0.87422,0.87434
2013.03.12 00:04:31.071,0.87422,0.87434
2013.03.12 00:04:31.610,0.87422,0.87435
2013.03.12 00:04:31.851,0.87422,0.87434
2013.03.12 00:04:31.921,0.87422,0.87434
2013.03.12 00:04:33.051,0.87422,0.87434
2013.03.12 00:04:36.100,0.87419,0.87434
2013.03.12 00:04:50.740,0.87419,0.87433
2013.03.12 00:04:57.879,0.87417,0.87432
2013.03.12 00:05:05.021,0.87417,0.87431
2013.03.12 00:05:10.679,0.87417,0.8743
2013.03.12 00:05:14.664,0.87424,0.87435
2013.03.12 00:05:14.981,0.87423,0.87435
2013.03.12 00:05:15.042,0.87423,0.87434
2013.03.12 00:05:15.600,0.87417,0.87434
2013.03.12 00:05:21.760,0.87417,0.87434
2013.03.12 00:05:22.741,0.87417,0.87433
2013.03.12 00:05:25.396,0.87417,0.87434
2013.03.12 00:05:26.430,0.87417,0.87432
2013.03.12 00:05:28.712,0.87418,0.87433
2013.03.12 00:05:29.401,0.87418,0.87433
2013.03.12 00:05:29.991,0.87418,0.87434
2013.03.12 00:05:30.350,0.87418,0.87434
2013.03.12 00:05:30.890,0.87419,0.87435
2013.03.12 00:05:35.051,0.87422,0.87435
2013.03.12 00:05:36.524,0.87422,0.87436
2013.03.12 00:05:36.712,0.87422,0.87436
2013.03.12 00:05:37.742,0.87422,0.87438
2013.03.12 00:05:38.472,0.87422,0.87437
2013.03.12 00:05:38.800,0.87422,0.87437
2013.03.12 00:05:40.370,0.87422,0.87437
2013.03.12 00:05:42.021,0.87424,0.87438
2013.03.12 00:05:42.560,0.87423,0.8744
2013.03.12 00:05:47.401,0.87423,0.8744
2013.03.12 00:05:51.171,0.87422,0.87438
2013.03.12 00:06:02.955,0.8742,0.87438
2013.03.12 00:06:04.672,0.8742,0.87438
2013.03.12 00:06:06.983,0.87422,0.87438
2013.03.12 00:06:08.750,0.8742,0.87438
2013.03.12 00:06:13.602,0.87423,0.87437
2013.03.12 00:06:15.085,0.87423,0.87436
2013.03.12 00:06:18.557,0.87423,0.87437
2013.03.12 00:06:19.100,0.87423,0.87437
2013.03.12 00:06:19.760,0.87423,0.87439
2013.03.12 00:06:21.441,0.87422,0.87438
2013.03.12 00:06:22.951,0.87423,0.8744
2013.03.12 00:06:23.936,0.87423,0.8744
2013.03.12 00:06:24.483,0.87425,0.87442
2013.03.12 00:06:24.731,0.87425,0.87442
2013.03.12 00:06:29.431,0.87425,0.87443
2013.03.12 00:06:31.872,0.87425,0.87443
2013.03.12 00:06:32.120,0.87429,0.87447
2013.03.12 00:06:32.241,0.87431,0.87447
2013.03.12 00:06:32.809,0.87433,0.87447
2013.03.12 00:06:33.576,0.87433,0.87447
2013.03.12 00:06:34.001,0.87435,0.87448
2013.03.12 00:06:43.680,0.8743,0.87445
2013.03.12 00:06:43.751,0.8743,0.87445
2013.03.12 00:06:48.924,0.87429,0.87444
2013.03.12 00:06:48.991,0.87429,0.87444
2013.03.12 00:06:49.411,0.87429,0.87442
2013.03.12 00:06:51.136,0.87429,0.87442
2013.03.12 00:07:02.543,0.87427,0.87442
2013.03.12 00:07:15.691,0.87428,0.87442
2013.03.12 00:07:23.465,0.87429,0.87444
2013.03.12 00:07:28.569,0.87429,0.87444
2013.03.12 00:07:30.220,0.87429,0.87443
2013.03.12 00:07:41.310,0.87429,0.87443
2013.03.12 00:07:47.582,0.87425,0.87442
2013.03.12 00:07:47.653,0.87424,0.87439
2013.03.12 00:07:48.793,0.87424,0.87438
2013.03.12 00:07:50.672,0.87424,0.87439
2013.03.12 00:08:00.961,0.87423,0.87436
2013.03.12 00:08:01.502,0.87424,0.87437
2013.03.12 00:08:02.050,0.87423,0.87437
2013.03.12 00:08:04.162,0.87422,0.87435
2013.03.12 00:08:04.652,0.87422,0.87436
2013.03.12 00:08:07.125,0.87422,0.87435
2013.03.12 00:08:07.192,0.87421,0.87436
2013.03.12 00:08:07.322,0.87422,0.87437
2013.03.12 00:08:07.466,0.87423,0.87437
2013.03.12 00:08:07.733,0.87425,0.87437
2013.03.12 00:08:08.252,0.87425,0.87438
2013.03.12 00:08:09.731,0.87425,0.87438
2013.03.12 00:08:11.025,0.87425,0.87438
2013.03.12 00:08:11.451,0.87424,0.87438
2013.03.12 00:08:11.630,0.87424,0.87438
2013.03.12 00:08:19.813,0.87421,0.87437
2013.03.12 00:08:20.180,0.87421,0.87438
2013.03.12 00:08:20.960,0.87421,0.87437
2013.03.12 00:08:21.329,0.87421,0.87437
2013.03.12 00:08:25.902,0.87421,0.87437
2013.03.12 00:08:26.532,0.87424,0.87439
2013.03.12 00:08:28.073,0.87424,0.87441
2013.03.12 00:08:28.381,0.87424,0.87439
2013.03.12 00:08:30.212,0.87422,0.87437
2013.03.12 00:08:30.342,0.87418,0.87434
2013.03.12 00:08:30.652,0.87418,0.87434
2013.03.12 00:08:31.210,0.87421,0.87434
2013.03.12 00:08:32.122,0.8742,0.87434
2013.03.12 00:08:32.901,0.87421,0.87434
2013.03.12 00:08:35.841,0.87424,0.87434
2013.03.12 00:08:36.104,0.87421,0.87434
2013.03.12 00:08:36.592,0.87418,0.87434
2013.03.12 00:08:37.254,0.87419,0.87434
2013.03.12 00:08:46.475,0.87419,0.87434
2013.03.12 00:08:51.351,0.87419,0.87433
2013.03.12 00:08:51.713,0.87421,0.87435
2013.03.12 00:08:55.723,0.8742,0.87435
2013.03.12 00:08:55.850,0.8742,0.87435
2013.03.12 00:08:58.908,0.87421,0.87436
2013.03.12 00:09:03.889,0.87423,0.87437
2013.03.12 00:09:08.462,0.87423,0.87436
2013.03.12 00:09:08.771,0.87426,0.8744
2013.03.12 00:09:08.842,0.87426,0.87441
2013.03.12 00:09:08.901,0.87426,0.8744
2013.03.12 00:09:09.561,0.87428,0.87441
2013.03.12 00:09:10.892,0.87423,0.87437
2013.03.12 00:09:11.263,0.87424,0.87437
2013.03.12 00:09:11.812,0.87422,0.87437
2013.03.12 00:09:13.970,0.87422,0.87437
2013.03.12 00:09:15.750,0.87425,0.87438
2013.03.12 00:09:16.112,0.87422,0.87436
2013.03.12 00:09:16.243,0.87424,0.87436
2013.03.12 00:09:16.451,0.8742,0.87435
2013.03.12 00:09:16.571,0.8742,0.87435
2013.03.12 00:09:25.011,0.87421,0.87434
2013.03.12 00:09:29.712,0.87422,0.87436
2013.03.12 00:09:31.061,0.87422,0.87436
2013.03.12 00:09:34.361,0.87422,0.87438
2013.03.12 00:09:34.721,0.87422,0.87438
2013.03.12 00:09:37.861,0.87422,0.87438
2013.03.12 00:09:38.522,0.87423,0.87438
2013.03.12 00:09:43.943,0.87425,0.87441
2013.03.12 00:09:44.131,0.87425,0.87442
2013.03.12 00:09:46.013,0.8743,0.87442
2013.03.12 00:09:46.520,0.8743,0.87443
2013.03.12 00:09:46.821,0.87433,0.87447
2013.03.12 00:09:51.240,0.87432,0.87448
2013.03.12 00:09:54.451,0.87432,0.87446
2013.03.12 00:09:55.351,0.8743,0.87445
2013.03.12 00:09:56.174,0.87428,0.87444
2013.03.12 00:09:58.604,0.87428,0.87442
2013.03.12 00:10:00.690,0.87428,0.87442
2013.03.12 00:10:10.651,0.87428,0.87442
2013.03.12 00:10:14.881,0.87428,0.87443
2013.03.12 00:10:15.421,0.87429,0.87444
2013.03.12 00:10:15.841,0.87431,0.87444
2013.03.12 00:10:15.909,0.87432,0.87446
2013.03.12 00:10:15.973,0.87432,0.87448
2013.03.12 00:10:16.496,0.87432,0.87447
2013.03.12 00:10:17.201,0.87432,0.87447
2013.03.12 00:10:17.561,0.87433,0.87448
2013.03.12 00:10:18.371,0.87434,0.87448
2013.03.12 00:10:21.501,0.87436,0.87446
2013.03.12 00:10:21.704,0.87435,0.87446
2013.03.12 00:10:21.831,0.87433,0.87448
2013.03.12 00:10:21.952,0.87436,0.87447
2013.03.12 00:10:22.612,0.87434,0.87447
2013.03.12 00:10:23.052,0.8743,0.87444
2013.03.12 00:10:23.172,0.87427,0.87442
2013.03.12 00:10:23.244,0.87425,0.8744
2013.03.12 00:10:23.371,0.87423,0.8744
2013.03.12 00:10:23.733,0.87418,0.87434
2013.03.12 00:10:24.282,0.87424,0.87438
2013.03.12 00:10:25.050,0.87424,0.87438
2013.03.12 00:10:26.652,0.87424,0.87439
2013.03.12 00:10:26.963,0.87426,0.8744
2013.03.12 00:10:27.520,0.87427,0.8744
2013.03.12 00:10:28.071,0.87429,0.87444
2013.03.12 00:10:28.667,0.87429,0.87444
2013.03.12 00:10:28.914,0.87429,0.87445
2013.03.12 00:10:29.233,0.87434,0.87448
2013.03.12 00:10:29.793,0.87436,0.87448
2013.03.12 00:10:34.042,0.87433,0.87448
2013.03.12 00:10:37.283,0.87433,0.87448
2013.03.12 00:10:37.791,0.87432,0.87448
2013.03.12 00:10:39.912,0.87432,0.87447
2013.03.12 00:10:42.914,0.87431,0.87447
2013.03.12 00:10:42.984,0.87429,0.87446
2013.03.12 00:10:43.114,0.87431,0.87445
2013.03.12 00:10:43.253,0.8743,0.87445
2013.03.12 00:10:43.501,0.87427,0.87443
2013.03.12 00:10:44.061,0.87427,0.87443
2013.03.12 00:10:50.342,0.87427,0.87443
2013.03.12 00:10:53.251,0.87427,0.87441
2013.03.12 00:10:54.411,0.8743,0.87441
2013.03.12 00:10:54.679,0.8743,0.87441
2013.03.12 00:10:58.692,0.87427,0.87441
2013.03.12 00:11:03.402,0.87427,0.87441
2013.03.12 00:11:05.964,0.87427,0.87442
2013.03.12 00:11:07.521,0.87427,0.87442
2013.03.12 00:11:07.902,0.87427,0.87441
2013.03.12 00:11:16.312,0.87429,0.87442
2013.03.12 00:11:17.844,0.87432,0.87442
2013.03.12 00:11:17.972,0.87432,0.87443
2013.03.12 00:11:18.494,0.87434,0.87443
2013.03.12 00:11:32.371,0.87435,0.87443
2013.03.12 00:11:32.911,0.87434,0.87443
2013.03.12 00:11:35.233,0.87435,0.87443
2013.03.12 00:11:36.182,0.87435,0.87443
2013.03.12 00:11:46.431,0.87436,0.87444
2013.03.12 00:11:52.061,0.87436,0.87444
2013.03.12 00:12:03.323,0.87432,0.87442
2013.03.12 00:12:03.395,0.87432,0.87442
2013.03.12 00:12:04.031,0.87431,0.87443
2013.03.12 00:12:04.333,0.8743,0.87439
2013.03.12 00:12:04.881,0.87428,0.87438
2013.03.12 00:12:12.411,0.8743,0.87438
2013.03.12 00:12:15.622,0.8743,0.87438
2013.03.12 00:12:45.485,0.87428,0.87442
2013.03.12 00:12:49.873,0.87427,0.87438
2013.03.12 00:12:52.204,0.87425,0.87438
2013.03.12 00:12:53.001,0.87423,0.87435
2013.03.12 00:13:23.873,0.87423,0.87436
2013.03.12 00:13:24.396,0.87422,0.87435
2013.03.12 00:13:24.466,0.87419,0.87435
2013.03.12 00:13:24.717,0.87418,0.87434
2013.03.12 00:13:24.962,0.87416,0.8743
2013.03.12 00:13:25.143,0.87416,0.8743
2013.03.12 00:13:25.274,0.87416,0.8743
2013.03.12 00:13:25.404,0.87415,0.8743
2013.03.12 00:13:26.081,0.87415,0.87426
2013.03.12 00:13:27.353,0.87415,0.87426
2013.03.12 00:13:27.862,0.87414,0.87426
2013.03.12 00:13:29.238,0.87417,0.87427
2013.03.12 00:13:29.662,0.87415,0.8743
2013.03.12 00:13:29.732,0.87415,0.87431
2013.03.12 00:13:29.852,0.87417,0.8743
2013.03.12 00:13:30.032,0.87417,0.87431
2013.03.12 00:13:30.164,0.87417,0.87431
2013.03.12 00:13:30.292,0.8742,0.87434
2013.03.12 00:13:30.815,0.87422,0.87435
2013.03.12 00:13:36.504,0.87423,0.87436
2013.03.12 00:13:36.873,0.87424,0.87437
2013.03.12 00:13:37.202,0.87424,0.87436
2013.03.12 00:13:42.432,0.87422,0.87436
2013.03.12 00:13:42.491,0.87422,0.87436
2013.03.12 00:13:43.572,0.87419,0.87435
2013.03.12 00:13:44.091,0.87422,0.87435
2013.03.12 00:13:47.011,0.87422,0.87435
2013.03.12 00:13:47.621,0.87422,0.87435
2013.03.12 00:13:48.083,0.87422,0.87435
2013.03.12 00:13:48.292,0.87422,0.87437
2013.03.12 00:13:48.413,0.87422,0.87437
2013.03.12 00:13:48.845,0.87425,0.87437
2013.03.12 00:13:49.401,0.87427,0.87438
2013.03.12 00:13:50.183,0.87427,0.87437
2013.03.12 00:13:50.421,0.87428,0.87439
2013.03.12 00:13:50.723,0.87428,0.87438
2013.03.12 00:13:50.941,0.87428,0.87439
2013.03.12 00:13:51.494,0.87428,0.87438
2013.03.12 00:13:56.935,0.87428,0.8744
2013.03.12 00:13:57.482,0.87427,0.87441
2013.03.12 00:14:01.022,0.87426,0.87439
2013.03.12 00:14:01.205,0.87426,0.87437
2013.03.12 00:14:01.452,0.87426,0.87439
2013.03.12 00:14:38.093,0.87428,0.8744
2013.03.12 00:14:44.181,0.87425,0.87438
2013.03.12 00:14:44.364,0.87425,0.87438
2013.03.12 00:14:44.912,0.87423,0.87439
2013.03.12 00:15:00.114,0.87426,0.87438
2013.03.12 00:15:04.661,0.87426,0.87437
2013.03.12 00:15:04.962,0.87426,0.87439
2013.03.12 00:15:05.142,0.87426,0.87438
2013.03.12 00:15:14.592,0.87426,0.87437
2013.03.12 00:15:20.841,0.87426,0.87437
2013.03.12 00:15:23.751,0.87426,0.87437
2013.03.12 00:15:31.302,0.87426,0.87437
2013.03.12 00:15:33.553,0.87424,0.87436
2013.03.12 00:15:33.813,0.87418,0.87435
2013.03.12 00:15:33.942,0.87418,0.87434
2013.03.12 00:15:40.593,0.87419,0.87434
2013.03.12 00:15:44.973,0.87421,0.87434
2013.03.12 00:16:00.352,0.87421,0.87434
2013.03.12 00:16:00.712,0.87421,0.87434
2013.03.12 00:16:14.893,0.87421,0.87434
2013.03.12 00:16:20.601,0.87421,0.87434
2013.03.12 00:16:23.243,0.87421,0.87434
2013.03.12 00:16:23.576,0.87423,0.87434
2013.03.12 00:16:24.122,0.87424,0.87436
2013.03.12 00:16:24.693,0.87424,0.87435
2013.03.12 00:16:25.231,0.87424,0.87435
2013.03.12 00:16:33.551,0.87424,0.87435
2013.03.12 00:16:34.792,0.87424,0.87435
2013.03.12 00:16:37.402,0.87424,0.87434
2013.03.12 00:16:38.371,0.87426,0.87436
2013.03.12 00:16:38.492,0.87425,0.87436
2013.03.12 00:17:01.818,0.87427,0.87437
2013.03.12 00:17:35.452,0.87426,0.87437
2013.03.12 00:17:38.613,0.87424,0.87437
2013.03.12 00:17:50.109,0.87424,0.87435
2013.03.12 00:18:01.072,0.87425,0.87437
2013.03.12 00:18:01.742,0.87425,0.87437
2013.03.12 00:18:03.892,0.87425,0.87437
2013.03.12 00:18:04.678,0.87425,0.87437
2013.03.12 00:18:21.002,0.87425,0.87437
2013.03.12 00:18:21.431,0.87425,0.87439
2013.03.12 00:18:21.732,0.87425,0.87437
2013.03.12 00:18:26.642,0.87426,0.87438
2013.03.12 00:18:29.512,0.87426,0.87437
2013.03.12 00:18:35.431,0.87427,0.87438
2013.03.12 00:18:41.663,0.87427,0.87438
2013.03.12 00:18:52.682,0.87427,0.87438
2013.03.12 00:18:53.241,0.87427,0.87438
2013.03.12 00:18:58.090,0.87426,0.87438
2013.03.12 00:19:21.432,0.87426,0.87438
2013.03.12 00:19:25.842,0.87424,0.87436
2013.03.12 00:19:27.052,0.87426,0.87436
2013.03.12 00:19:29.853,0.87426,0.87436
2013.03.12 00:19:30.592,0.87426,0.87436
2013.03.12 00:19:41.033,0.87426,0.87436
2013.03.12 00:19:41.572,0.87426,0.87436
2013.03.12 00:19:42.101,0.87426,0.87436
2013.03.12 00:19:42.732,0.87424,0.87435
2013.03.12 00:19:46.573,0.87424,0.87435
2013.03.12 00:19:47.002,0.87424,0.87435
2013.03.12 00:19:47.541,0.87425,0.87437
2013.03.12 00:19:49.922,0.87427,0.87438
2013.03.12 00:19:50.222,0.87427,0.87437
2013.03.12 00:19:50.463,0.87427,0.87438
2013.03.12 00:19:51.004,0.87427,0.87438
2013.03.12 00:19:51.551,0.87425,0.87437
2013.03.12 00:19:51.672,0.87425,0.87435
2013.03.12 00:19:52.151,0.87425,0.87439
2013.03.12 00:19:52.452,0.87427,0.87437
2013.03.12 00:19:52.764,0.87428,0.87439
2013.03.12 00:20:10.252,0.87429,0.8744
2013.03.12 00:20:10.434,0.87429,0.8744
2013.03.12 00:20:35.149,0.87429,0.87441
2013.03.12 00:20:35.970,0.87429,0.87442
2013.03.12 00:20:45.592,0.87433,0.87443
2013.03.12 00:20:52.165,0.8743,0.87442
2013.03.12 00:21:09.812,0.87429,0.87443
2013.03.12 00:21:10.831,0.87429,0.87443
2013.03.12 00:21:12.865,0.87429,0.87443
2013.03.12 00:21:14.624,0.87429,0.87442
2013.03.12 00:21:34.203,0.87429,0.87443
2013.03.12 00:21:38.213,0.87428,0.87442
2013.03.12 00:21:41.643,0.87431,0.87443
2013.03.12 00:21:46.095,0.87434,0.87444
2013.03.12 00:21:50.282,0.87435,0.87445
2013.03.12 00:21:50.642,0.87434,0.87444
2013.03.12 00:21:54.672,0.87434,0.87444
2013.03.12 00:22:00.752,0.87434,0.87444
2013.03.12 00:22:07.702,0.87434,0.87445
2013.03.12 00:22:08.423,0.87434,0.87444
2013.03.12 00:22:08.723,0.87434,0.87446
2013.03.12 00:22:09.273,0.87434,0.87444
2013.03.12 00:22:18.132,0.87433,0.87444
2013.03.12 00:22:18.443,0.87433,0.87445
2013.03.12 00:22:18.925,0.87433,0.87445
2013.03.12 00:22:19.116,0.87433,0.87445
2013.03.12 00:22:19.672,0.87435,0.87445
2013.03.12 00:22:20.243,0.87435,0.87445
2013.03.12 00:22:21.086,0.87435,0.87447
2013.03.12 00:22:21.276,0.87436,0.87448
2013.03.12 00:22:21.344,0.87436,0.87448
2013.03.12 00:22:22.322,0.87438,0.87449
2013.03.12 00:22:22.682,0.87438,0.87448
2013.03.12 00:22:22.922,0.87438,0.87448
2013.03.12 00:22:23.842,0.87438,0.87449
2013.03.12 00:22:24.692,0.87438,0.87447
2013.03.12 00:22:25.211,0.87438,0.87446
2013.03.12 00:22:28.533,0.87435,0.87448
2013.03.12 00:22:30.294,0.87437,0.87447
2013.03.12 00:22:40.331,0.87437,0.87447
2013.03.12 00:22:43.521,0.87437,0.87447
2013.03.12 00:22:55.975,0.87439,0.87447
2013.03.12 00:22:59.893,0.87437,0.87447
2013.03.12 00:23:07.782,0.87437,0.87446
2013.03.12 00:23:19.912,0.87435,0.87444
2013.03.12 00:23:24.152,0.87433,0.87443
2013.03.12 00:23:24.693,0.87433,0.87441
2013.03.12 00:23:24.933,0.87434,0.87443
2013.03.12 00:23:24.992,0.87434,0.87444
2013.03.12 00:23:25.052,0.87434,0.87444
2013.03.12 00:23:25.302,0.87434,0.87448
2013.03.12 00:23:25.542,0.87434,0.87448
2013.03.12 00:23:25.902,0.87434,0.87443
2013.03.12 00:23:26.832,0.87435,0.87445
2013.03.12 00:23:40.633,0.87435,0.87445
2013.03.12 00:23:42.293,0.87435,0.87445
2013.03.12 00:24:20.292,0.87435,0.87443
2013.03.12 00:24:23.642,0.87435,0.87445
2013.03.12 00:24:24.413,0.87434,0.87445
2013.03.12 00:24:24.592,0.87435,0.87443
2013.03.12 00:24:24.833,0.87435,0.87443
2013.03.12 00:24:24.963,0.87435,0.87443
2013.03.12 00:24:25.143,0.87435,0.87445
2013.03.12 00:24:25.203,0.87435,0.87445
2013.03.12 00:24:25.762,0.87435,0.87446
2013.03.12 00:24:25.942,0.87434,0.8744
2013.03.12 00:24:26.242,0.87435,0.87444
2013.03.12 00:24:26.422,0.87435,0.87446
2013.03.12 00:24:26.484,0.87435,0.87448
2013.03.12 00:24:26.733,0.87435,0.87448
2013.03.12 00:24:27.233,0.87434,0.87442
2013.03.12 00:24:27.472,0.87435,0.87445
2013.03.12 00:24:27.652,0.87434,0.87445
2013.03.12 00:24:27.953,0.87435,0.87445
2013.03.12 00:24:28.412,0.87434,0.87442
2013.03.12 00:24:28.712,0.87435,0.87445
2013.03.12 00:24:28.952,0.87434,0.87442
2013.03.12 00:24:29.192,0.87435,0.87445
2013.03.12 00:24:30.152,0.87434,0.87445
2013.03.12 00:24:30.464,0.87435,0.87445
2013.03.12 00:24:37.153,0.87435,0.87446
2013.03.12 00:24:37.764,0.87435,0.87444
2013.03.12 00:24:42.533,0.87432,0.87443
2013.03.12 00:24:43.883,0.8743,0.87445
2013.03.12 00:24:44.606,0.87435,0.87446
2013.03.12 00:24:47.717,0.87433,0.87446
2013.03.12 00:24:50.312,0.87435,0.87446
2013.03.12 00:24:50.744,0.87435,0.87442
2013.03.12 00:24:50.933,0.87435,0.87445
2013.03.12 00:24:55.364,0.87434,0.87446
2013.03.12 00:24:57.834,0.87434,0.87446
2013.03.12 00:24:59.283,0.87435,0.87446
2013.03.12 00:25:01.753,0.87434,0.87446
2013.03.12 00:25:05.598,0.87435,0.87447
2013.03.12 00:25:24.742,0.87434,0.87447
2013.03.12 00:25:41.649,0.87438,0.87447
2013.03.12 00:25:44.403,0.87438,0.87447
2013.03.12 00:25:47.935,0.87435,0.87446
2013.03.12 00:26:00.554,0.87435,0.87446
2013.03.12 00:26:01.103,0.87435,0.87446
2013.03.12 00:26:01.163,0.87435,0.87446
2013.03.12 00:26:01.407,0.87435,0.87448
2013.03.12 00:26:02.234,0.87434,0.87446
2013.03.12 00:26:02.413,0.87434,0.87448
2013.03.12 00:26:02.713,0.87434,0.87446
2013.03.12 00:26:02.913,0.87435,0.87448
2013.03.12 00:26:03.452,0.87434,0.87447
2013.03.12 00:26:14.083,0.87434,0.87447
2013.03.12 00:26:21.474,0.87434,0.87446
2013.03.12 00:26:21.723,0.87434,0.87446
2013.03.12 00:26:22.022,0.87434,0.87446
2013.03.12 00:26:22.203,0.87434,0.87447
2013.03.12 00:26:22.443,0.87434,0.87447
2013.03.12 00:26:22.742,0.87434,0.87446
2013.03.12 00:26:25.663,0.87435,0.87446
2013.03.12 00:26:25.722,0.87435,0.87445
2013.03.12 00:26:25.902,0.87435,0.87446
2013.03.12 00:26:26.721,0.87435,0.87446
2013.03.12 00:26:27.262,0.87435,0.87445
2013.03.12 00:26:27.452,0.87435,0.87447
2013.03.12 00:26:27.992,0.87435,0.87447
2013.03.12 00:26:28.172,0.87434,0.87445
2013.03.12 00:26:28.493,0.87435,0.87447
2013.03.12 00:26:29.032,0.87434,0.87447
2013.03.12 00:26:29.152,0.87434,0.87447
2013.03.12 00:26:29.452,0.87435,0.87447
2013.03.12 00:26:29.653,0.87434,0.87447
2013.03.12 00:26:29.952,0.87434,0.87447
2013.03.12 00:26:30.152,0.87434,0.87447
2013.03.12 00:26:30.957,0.87435,0.87447
2013.03.12 00:26:31.162,0.87435,0.87447
2013.03.12 00:26:31.523,0.87435,0.87447
2013.03.12 00:26:31.702,0.87434,0.87445
2013.03.12 00:26:32.393,0.87435,0.87447
2013.03.12 00:26:32.693,0.87434,0.87445
2013.03.12 00:26:32.872,0.87434,0.87445
2013.03.12 00:26:33.713,0.87435,0.87446
2013.03.12 00:26:33.892,0.87435,0.87446
2013.03.12 00:26:34.192,0.87435,0.87446
2013.03.12 00:26:34.373,0.87434,0.87446
2013.03.12 00:26:34.689,0.87435,0.87445
2013.03.12 00:26:34.873,0.87435,0.87446
2013.03.12 00:26:35.682,0.87434,0.87447
2013.03.12 00:26:36.411,0.87435,0.87447
2013.03.12 00:26:36.713,0.87434,0.87445
2013.03.12 00:26:36.962,0.87434,0.87447
2013.03.12 00:26:37.203,0.87434,0.87445
2013.03.12 00:26:37.372,0.87434,0.87445
2013.03.12 00:26:37.822,0.87435,0.87445
2013.03.12 00:26:37.942,0.87435,0.87447
2013.03.12 00:26:38.182,0.87435,0.87447
2013.03.12 00:26:38.692,0.87434,0.87447
2013.03.12 00:26:38.933,0.87434,0.87447
2013.03.12 00:26:39.232,0.87434,0.87446
2013.03.12 00:26:39.473,0.87434,0.87447
2013.03.12 00:26:39.713,0.87434,0.87446
2013.03.12 00:26:39.903,0.87435,0.87446
2013.03.12 00:26:40.202,0.87434,0.87446
2013.03.12 00:26:40.447,0.87434,0.87447
2013.03.12 00:26:40.992,0.87434,0.87447
2013.03.12 00:26:41.232,0.87434,0.87446
2013.03.12 00:26:41.771,0.87435,0.87445
2013.03.12 00:26:41.952,0.87435,0.87448
2013.03.12 00:26:42.453,0.87434,0.87448
2013.03.12 00:26:42.693,0.87434,0.87446
2013.03.12 00:26:42.872,0.87435,0.87446
2013.03.12 00:26:43.202,0.87434,0.87445
2013.03.12 00:26:43.381,0.87434,0.87445
2013.03.12 00:26:43.882,0.87434,0.87445
2013.03.12 00:26:44.012,0.87434,0.87448
2013.03.12 00:26:44.192,0.87434,0.87446
2013.03.12 00:26:44.891,0.87434,0.87445
2013.03.12 00:26:45.682,0.87435,0.87445
2013.03.12 00:26:46.222,0.87434,0.87445
2013.03.12 00:26:46.402,0.87435,0.87448
2013.03.12 00:26:46.703,0.87434,0.87446
2013.03.12 00:26:46.942,0.87434,0.87447
2013.03.12 00:26:47.242,0.87435,0.87446
2013.03.12 00:26:47.432,0.87434,0.87446
2013.03.12 00:26:47.732,0.87435,0.87446
2013.03.12 00:26:47.913,0.87435,0.87446
2013.03.12 00:26:48.212,0.87435,0.87445
2013.03.12 00:26:48.453,0.87434,0.87446
2013.03.12 00:26:48.762,0.87435,0.87446
2013.03.12 00:26:49.006,0.87435,0.87446
2013.03.12 00:26:49.252,0.87435,0.87446
2013.03.12 00:26:49.961,0.87434,0.87447
2013.03.12 00:26:50.142,0.87435,0.87447
2013.03.12 00:26:50.442,0.87435,0.87448
2013.03.12 00:26:51.172,0.87435,0.87447
2013.03.12 00:26:51.423,0.87435,0.87448
2013.03.12 00:26:51.902,0.87434,0.87446
2013.03.12 00:26:52.082,0.87437,0.87447
2013.03.12 00:26:52.502,0.87436,0.87446
2013.03.12 00:26:54.731,0.87437,0.87446
2013.03.12 00:26:57.932,0.87437,0.87448
2013.03.12 00:27:00.972,0.87437,0.87447
2013.03.12 00:27:01.634,0.87437,0.87448
2013.03.12 00:27:13.243,0.87437,0.87448
2013.03.12 00:27:17.443,0.87437,0.87448
2013.03.12 00:27:18.214,0.87438,0.87447
2013.03.12 00:27:24.694,0.87438,0.87448
2013.03.12 00:27:25.002,0.87438,0.87447
2013.03.12 00:27:27.123,0.87438,0.87448
2013.03.12 00:27:28.153,0.87438,0.87448
2013.03.12 00:27:28.672,0.87438,0.87448
2013.03.12 00:27:35.973,0.87438,0.87448
2013.03.12 00:27:36.533,0.87438,0.87448
2013.03.12 00:27:37.462,0.87438,0.87448
2013.03.12 00:27:38.637,0.87438,0.87448
2013.03.12 00:27:39.362,0.87438,0.87448
2013.03.12 00:27:39.885,0.87438,0.87448
2013.03.12 00:27:40.412,0.87438,0.87448
2013.03.12 00:27:40.942,0.87438,0.87448
2013.03.12 00:27:41.493,0.87438,0.87448
2013.03.12 00:27:42.192,0.87438,0.87448
2013.03.12 00:27:42.932,0.87438,0.87448
2013.03.12 00:27:44.733,0.87438,0.87448
2013.03.12 00:27:45.413,0.87438,0.87448
2013.03.12 00:27:45.974,0.87438,0.87448
2013.03.12 00:27:46.512,0.87438,0.87448
2013.03.12 00:27:47.062,0.87438,0.87448
2013.03.12 00:27:47.943,0.87438,0.87448
2013.03.12 00:27:48.953,0.87438,0.87448
2013.03.12 00:27:49.962,0.87438,0.87448
2013.03.12 00:27:50.060,0.87438,0.87447
2013.03.12 00:27:51.833,0.87438,0.87448
2013.03.12 00:27:52.362,0.87438,0.87448
2013.03.12 00:27:52.962,0.87438,0.87448
2013.03.12 00:27:53.487,0.87438,0.87448
2013.03.12 00:27:54.032,0.87438,0.87448
2013.03.12 00:27:54.553,0.87438,0.87448
2013.03.12 00:27:55.213,0.87438,0.87448
2013.03.12 00:27:55.723,0.87438,0.87448
2013.03.12 00:27:57.923,0.87438,0.87448
2013.03.12 00:27:58.442,0.87438,0.87449
2013.03.12 00:27:59.174,0.87438,0.87449
2013.03.12 00:28:00.722,0.87438,0.87449
2013.03.12 00:28:02.214,0.87436,0.87448
2013.03.12 00:28:25.077,0.87436,0.8745
2013.03.12 00:28:27.912,0.87437,0.8745
2013.03.12 00:28:37.155,0.87438,0.8745
2013.03.12 00:28:40.463,0.87435,0.87447
2013.03.12 00:28:40.822,0.87435,0.87447
2013.03.12 00:28:49.494,0.87432,0.87446
2013.03.12 00:28:58.934,0.87431,0.87445
2013.03.12 00:28:59.422,0.87426,0.87442
2013.03.12 00:29:00.095,0.87426,0.87441
2013.03.12 00:29:00.163,0.87427,0.87441
2013.03.12 00:29:00.493,0.8743,0.87446
2013.03.12 00:29:01.283,0.87432,0.87445
2013.03.12 00:29:09.005,0.87436,0.87447
2013.03.12 00:29:09.493,0.87436,0.87447
2013.03.12 00:29:10.804,0.87436,0.87447
2013.03.12 00:29:11.893,0.87435,0.87447
2013.03.12 00:29:12.133,0.87436,0.87447
2013.03.12 00:29:14.193,0.87435,0.87447
2013.03.12 00:29:15.403,0.87437,0.87447
2013.03.12 00:29:22.251,0.87438,0.87448
2013.03.12 00:29:29.483,0.87437,0.87448
2013.03.12 00:29:30.662,0.87437,0.87447
2013.03.12 00:29:33.579,0.87435,0.87447
2013.03.12 00:29:45.463,0.87433,0.87447
2013.03.12 00:29:48.935,0.87433,0.87447
2013.03.12 00:29:57.164,0.87437,0.87447
2013.03.12 00:29:57.814,0.8744,0.87449
2013.03.12 00:30:00.813,0.87439,0.87447
2013.03.12 00:30:01.786,0.87438,0.87447
2013.03.12 00:30:01.927,0.87437,0.87447
2013.03.12 00:30:02.784,0.87436,0.87447
2013.03.12 00:30:03.984,0.87437,0.87447
2013.03.12 00:30:07.163,0.87435,0.87448
2013.03.12 00:30:07.295,0.87435,0.87447
2013.03.12 00:30:07.604,0.87433,0.87448
2013.03.12 00:30:07.856,0.87432,0.87447
2013.03.12 00:30:11.165,0.87433,0.87448
2013.03.12 00:30:11.725,0.8743,0.87446
2013.03.12 00:30:11.915,0.8743,0.87447
2013.03.12 00:30:14.523,0.87429,0.87445
2013.03.12 00:30:14.858,0.87429,0.87443
2013.03.12 00:30:14.927,0.87428,0.87445
2013.03.12 00:30:15.113,0.87428,0.87445
2013.03.12 00:30:15.173,0.8743,0.87446
2013.03.12 00:30:15.477,0.87431,0.87447
2013.03.12 00:30:15.664,0.87432,0.87447
2013.03.12 00:30:16.093,0.87435,0.87449
2013.03.12 00:30:16.741,0.87435,0.87451
2013.03.12 00:30:20.014,0.87437,0.87451
2013.03.12 00:30:20.863,0.87437,0.87451
2013.03.12 00:30:21.413,0.87437,0.87451
2013.03.12 00:30:21.975,0.87437,0.87451
2013.03.12 00:30:22.903,0.87437,0.87451
2013.03.12 00:30:23.263,0.87437,0.87451
2013.03.12 00:30:24.554,0.87433,0.87451
2013.03.12 00:30:26.293,0.87433,0.8745
2013.03.12 00:30:26.874,0.87435,0.8745
2013.03.12 00:30:26.995,0.87435,0.87451
2013.03.12 00:30:27.125,0.87435,0.87451
2013.03.12 00:30:27.674,0.87435,0.87453
2013.03.12 00:30:28.103,0.87435,0.87453
2013.03.12 00:30:28.223,0.87437,0.87455
2013.03.12 00:30:28.743,0.87437,0.87456
2013.03.12 00:30:29.285,0.87437,0.87456
2013.03.12 00:30:29.786,0.87437,0.87456
2013.03.12 00:30:30.334,0.87438,0.87456
2013.03.12 00:30:31.179,0.87438,0.87456
2013.03.12 00:30:31.247,0.87438,0.87456
2013.03.12 00:30:31.767,0.87438,0.87456
2013.03.12 00:30:32.074,0.87437,0.87453
2013.03.12 00:30:33.874,0.87439,0.87454
2013.03.12 00:30:42.657,0.87436,0.87455
2013.03.12 00:30:43.555,0.87441,0.87456
2013.03.12 00:30:43.641,0.87439,0.87455
2013.03.12 00:30:44.193,0.87439,0.87454
2013.03.12 00:30:45.245,0.87439,0.87454
2013.03.12 00:30:46.543,0.87439,0.87454
2013.03.12 00:30:47.621,0.87439,0.87454
2013.03.12 00:30:49.036,0.87438,0.87453
2013.03.12 00:30:49.104,0.87437,0.87452
2013.03.12 00:30:49.424,0.87437,0.87451
2013.03.12 00:30:50.127,0.87438,0.87451
2013.03.12 00:30:52.464,0.87439,0.87452
2013.03.12 00:30:52.823,0.8744,0.87452
2013.03.12 00:30:54.078,0.87441,0.87453
2013.03.12 00:30:55.054,0.87438,0.87453
2013.03.12 00:30:56.675,0.87439,0.87453
2013.03.12 00:30:57.794,0.87439,0.87453
2013.03.12 00:30:58.183,0.87438,0.87453
2013.03.12 00:30:59.844,0.87436,0.87451
2013.03.12 00:31:01.894,0.87436,0.87451
2013.03.12 00:31:02.684,0.87437,0.87452
2013.03.12 00:31:06.384,0.87437,0.87452
2013.03.12 00:31:07.467,0.87435,0.87451
2013.03.12 00:31:07.595,0.87435,0.87451
2013.03.12 00:31:08.675,0.87434,0.8745
2013.03.12 00:31:12.195,0.87434,0.8745
2013.03.12 00:31:13.204,0.87434,0.87451
2013.03.12 00:31:13.505,0.87435,0.87451
2013.03.12 00:31:18.834,0.87435,0.87451
2013.03.12 00:31:19.573,0.87435,0.8745
2013.03.12 00:31:22.004,0.87437,0.87451
2013.03.12 00:31:23.175,0.87436,0.8745
2013.03.12 00:31:23.884,0.87435,0.8745
2013.03.12 00:31:24.444,0.87434,0.87447
2013.03.12 00:31:24.564,0.8743,0.87446
2013.03.12 00:31:24.626,0.87429,0.87446
2013.03.12 00:31:24.755,0.87429,0.87445
2013.03.12 00:31:25.260,0.87429,0.87444
2013.03.12 00:31:26.553,0.87429,0.87443
2013.03.12 00:31:28.205,0.87427,0.87444
2013.03.12 00:31:33.933,0.87428,0.87446
2013.03.12 00:31:34.587,0.87428,0.87446
2013.03.12 00:31:35.147,0.87427,0.87443
2013.03.12 00:31:35.466,0.87427,0.87444
2013.03.12 00:31:37.134,0.87427,0.87443
2013.03.12 00:31:41.394,0.87429,0.87443
2013.03.12 00:31:43.904,0.87429,0.87445
2013.03.12 00:31:44.286,0.87433,0.87447
2013.03.12 00:31:44.474,0.87429,0.87445
2013.03.12 00:31:46.854,0.87428,0.87445
2013.03.12 00:31:58.903,0.87428,0.87446
2013.03.12 00:31:59.427,0.8743,0.87446
2013.03.12 00:32:01.393,0.87431,0.87446
2013.03.12 00:32:02.853,0.87433,0.87449
2013.03.12 00:32:04.894,0.87433,0.87448
2013.03.12 00:32:09.019,0.87433,0.87449
2013.03.12 00:32:09.575,0.87433,0.87449
2013.03.12 00:32:10.104,0.87432,0.87449
2013.03.12 00:32:12.345,0.87432,0.87448
2013.03.12 00:32:12.904,0.87433,0.87449
2013.03.12 00:32:13.205,0.87433,0.87447
2013.03.12 00:32:13.399,0.87431,0.87447
2013.03.12 00:32:13.945,0.8743,0.87443
2013.03.12 00:32:15.534,0.8743,0.87444
2013.03.12 00:32:18.370,0.8743,0.87443
2013.03.12 00:32:22.825,0.87433,0.87445
2013.03.12 00:32:22.894,0.87434,0.87445
2013.03.12 00:32:23.315,0.87435,0.87449
2013.03.12 00:32:23.806,0.87435,0.87448
2013.03.12 00:32:24.313,0.87435,0.87449
2013.03.12 00:32:28.215,0.87435,0.87449
2013.03.12 00:32:28.734,0.87434,0.87449
2013.03.12 00:32:30.171,0.87437,0.87452
2013.03.12 00:32:34.244,0.87437,0.87453
2013.03.12 00:32:35.916,0.87439,0.87453
2013.03.12 00:32:36.465,0.87441,0.87453
2013.03.12 00:32:38.444,0.87441,0.87452
2013.03.12 00:32:39.063,0.8744,0.87452
2013.03.12 00:32:39.424,0.87438,0.87452
2013.03.12 00:32:39.544,0.87438,0.87452
2013.03.12 00:32:39.974,0.87433,0.8745
2013.03.12 00:32:40.153,0.87436,0.8745
2013.03.12 00:32:43.187,0.87434,0.87448
2013.03.12 00:32:43.374,0.87433,0.87448
2013.03.12 00:32:43.494,0.8743,0.87447
2013.03.12 00:32:43.747,0.8743,0.87446
2013.03.12 00:32:44.368,0.87432,0.87447
2013.03.12 00:32:44.914,0.87431,0.87449
2013.03.12 00:32:46.374,0.87432,0.87449
2013.03.12 00:32:46.934,0.87433,0.87449
2013.03.12 00:32:47.294,0.87433,0.8745
2013.03.12 00:32:47.843,0.87433,0.8745
2013.03.12 00:32:48.346,0.87433,0.87448
2013.03.12 00:32:48.714,0.87432,0.87448
2013.03.12 00:32:48.835,0.87431,0.87447
2013.03.12 00:32:49.354,0.8743,0.87447
2013.03.12 00:32:58.074,0.8743,0.87445
2013.03.12 00:32:58.435,0.87427,0.87442
2013.03.12 00:32:58.504,0.87426,0.87442
2013.03.12 00:32:58.624,0.87425,0.87442
2013.03.12 00:32:59.125,0.87426,0.87442
2013.03.12 00:33:00.509,0.87426,0.87444
2013.03.12 00:33:00.963,0.87426,0.87445
2013.03.12 00:33:01.506,0.87428,0.87446
2013.03.12 00:33:01.934,0.87427,0.87446
2013.03.12 00:33:02.114,0.87427,0.87445
2013.03.12 00:33:04.943,0.87428,0.87443
2013.03.12 00:33:05.995,0.87429,0.87443
2013.03.12 00:33:06.124,0.87429,0.87445
2013.03.12 00:33:06.184,0.87429,0.87447
2013.03.12 00:33:06.863,0.87433,0.87448
2013.03.12 00:33:07.544,0.87434,0.87448
2013.03.12 00:33:17.103,0.87434,0.8745
2013.03.12 00:33:17.164,0.87435,0.8745
2013.03.12 00:33:17.803,0.87433,0.8745
2013.03.12 00:33:22.184,0.87434,0.8745
2013.03.12 00:33:25.165,0.87432,0.87448
2013.03.12 00:33:29.003,0.87434,0.8745
2013.03.12 00:33:29.565,0.87435,0.87453
2013.03.12 00:33:30.123,0.87437,0.87453
2013.03.12 00:33:31.103,0.87437,0.87453
2013.03.12 00:33:32.123,0.87437,0.87453
2013.03.12 00:33:38.849,0.87442,0.87453
2013.03.12 00:33:38.988,0.87438,0.87452
2013.03.12 00:33:40.963,0.87442,0.87453
2013.03.12 00:33:41.024,0.87441,0.87455
2013.03.12 00:33:41.143,0.8744,0.87454
2013.03.12 00:33:41.215,0.87439,0.87453
2013.03.12 00:33:45.665,0.87441,0.87453
2013.03.12 00:33:50.662,0.87441,0.87453
2013.03.12 00:33:51.204,0.87439,0.87453
2013.03.12 00:33:54.804,0.87439,0.87452
2013.03.12 00:33:57.364,0.87439,0.87452
2013.03.12 00:34:05.746,0.87438,0.87452
2013.03.12 00:34:06.057,0.87439,0.87452
2013.03.12 00:34:06.364,0.87434,0.8745
2013.03.12 00:34:11.213,0.87434,0.87448
2013.03.12 00:34:11.874,0.87434,0.87448
2013.03.12 00:34:19.373,0.87436,0.87449
2013.03.12 00:34:19.914,0.87433,0.87448
2013.03.12 00:34:20.037,0.87431,0.87448
2013.03.12 00:34:20.586,0.8743,0.87445
2013.03.12 00:34:27.286,0.87429,0.87445
2013.03.12 00:34:31.154,0.87429,0.87444
2013.03.12 00:34:31.693,0.87428,0.87442
2013.03.12 00:34:35.664,0.87428,0.87444
2013.03.12 00:34:36.204,0.8743,0.87445
2013.03.12 00:34:36.724,0.87429,0.87443
2013.03.12 00:34:37.843,0.87431,0.87445
2013.03.12 00:34:40.223,0.87432,0.87445
2013.03.12 00:34:45.206,0.87431,0.87445
2013.03.12 00:34:47.624,0.87431,0.87445
2013.03.12 00:34:53.683,0.87428,0.87444
2013.03.12 00:34:54.233,0.87428,0.87442
2013.03.12 00:34:55.763,0.87428,0.87442
2013.03.12 00:34:58.054,0.8743,0.87443
2013.03.12 00:34:59.565,0.8743,0.87443
2013.03.12 00:35:00.149,0.87429,0.87443
2013.03.12 00:35:03.238,0.87429,0.87443
2013.03.12 00:35:03.624,0.8743,0.87443
2013.03.12 00:35:07.135,0.87429,0.87443
2013.03.12 00:35:07.903,0.8743,0.87443
2013.03.12 00:35:08.443,0.87428,0.87443
2013.03.12 00:35:12.266,0.87428,0.87443
2013.03.12 00:35:16.143,0.87428,0.87442
2013.03.12 00:35:18.973,0.87428,0.87442
2013.03.12 00:35:21.155,0.8743,0.87443
2013.03.12 00:35:21.213,0.8743,0.87443
2013.03.12 00:35:21.396,0.87431,0.87445
2013.03.12 00:35:21.466,0.87431,0.87445
2013.03.12 00:35:21.595,0.87432,0.87446
2013.03.12 00:35:27.204,0.87432,0.87446
2013.03.12 00:35:27.563,0.87432,0.87445
2013.03.12 00:35:33.586,0.87431,0.87445
2013.03.12 00:35:33.713,0.87432,0.87445
2013.03.12 00:35:36.713,0.87431,0.87445
2013.03.12 00:35:37.493,0.87431,0.87445
2013.03.12 00:35:43.566,0.87431,0.87445
2013.03.12 00:35:45.134,0.8743,0.87444
2013.03.12 00:35:51.155,0.87429,0.87444
2013.03.12 00:35:51.714,0.87429,0.87444
2013.03.12 00:35:52.084,0.87431,0.87444
2013.03.12 00:35:56.903,0.87431,0.87444
2013.03.12 00:35:57.716,0.87431,0.87446
2013.03.12 00:35:57.855,0.87433,0.87446
2013.03.12 00:35:57.925,0.87431,0.87447
2013.03.12 00:35:58.474,0.87434,0.87448
2013.03.12 00:35:59.014,0.87434,0.87447
2013.03.12 00:35:59.924,0.87435,0.87447
2013.03.12 00:36:02.665,0.87434,0.87447
2013.03.12 00:36:03.634,0.87435,0.87447
2013.03.12 00:36:03.815,0.87433,0.87447
2013.03.12 00:36:04.005,0.87433,0.87447
2013.03.12 00:36:04.314,0.87433,0.87447
2013.03.12 00:36:07.848,0.87432,0.87447
2013.03.12 00:36:08.394,0.87432,0.87444
2013.03.12 00:36:12.363,0.87431,0.87444
2013.03.12 00:36:12.845,0.87431,0.87444
2013.03.12 00:36:13.865,0.87433,0.87445
2013.03.12 00:36:18.705,0.87433,0.87447
2013.03.12 00:36:19.144,0.87433,0.87446
2013.03.12 00:36:26.684,0.87433,0.87447
2013.03.12 00:36:26.937,0.87431,0.87446
2013.03.12 00:36:27.126,0.87429,0.87445
2013.03.12 00:36:27.687,0.87429,0.87443
2013.03.12 00:36:29.544,0.87429,0.87443
2013.03.12 00:36:29.673,0.87429,0.87444
2013.03.12 00:36:30.214,0.87429,0.87445
2013.03.12 00:36:30.875,0.87431,0.87446
2013.03.12 00:36:34.183,0.87431,0.87446
2013.03.12 00:37:22.463,0.87429,0.87445
2013.03.12 00:37:34.186,0.87428,0.87445
2013.03.12 00:37:34.804,0.87428,0.87445
2013.03.12 00:37:40.975,0.8743,0.87445
2013.03.12 00:37:41.754,0.8743,0.87445
2013.03.12 00:37:47.675,0.8743,0.87442
2013.03.12 00:37:50.643,0.8743,0.87442
2013.03.12 00:37:51.063,0.8743,0.87445
2013.03.12 00:37:51.185,0.8743,0.87445
2013.03.12 00:37:51.614,0.8743,0.87445
2013.03.12 00:37:52.131,0.87432,0.87445
2013.03.12 00:38:00.817,0.8743,0.87445
2013.03.12 00:38:01.003,0.8743,0.87445
2013.03.12 00:38:01.563,0.8743,0.87443
2013.03.12 00:38:04.684,0.87433,0.87443
2013.03.12 00:38:05.964,0.87433,0.87445
2013.03.12 00:38:08.794,0.8743,0.87445
2013.03.12 00:38:09.095,0.87429,0.87442
2013.03.12 00:38:10.385,0.87429,0.87442
2013.03.12 00:38:10.444,0.87427,0.87442
2013.03.12 00:38:10.803,0.87427,0.8744
2013.03.12 00:38:10.924,0.87427,0.8744
2013.03.12 00:38:11.405,0.87425,0.87437
2013.03.12 00:38:11.954,0.87425,0.87438
2013.03.12 00:38:12.433,0.87424,0.87438
2013.03.12 00:38:12.555,0.87424,0.87438
2013.03.12 00:38:12.856,0.87422,0.87436
2013.03.12 00:38:13.404,0.87418,0.87434
2013.03.12 00:38:13.905,0.87421,0.87435
2013.03.12 00:38:16.588,0.87421,0.87434
2013.03.12 00:38:19.516,0.8742,0.87433
2013.03.12 00:38:20.125,0.8742,0.87433
2013.03.12 00:38:20.674,0.87422,0.87434
2013.03.12 00:38:23.984,0.87422,0.87434
2013.03.12 00:38:24.524,0.87422,0.87434
2013.03.12 00:38:28.355,0.87421,0.87434
2013.03.12 00:38:28.904,0.87421,0.87431
2013.03.12 00:38:29.414,0.87421,0.87433
2013.03.12 00:38:34.174,0.87418,0.87431
2013.03.12 00:38:34.294,0.87418,0.87431
2013.03.12 00:38:35.623,0.87417,0.87431
2013.03.12 00:38:36.350,0.87414,0.8743
2013.03.12 00:38:42.095,0.87417,0.87431
2013.03.12 00:38:42.715,0.87419,0.87431
2013.03.12 00:38:50.544,0.87421,0.87431
2013.03.12 00:38:57.883,0.87418,0.87431
2013.03.12 00:39:02.527,0.87419,0.87431
2013.03.12 00:39:04.843,0.87419,0.87431
2013.03.12 00:39:07.994,0.8742,0.87432
2013.03.12 00:39:08.504,0.8742,0.87433
2013.03.12 00:39:14.034,0.8742,0.87434
2013.03.12 00:39:24.126,0.8742,0.87434
2013.03.12 00:39:33.285,0.87422,0.87434
2013.03.12 00:39:44.985,0.8742,0.87434
2013.03.12 00:39:45.534,0.8742,0.87434
2013.03.12 00:39:51.214,0.8742,0.87434
2013.03.12 00:39:51.344,0.8742,0.87434
2013.03.12 00:39:51.947,0.8742,0.87435
2013.03.12 00:39:58.774,0.87422,0.87435
2013.03.12 00:39:59.895,0.87422,0.87434
2013.03.12 00:40:09.244,0.87422,0.87434
2013.03.12 00:40:10.424,0.87422,0.87434
2013.03.12 00:40:18.154,0.87422,0.87434
2013.03.12 00:40:20.015,0.87422,0.87435
2013.03.12 00:40:20.564,0.87426,0.87439
2013.03.12 00:40:21.544,0.87426,0.87439
2013.03.12 00:40:21.846,0.87423,0.87438
2013.03.12 00:40:21.975,0.87424,0.87438
2013.03.12 00:40:22.476,0.87423,0.87436
2013.03.12 00:40:25.394,0.8742,0.87437
2013.03.12 00:40:25.456,0.87417,0.87434
2013.03.12 00:40:25.644,0.87418,0.87434
2013.03.12 00:40:25.704,0.87418,0.87434
2013.03.12 00:40:28.456,0.87418,0.87433
2013.03.12 00:40:28.765,0.87414,0.87432
2013.03.12 00:40:29.315,0.87414,0.87432
2013.03.12 00:40:31.564,0.87416,0.87432
2013.03.12 00:40:38.005,0.87416,0.87432
2013.03.12 00:40:39.014,0.87416,0.87432
2013.03.12 00:40:39.659,0.87416,0.87431
2013.03.12 00:40:47.585,0.87416,0.8743
2013.03.12 00:40:51.815,0.87415,0.87429
2013.03.12 00:40:52.667,0.87415,0.8743
2013.03.12 00:40:53.175,0.87415,0.8743
2013.03.12 00:40:55.644,0.87415,0.87431
2013.03.12 00:40:55.965,0.87415,0.87431
2013.03.12 00:41:00.265,0.87415,0.87429
2013.03.12 00:41:00.586,0.87415,0.87428
2013.03.12 00:41:01.615,0.87417,0.8743
2013.03.12 00:41:09.395,0.87417,0.87432
2013.03.12 00:41:09.935,0.87418,0.87433
2013.03.12 00:41:17.525,0.8742,0.87432
2013.03.12 00:41:27.836,0.8742,0.8743
2013.03.12 00:41:28.456,0.8742,0.87427
2013.03.12 00:41:28.775,0.8742,0.87429
2013.03.12 00:41:28.955,0.8742,0.87428
2013.03.12 00:41:29.315,0.8742,0.87429
2013.03.12 00:41:29.402,0.8742,0.87429
2013.03.12 00:41:29.765,0.8742,0.87429
2013.03.12 00:41:30.065,0.8742,0.87428
2013.03.12 00:41:30.136,0.8742,0.87429
2013.03.12 00:41:30.486,0.8742,0.87427
2013.03.12 00:41:30.715,0.8742,0.87428
2013.03.12 00:41:31.477,0.87415,0.87427
2013.03.12 00:41:31.735,0.87415,0.87429
2013.03.12 00:41:31.806,0.87415,0.87429
2013.03.12 00:41:31.936,0.87415,0.87428
2013.03.12 00:41:32.006,0.87415,0.87432
2013.03.12 00:41:35.523,0.87415,0.87428
2013.03.12 00:41:36.304,0.87415,0.87428
2013.03.12 00:41:36.424,0.87415,0.8743
2013.03.12 00:41:39.355,0.87415,0.87431
2013.03.12 00:41:39.916,0.87415,0.8743
2013.03.12 00:41:40.044,0.87415,0.87429
2013.03.12 00:41:42.584,0.87415,0.87429
2013.03.12 00:41:44.415,0.87415,0.87429
2013.03.12 00:41:55.074,0.87415,0.87429
2013.03.12 00:41:56.831,0.87415,0.8743
2013.03.12 00:42:04.025,0.87416,0.87431
2013.03.12 00:42:04.538,0.87417,0.87432
2013.03.12 00:42:08.086,0.87417,0.87431
2013.03.12 00:42:12.064,0.87417,0.87432
2013.03.12 00:42:23.224,0.87414,0.87429
2013.03.12 00:42:24.794,0.87414,0.87429
2013.03.12 00:42:30.414,0.87413,0.87429
2013.03.12 00:42:31.718,0.87414,0.87429
2013.03.12 00:42:33.846,0.87413,0.87427
2013.03.12 00:42:42.834,0.87412,0.87427
2013.03.12 00:42:43.536,0.87412,0.87428
2013.03.12 00:42:44.122,0.87413,0.87428
2013.03.12 00:42:44.198,0.87412,0.87428
2013.03.12 00:42:44.986,0.87414,0.87428
2013.03.12 00:42:46.692,0.87415,0.87429
2013.03.12 00:42:47.785,0.87413,0.87429
2013.03.12 00:42:47.965,0.87413,0.87426
2013.03.12 00:42:52.865,0.87412,0.87426
2013.03.12 00:42:53.396,0.87413,0.87426
2013.03.12 00:42:54.974,0.87413,0.87426
2013.03.12 00:42:58.054,0.87413,0.87426
2013.03.12 00:43:04.956,0.87415,0.87429
2013.03.12 00:43:05.826,0.87416,0.87429
2013.03.12 00:43:07.916,0.87416,0.87429
2013.03.12 00:43:08.313,0.87416,0.87429
2013.03.12 00:43:09.045,0.87416,0.87431
2013.03.12 00:43:15.105,0.87417,0.87431
2013.03.12 00:43:16.410,0.87415,0.87431
2013.03.12 00:43:16.625,0.87415,0.87431
2013.03.12 00:43:17.155,0.87416,0.87431
2013.03.12 00:43:18.195,0.87415,0.87431
2013.03.12 00:43:21.787,0.87415,0.87429
2013.03.12 00:43:22.157,0.87414,0.87429
2013.03.12 00:43:22.705,0.87414,0.87428
2013.03.12 00:43:23.125,0.87414,0.87428
2013.03.12 00:43:23.966,0.87413,0.87428
2013.03.12 00:43:24.106,0.87413,0.87428
2013.03.12 00:43:24.647,0.87413,0.87427
2013.03.12 00:43:26.084,0.87414,0.87429
2013.03.12 00:43:26.624,0.87414,0.87429
2013.03.12 00:43:32.156,0.87415,0.8743
2013.03.12 00:43:32.715,0.87414,0.8743
2013.03.12 00:43:32.986,0.87415,0.8743
2013.03.12 00:43:36.416,0.87415,0.87429
2013.03.12 00:43:36.964,0.87414,0.8743
2013.03.12 00:43:37.088,0.87416,0.87431
2013.03.12 00:43:37.754,0.87414,0.8743
2013.03.12 00:43:38.426,0.87415,0.87431
2013.03.12 00:43:50.185,0.87417,0.87429
2013.03.12 00:43:55.265,0.87417,0.87428
2013.03.12 00:44:00.175,0.87417,0.87429
2013.03.12 00:44:05.155,0.87417,0.8743
2013.03.12 00:44:12.725,0.87419,0.87428
2013.03.12 00:44:13.635,0.87418,0.87428
2013.03.12 00:44:14.175,0.87418,0.87428
2013.03.12 00:44:24.967,0.87416,0.87428
2013.03.12 00:44:25.157,0.87412,0.87428
2013.03.12 00:44:28.144,0.87412,0.87426
2013.03.12 00:44:28.935,0.87413,0.87426
2013.03.12 00:44:45.929,0.87412,0.87426
2013.03.12 00:45:07.937,0.87412,0.87423
2013.03.12 00:45:11.529,0.87412,0.87423
2013.03.12 00:45:13.763,0.87412,0.87424
2013.03.12 00:45:15.396,0.87412,0.87425
2013.03.12 00:45:19.094,0.87412,0.87428
2013.03.12 00:45:19.955,0.87412,0.87428
2013.03.12 00:45:36.364,0.87412,0.87427
2013.03.12 00:45:42.185,0.87412,0.87427
2013.03.12 00:45:42.425,0.87412,0.87427
2013.03.12 00:45:43.405,0.87412,0.87427
2013.03.12 00:45:43.925,0.87412,0.87428
2013.03.12 00:45:49.315,0.87413,0.87428
2013.03.12 00:45:50.090,0.87413,0.87428
2013.03.12 00:45:50.455,0.87412,0.87425
2013.03.12 00:45:57.695,0.87413,0.87426
2013.03.12 00:46:00.448,0.87413,0.87426
2013.03.12 00:46:01.422,0.87413,0.87428
2013.03.12 00:46:04.125,0.87411,0.87426
2013.03.12 00:46:07.304,0.87411,0.87427
2013.03.12 00:46:12.424,0.87412,0.87428
2013.03.12 00:46:13.444,0.87412,0.87428
2013.03.12 00:46:14.415,0.87412,0.87428
2013.03.12 00:46:14.955,0.87412,0.87428
2013.03.12 00:46:20.817,0.87414,0.87427
2013.03.12 00:46:27.036,0.87414,0.87428
2013.03.12 00:46:30.685,0.87414,0.87427
2013.03.12 00:46:31.185,0.87414,0.87427
2013.03.12 00:46:31.726,0.87414,0.87427
2013.03.12 00:46:33.383,0.87417,0.87431
2013.03.12 00:46:33.936,0.87417,0.8743
2013.03.12 00:46:34.194,0.87417,0.87431
2013.03.12 00:46:38.095,0.87417,0.87429
2013.03.12 00:46:44.218,0.87417,0.87429
2013.03.12 00:46:44.346,0.87417,0.87429
2013.03.12 00:46:45.428,0.87417,0.8743
2013.03.12 00:46:48.768,0.87417,0.87429
2013.03.12 00:46:53.555,0.87417,0.87429
2013.03.12 00:46:56.916,0.87417,0.87429
2013.03.12 00:47:02.905,0.87418,0.8743
2013.03.12 00:47:12.222,0.87419,0.87432
2013.03.12 00:47:13.168,0.8742,0.87431
2013.03.12 00:47:13.523,0.8742,0.87431
2013.03.12 00:47:29.675,0.87419,0.87431
2013.03.12 00:47:30.246,0.87419,0.87431
2013.03.12 00:47:32.007,0.87419,0.87431
2013.03.12 00:47:32.555,0.87418,0.87431
2013.03.12 00:47:32.675,0.87416,0.87429
2013.03.12 00:47:33.458,0.87414,0.87424
2013.03.12 00:47:33.530,0.87413,0.87425
2013.03.12 00:47:39.125,0.87414,0.87425
2013.03.12 00:47:41.105,0.87416,0.87426
2013.03.12 00:47:48.685,0.87416,0.87425
2013.03.12 00:47:51.037,0.87413,0.87426
2013.03.12 00:47:51.618,0.87415,0.87425
2013.03.12 00:47:53.415,0.87415,0.87426
2013.03.12 00:47:57.186,0.87415,0.87428
2013.03.12 00:47:59.265,0.87415,0.87426
2013.03.12 00:47:59.385,0.87415,0.87426
2013.03.12 00:48:06.088,0.87416,0.87426
2013.03.12 00:48:06.832,0.87415,0.87426
2013.03.12 00:48:15.175,0.87415,0.87425
2013.03.12 00:48:34.995,0.87414,0.87426
2013.03.12 00:48:35.417,0.87411,0.87425
2013.03.12 00:48:35.777,0.8741,0.87424
2013.03.12 00:48:37.716,0.87409,0.87424
2013.03.12 00:48:38.265,0.87412,0.87424
2013.03.12 00:48:38.986,0.87413,0.87424
2013.03.12 00:48:39.949,0.87413,0.87428
2013.03.12 00:48:40.078,0.87414,0.87429
2013.03.12 00:48:40.604,0.87415,0.87428
2013.03.12 00:48:45.885,0.87415,0.87428
2013.03.12 00:48:46.575,0.87415,0.87427
2013.03.12 00:49:02.148,0.87415,0.87426
2013.03.12 00:49:04.917,0.87416,0.87426
2013.03.12 00:49:05.467,0.87417,0.87427
2013.03.12 00:49:06.327,0.87417,0.87428
2013.03.12 00:49:06.646,0.87417,0.87427
2013.03.12 00:49:11.746,0.87415,0.87427
2013.03.12 00:49:15.706,0.87416,0.87427
2013.03.12 00:49:15.946,0.87416,0.87429
2013.03.12 00:49:16.007,0.87416,0.87429
2013.03.12 00:49:18.125,0.87416,0.87429
2013.03.12 00:49:29.191,0.87415,0.87431
2013.03.12 00:49:35.055,0.87416,0.87431
2013.03.12 00:49:40.751,0.87416,0.87428
2013.03.12 00:49:41.297,0.87416,0.87427
2013.03.12 00:49:46.696,0.87416,0.87427
2013.03.12 00:49:47.786,0.87417,0.87427
2013.03.12 00:49:49.006,0.87416,0.87427
2013.03.12 00:49:50.887,0.87416,0.87427
2013.03.12 00:49:51.764,0.87416,0.87428
2013.03.12 00:49:53.107,0.87415,0.87431
2013.03.12 00:49:55.416,0.87415,0.8743
2013.03.12 00:49:55.607,0.87414,0.87427
2013.03.12 00:49:56.166,0.87414,0.87427
2013.03.12 00:49:56.825,0.87411,0.87426
2013.03.12 00:49:58.584,0.87411,0.87426
2013.03.12 00:49:58.826,0.87412,0.87427
2013.03.12 00:50:01.387,0.87413,0.87428
2013.03.12 00:50:02.026,0.87414,0.87428
2013.03.12 00:50:02.155,0.87414,0.87429
2013.03.12 00:50:02.585,0.87414,0.87429
2013.03.12 00:50:04.005,0.87416,0.87426
2013.03.12 00:50:04.306,0.87416,0.87427
2013.03.12 00:50:04.953,0.87416,0.87426
2013.03.12 00:50:07.946,0.87417,0.87427
2013.03.12 00:50:08.605,0.87417,0.87427
2013.03.12 00:50:08.905,0.87417,0.87428
2013.03.12 00:50:09.447,0.87417,0.87429
2013.03.12 00:50:09.515,0.87417,0.87428
2013.03.12 00:50:09.875,0.87417,0.87428
2013.03.12 00:50:09.935,0.87417,0.87429
2013.03.12 00:50:10.176,0.87417,0.87429
2013.03.12 00:50:10.715,0.87418,0.8743
2013.03.12 00:50:14.546,0.87417,0.87428
2013.03.12 00:50:16.066,0.87418,0.8743
2013.03.12 00:50:16.677,0.87417,0.87428
2013.03.12 00:50:16.746,0.87417,0.87427
2013.03.12 00:50:17.429,0.87415,0.87428
2013.03.12 00:50:17.956,0.87415,0.87427
2013.03.12 00:50:18.755,0.87415,0.87427
2013.03.12 00:50:23.997,0.87415,0.87426
2013.03.12 00:50:24.202,0.87413,0.87426
2013.03.12 00:50:24.696,0.87411,0.87426
2013.03.12 00:50:25.246,0.87411,0.87426
2013.03.12 00:50:27.184,0.87411,0.87426
2013.03.12 00:50:27.638,0.87414,0.87426
2013.03.12 00:50:28.305,0.87415,0.87426
2013.03.12 00:50:28.852,0.87416,0.87426
2013.03.12 00:50:32.605,0.87413,0.87429
2013.03.12 00:50:34.665,0.87413,0.87428
2013.03.12 00:50:35.191,0.87413,0.87428
2013.03.12 00:50:41.045,0.87413,0.87425
2013.03.12 00:50:43.505,0.87413,0.87426
2013.03.12 00:50:43.659,0.87413,0.87428
2013.03.12 00:50:44.906,0.87414,0.87426
2013.03.12 00:50:45.455,0.87414,0.87426
2013.03.12 00:50:45.937,0.87416,0.87428
2013.03.12 00:50:47.666,0.87416,0.87428
2013.03.12 00:50:48.215,0.87419,0.87431
2013.03.12 00:50:48.756,0.8742,0.87431
2013.03.12 00:50:49.959,0.87416,0.87428
2013.03.12 00:50:50.506,0.87416,0.87427
2013.03.12 00:50:54.916,0.87414,0.87428
2013.03.12 00:50:55.156,0.87413,0.87425
2013.03.12 00:50:55.715,0.87412,0.87425
2013.03.12 00:50:55.955,0.87411,0.87425
2013.03.12 00:50:56.135,0.87412,0.87425
2013.03.12 00:50:56.848,0.87412,0.87425
2013.03.12 00:50:57.387,0.87413,0.87426
2013.03.12 00:50:57.907,0.87411,0.87425
2013.03.12 00:50:58.576,0.87411,0.87424
2013.03.12 00:51:00.399,0.87411,0.87424
2013.03.12 00:51:03.916,0.8741,0.87424
2013.03.12 00:51:04.455,0.8741,0.87424
2013.03.12 00:51:05.066,0.8741,0.87424
2013.03.12 00:51:05.126,0.87411,0.87424
2013.03.12 00:51:05.381,0.8741,0.87424
2013.03.12 00:51:06.292,0.8741,0.87422
2013.03.12 00:51:06.938,0.8741,0.87422
2013.03.12 00:51:07.956,0.87411,0.87422
2013.03.12 00:51:08.195,0.87411,0.87423
2013.03.12 00:51:08.948,0.87411,0.87424
2013.03.12 00:51:10.717,0.8741,0.87423
2013.03.12 00:51:11.266,0.8741,0.87422
2013.03.12 00:51:11.827,0.87411,0.87424
2013.03.12 00:51:13.790,0.87413,0.87426
2013.03.12 00:51:15.750,0.87413,0.87426
2013.03.12 00:51:16.006,0.87416,0.87429
2013.03.12 00:51:16.617,0.87417,0.87429
2013.03.12 00:51:22.831,0.87417,0.8743
2013.03.12 00:51:24.609,0.87414,0.8743
2013.03.12 00:51:24.683,0.87414,0.87428
2013.03.12 00:51:24.877,0.87412,0.87427
2013.03.12 00:51:25.065,0.87413,0.87427
2013.03.12 00:51:25.370,0.87411,0.87425
2013.03.12 00:51:25.625,0.87411,0.87425
2013.03.12 00:51:26.945,0.87411,0.87425
2013.03.12 00:51:27.377,0.87412,0.87425
2013.03.12 00:51:28.525,0.87416,0.8743
2013.03.12 00:51:29.074,0.87416,0.87429
2013.03.12 00:51:29.146,0.87416,0.87429
2013.03.12 00:51:33.225,0.87418,0.87431
2013.03.12 00:51:33.765,0.87418,0.87431
2013.03.12 00:51:38.956,0.87416,0.87431
2013.03.12 00:51:39.507,0.87414,0.87428
2013.03.12 00:51:40.057,0.8741,0.87425
2013.03.12 00:51:40.864,0.8741,0.87425
2013.03.12 00:51:41.365,0.87411,0.87425
2013.03.12 00:51:41.887,0.87411,0.87424
2013.03.12 00:51:42.909,0.87413,0.87424
2013.03.12 00:51:46.685,0.87413,0.87427
2013.03.12 00:51:46.996,0.87414,0.87427
2013.03.12 00:51:49.617,0.87414,0.8743
2013.03.12 00:51:49.748,0.87417,0.8743
2013.03.12 00:51:50.179,0.87418,0.87431
2013.03.12 00:51:50.307,0.87418,0.8743
2013.03.12 00:51:51.537,0.87418,0.87432
2013.03.12 00:51:51.985,0.87417,0.8743
2013.03.12 00:51:52.111,0.87417,0.8743
2013.03.12 00:51:53.276,0.87416,0.87432
2013.03.12 00:51:54.076,0.87416,0.87432
2013.03.12 00:51:56.997,0.87416,0.87431
2013.03.12 00:52:01.956,0.87416,0.87431
2013.03.12 00:52:02.866,0.87416,0.87431
2013.03.12 00:52:04.116,0.87412,0.87427
2013.03.12 00:52:05.702,0.87412,0.87424
2013.03.12 00:52:06.878,0.87412,0.87427
2013.03.12 00:52:07.462,0.87414,0.87427
2013.03.12 00:52:07.533,0.87412,0.87427
2013.03.12 00:52:07.606,0.87412,0.87426
2013.03.12 00:52:07.728,0.87414,0.87429
2013.03.12 00:52:07.856,0.87415,0.87426
2013.03.12 00:52:11.096,0.87416,0.87432
2013.03.12 00:52:13.235,0.87416,0.87432
2013.03.12 00:52:16.060,0.8742,0.87433
2013.03.12 00:52:19.703,0.8742,0.87433
2013.03.12 00:52:22.468,0.87418,0.87433
2013.03.12 00:52:23.686,0.87418,0.87433
2013.03.12 00:52:24.876,0.87418,0.87433
2013.03.12 00:52:25.419,0.87419,0.87433
2013.03.12 00:52:29.457,0.87418,0.87432
2013.03.12 00:52:32.126,0.87418,0.87433
2013.03.12 00:52:34.625,0.87419,0.87433
2013.03.12 00:52:34.748,0.87417,0.87429
2013.03.12 00:52:35.296,0.87417,0.87432
2013.03.12 00:52:35.956,0.87417,0.87431
2013.03.12 00:52:37.726,0.87417,0.87431
2013.03.12 00:52:44.691,0.87418,0.87432
2013.03.12 00:52:53.112,0.87417,0.87431
2013.03.12 00:52:54.858,0.87417,0.87431
2013.03.12 00:52:55.376,0.87417,0.87431
2013.03.12 00:52:59.276,0.87418,0.87432
2013.03.12 00:53:00.177,0.87418,0.87432
2013.03.12 00:53:05.687,0.87417,0.8743
2013.03.12 00:53:06.196,0.87413,0.87429
2013.03.12 00:53:06.375,0.87413,0.87428
2013.03.12 00:53:06.436,0.87413,0.87429
2013.03.12 00:53:06.556,0.87411,0.87428
2013.03.12 00:53:06.914,0.87413,0.87428
2013.03.12 00:53:15.027,0.8741,0.87426
2013.03.12 00:53:16.786,0.8741,0.87426
2013.03.12 00:53:17.265,0.8741,0.87426
2013.03.12 00:53:18.045,0.87412,0.87426
2013.03.12 00:53:18.228,0.87412,0.87426
2013.03.12 00:53:20.439,0.87413,0.87428
2013.03.12 00:53:20.747,0.87413,0.87428
2013.03.12 00:53:21.295,0.87416,0.8743
2013.03.12 00:53:23.579,0.87416,0.87432
2013.03.12 00:53:23.766,0.87416,0.87432
2013.03.12 00:53:24.316,0.87416,0.87431
2013.03.12 00:53:28.468,0.87417,0.87431
2013.03.12 00:53:28.836,0.87415,0.87431
2013.03.12 00:53:29.396,0.87415,0.87429
2013.03.12 00:53:29.690,0.87416,0.87429
2013.03.12 00:53:31.477,0.87414,0.87427
2013.03.12 00:53:31.939,0.87412,0.87426
2013.03.12 00:53:32.246,0.87409,0.87426
2013.03.12 00:53:32.367,0.87409,0.87423
2013.03.12 00:53:32.678,0.87406,0.8742
2013.03.12 00:53:32.987,0.87406,0.8742
2013.03.12 00:53:34.196,0.87406,0.87421
2013.03.12 00:53:35.046,0.87406,0.87421
2013.03.12 00:53:35.559,0.87406,0.87421
2013.03.12 00:53:36.147,0.87406,0.87421
2013.03.12 00:53:36.396,0.87406,0.87422
2013.03.12 00:53:36.818,0.87408,0.87422
2013.03.12 00:53:39.787,0.87408,0.87423
2013.03.12 00:53:42.997,0.87409,0.87422
2013.03.12 00:53:43.436,0.87409,0.87422
2013.03.12 00:53:43.676,0.87409,0.87422
2013.03.12 00:53:44.165,0.87405,0.87421
2013.03.12 00:53:44.715,0.87405,0.87418
2013.03.12 00:53:45.995,0.87405,0.8742
2013.03.12 00:53:47.435,0.87405,0.87418
2013.03.12 00:53:50.586,0.87405,0.87418
2013.03.12 00:53:51.098,0.87405,0.87418
2013.03.12 00:53:51.285,0.87405,0.87418
2013.03.12 00:53:55.462,0.87406,0.87418
2013.03.12 00:53:57.727,0.87405,0.87418
2013.03.12 00:53:58.925,0.87405,0.87418
2013.03.12 00:53:59.168,0.87403,0.87417
2013.03.12 00:53:59.695,0.87403,0.87417
2013.03.12 00:54:02.803,0.87403,0.87416
2013.03.12 00:54:03.346,0.87403,0.87415
2013.03.12 00:54:03.897,0.87401,0.87416
2013.03.12 00:54:05.205,0.87403,0.87417
2013.03.12 00:54:05.776,0.87403,0.87418
2013.03.12 00:54:06.386,0.87402,0.87418
2013.03.12 00:54:09.670,0.87404,0.87417
2013.03.12 00:54:10.255,0.87403,0.87416
2013.03.12 00:54:14.197,0.87403,0.87418
2013.03.12 00:54:15.225,0.87403,0.87418
2013.03.12 00:54:15.767,0.87405,0.87419
2013.03.12 00:54:16.246,0.87406,0.87421
2013.03.12 00:54:28.326,0.87408,0.87421
2013.03.12 00:54:28.866,0.8741,0.87423
2013.03.12 00:54:29.406,0.8741,0.87423
2013.03.12 00:54:30.076,0.87412,0.87423
2013.03.12 00:54:32.676,0.87409,0.87427
2013.03.12 00:54:35.255,0.87411,0.87425
2013.03.12 00:54:38.308,0.87412,0.87427
2013.03.12 00:54:38.437,0.87413,0.87427
2013.03.12 00:54:38.556,0.87414,0.87427
2013.03.12 00:54:40.621,0.87408,0.87424
2013.03.12 00:54:42.927,0.87409,0.87425
2013.03.12 00:54:47.344,0.87407,0.87423
2013.03.12 00:54:47.587,0.87407,0.87422
2013.03.12 00:54:48.135,0.87406,0.8742
2013.03.12 00:54:48.688,0.87407,0.87423
2013.03.12 00:54:50.007,0.87409,0.87423
2013.03.12 00:54:50.307,0.8741,0.87423
2013.03.12 00:54:54.556,0.87408,0.87424
2013.03.12 00:54:54.978,0.87407,0.87422
2013.03.12 00:54:55.405,0.87405,0.87419
2013.03.12 00:54:55.966,0.87409,0.87424
2013.03.12 00:54:56.025,0.87409,0.87423
2013.03.12 00:54:56.565,0.87409,0.87423
2013.03.12 00:54:57.996,0.87411,0.87425
2013.03.12 00:54:58.367,0.87414,0.87428
2013.03.12 00:54:58.688,0.87414,0.87428
2013.03.12 00:55:00.257,0.87415,0.87429
2013.03.12 00:55:00.815,0.87415,0.87432
2013.03.12 00:55:00.935,0.87417,0.87432
2013.03.12 00:55:01.125,0.87417,0.87432
2013.03.12 00:55:03.025,0.87417,0.87431
2013.03.12 00:55:07.987,0.87417,0.87431
2013.03.12 00:55:16.878,0.87417,0.87431
2013.03.12 00:55:18.645,0.87416,0.8743
2013.03.12 00:55:20.420,0.87416,0.87431
2013.03.12 00:55:21.936,0.87417,0.87432
2013.03.12 00:55:22.295,0.87419,0.87432
2013.03.12 00:55:22.846,0.8742,0.87432
2013.03.12 00:55:23.385,0.87418,0.87432
2013.03.12 00:55:25.186,0.87418,0.87432
2013.03.12 00:55:25.725,0.87418,0.87431
2013.03.12 00:55:27.660,0.87418,0.87431
2013.03.12 00:55:30.910,0.87418,0.87431
2013.03.12 00:55:32.306,0.87418,0.87431
2013.03.12 00:55:37.696,0.87418,0.87432
2013.03.12 00:55:38.237,0.87416,0.8743
2013.03.12 00:55:38.655,0.87418,0.8743
2013.03.12 00:55:41.265,0.87417,0.87433
2013.03.12 00:55:51.936,0.87417,0.87433
2013.03.12 00:55:54.459,0.87417,0.87433
2013.03.12 00:55:55.535,0.87417,0.87432
2013.03.12 00:55:56.096,0.87417,0.87432
2013.03.12 00:55:57.607,0.87418,0.87432
2013.03.12 00:55:57.966,0.87418,0.87432
2013.03.12 00:56:02.976,0.87418,0.87432
2013.03.12 00:56:03.287,0.87417,0.87432
2013.03.12 00:56:03.527,0.87416,0.8743
2013.03.12 00:56:04.077,0.87414,0.8743
2013.03.12 00:56:05.017,0.87414,0.8743
2013.03.12 00:56:06.199,0.87411,0.87425
2013.03.12 00:56:06.506,0.87407,0.87422
2013.03.12 00:56:06.566,0.87407,0.87422
2013.03.12 00:56:06.689,0.87407,0.87422
2013.03.12 00:56:18.658,0.87406,0.87422
2013.03.12 00:56:19.538,0.87411,0.87424
2013.03.12 00:56:20.406,0.87411,0.87425
2013.03.12 00:56:20.685,0.87411,0.87427
2013.03.12 00:56:21.316,0.87413,0.87427
2013.03.12 00:56:31.246,0.87414,0.87428
2013.03.12 00:56:31.805,0.87415,0.87427
2013.03.12 00:56:32.976,0.87415,0.87429
2013.03.12 00:56:36.867,0.87413,0.87429
2013.03.12 00:56:37.367,0.87414,0.8743
2013.03.12 00:56:37.873,0.87412,0.87428
2013.03.12 00:56:40.296,0.87411,0.87427
2013.03.12 00:56:40.596,0.87411,0.87426
2013.03.12 00:56:40.657,0.87413,0.87425
2013.03.12 00:56:46.349,0.87414,0.87428
2013.03.12 00:56:47.562,0.87415,0.87429
2013.03.12 00:56:48.578,0.87416,0.87431
2013.03.12 00:56:48.828,0.87418,0.87431
2013.03.12 00:56:52.007,0.87418,0.87432
2013.03.12 00:56:54.687,0.87414,0.87429
2013.03.12 00:56:56.917,0.87414,0.87428
2013.03.12 00:56:57.426,0.87414,0.87428
2013.03.12 00:56:58.094,0.87412,0.87428
2013.03.12 00:57:01.160,0.87413,0.87428
2013.03.12 00:57:01.747,0.87414,0.87428
2013.03.12 00:57:02.309,0.87414,0.87432
2013.03.12 00:57:02.857,0.87413,0.8743
2013.03.12 00:57:03.396,0.87414,0.8743
2013.03.12 00:57:03.815,0.87414,0.8743
2013.03.12 00:57:07.260,0.87415,0.8743
2013.03.12 00:57:07.818,0.87415,0.8743
2013.03.12 00:57:10.125,0.87413,0.87429
2013.03.12 00:57:11.688,0.87413,0.87429
2013.03.12 00:57:18.926,0.87413,0.87428
2013.03.12 00:57:19.696,0.87415,0.87432
2013.03.12 00:57:20.175,0.87416,0.87433
2013.03.12 00:57:22.646,0.87416,0.87433
2013.03.12 00:57:25.126,0.87416,0.87433
2013.03.12 00:57:25.546,0.87415,0.8743
2013.03.12 00:57:26.086,0.87412,0.87428
2013.03.12 00:57:27.377,0.87413,0.87429
2013.03.12 00:57:28.074,0.87413,0.8743
2013.03.12 00:57:28.606,0.87414,0.8743
2013.03.12 00:57:30.060,0.87414,0.8743
2013.03.12 00:57:33.467,0.87414,0.8743
2013.03.12 00:57:37.027,0.87414,0.8743
2013.03.12 00:57:44.017,0.87414,0.8743
2013.03.12 00:57:44.907,0.87414,0.8743
2013.03.12 00:57:45.660,0.87416,0.8743
2013.03.12 00:57:51.607,0.87414,0.8743
2013.03.12 00:57:52.597,0.87415,0.8743
2013.03.12 00:57:53.087,0.87417,0.87432
2013.03.12 00:57:53.916,0.87417,0.87432
2013.03.12 00:58:07.907,0.87415,0.87432
2013.03.12 00:58:08.268,0.87412,0.87428
2013.03.12 00:58:08.576,0.87412,0.87428
2013.03.12 00:58:09.875,0.8741,0.87426
2013.03.12 00:58:16.922,0.8741,0.87428
2013.03.12 00:58:17.166,0.8741,0.87428
2013.03.12 00:58:18.476,0.87412,0.87428
2013.03.12 00:58:18.698,0.87412,0.87428
2013.03.12 00:58:27.515,0.87413,0.87429
2013.03.12 00:58:27.698,0.87413,0.87429
2013.03.12 00:58:28.254,0.87415,0.87432
2013.03.12 00:58:29.016,0.87416,0.87433
2013.03.12 00:58:50.064,0.87417,0.87433
2013.03.12 00:58:50.286,0.87415,0.87433
2013.03.12 00:58:51.015,0.87412,0.8743
2013.03.12 00:58:51.457,0.87411,0.87429
2013.03.12 00:58:55.655,0.87411,0.87428
2013.03.12 00:58:59.694,0.87411,0.87427
2013.03.12 00:59:03.006,0.87411,0.87427
2013.03.12 00:59:08.285,0.87411,0.87427
2013.03.12 00:59:10.148,0.87411,0.87427
2013.03.12 00:59:17.076,0.87411,0.87427
2013.03.12 00:59:22.461,0.87413,0.87428
2013.03.12 00:59:22.646,0.87412,0.87427
2013.03.12 00:59:22.719,0.87411,0.87427
2013.03.12 00:59:23.277,0.87414,0.87429
2013.03.12 00:59:23.956,0.87414,0.87429
2013.03.12 00:59:25.221,0.87414,0.87429
2013.03.12 00:59:32.276,0.87413,0.87429
2013.03.12 01:00:06.945,0.87411,0.87427
2013.03.12 01:00:07.596,0.87411,0.87427
2013.03.12 01:00:08.115,0.87411,0.87427
2013.03.12 01:00:09.397,0.87411,0.87427
2013.03.12 01:00:11.237,0.8741,0.87427
2013.03.12 01:00:11.598,0.87409,0.87425
2013.03.12 01:00:11.667,0.8741,0.87425
2013.03.12 01:00:12.147,0.87413,0.87426
2013.03.12 01:00:12.338,0.87415,0.87429
2013.03.12 01:00:12.469,0.87417,0.87433
2013.03.12 01:00:12.612,0.87417,0.87436
2013.03.12 01:00:12.687,0.87417,0.87436
2013.03.12 01:00:12.754,0.87419,0.87436
2013.03.12 01:00:13.257,0.87421,0.87438
2013.03.12 01:00:13.616,0.87421,0.87439
2013.03.12 01:00:14.006,0.87421,0.87439
2013.03.12 01:00:15.117,0.87422,0.87439
2013.03.12 01:00:22.465,0.87424,0.87439
2013.03.12 01:00:24.916,0.87425,0.87439
2013.03.12 01:00:25.456,0.87426,0.87443
2013.03.12 01:00:26.119,0.87426,0.87443
2013.03.12 01:00:26.367,0.87426,0.87442
2013.03.12 01:00:31.857,0.87424,0.87439
2013.03.12 01:00:32.416,0.87424,0.87439
2013.03.12 01:00:38.457,0.87424,0.87439
2013.03.12 01:01:38.478,0.87421,0.8744
2013.03.12 01:01:44.765,0.87423,0.87438
2013.03.12 01:01:45.067,0.87423,0.8744
2013.03.12 01:01:45.569,0.87424,0.87442
2013.03.12 01:01:46.093,0.87426,0.87442
2013.03.12 01:01:47.478,0.87426,0.8744
2013.03.12 01:01:50.387,0.87426,0.87441
2013.03.12 01:01:50.518,0.87427,0.87441
2013.03.12 01:01:57.582,0.87428,0.87442
2013.03.12 01:01:58.037,0.8743,0.87445
2013.03.12 01:02:00.338,0.87428,0.87445
2013.03.12 01:02:06.467,0.87428,0.87444
2013.03.12 01:02:07.019,0.8743,0.87445
2013.03.12 01:02:10.415,0.87431,0.87446
2013.03.12 01:02:11.316,0.8743,0.87446
2013.03.12 01:02:23.400,0.87431,0.87445
2013.03.12 01:02:24.187,0.87431,0.87445
2013.03.12 01:02:27.956,0.87431,0.87445
2013.03.12 01:02:33.651,0.87431,0.87445
2013.03.12 01:02:33.958,0.8743,0.87442
2013.03.12 01:02:34.017,0.87428,0.87442
2013.03.12 01:02:34.079,0.87424,0.87441
2013.03.12 01:02:34.448,0.87425,0.87439
2013.03.12 01:02:37.083,0.87423,0.87439
2013.03.12 01:02:39.810,0.87423,0.87439
2013.03.12 01:02:43.459,0.87422,0.87438
2013.03.12 01:02:49.826,0.87421,0.87437
2013.03.12 01:02:51.316,0.87423,0.87437
2013.03.12 01:02:52.277,0.87423,0.87437
2013.03.12 01:02:53.944,0.87424,0.87437
2013.03.12 01:02:54.139,0.87427,0.87441
2013.03.12 01:02:54.210,0.87426,0.87443
2013.03.12 01:02:54.398,0.87429,0.87445
2013.03.12 01:02:54.588,0.87429,0.87446
2013.03.12 01:02:55.580,0.87429,0.87446
2013.03.12 01:02:56.117,0.87432,0.87448
2013.03.12 01:02:56.656,0.87432,0.87449
2013.03.12 01:02:56.777,0.87431,0.87449
2013.03.12 01:02:56.837,0.87431,0.87446
2013.03.12 01:02:57.342,0.87431,0.87445
2013.03.12 01:02:59.087,0.87432,0.87447
2013.03.12 01:02:59.447,0.87432,0.87447
2013.03.12 01:03:02.196,0.8743,0.87444
2013.03.12 01:03:03.408,0.87427,0.87442
2013.03.12 01:03:03.478,0.87427,0.87442
2013.03.12 01:03:03.553,0.87427,0.87442
2013.03.12 01:03:03.856,0.87425,0.8744
2013.03.12 01:03:08.097,0.87425,0.87438
2013.03.12 01:03:13.921,0.87425,0.87439
2013.03.12 01:03:16.187,0.87425,0.87438
2013.03.12 01:03:17.786,0.87426,0.87439
2013.03.12 01:03:20.257,0.87426,0.8744
2013.03.12 01:03:31.938,0.87431,0.87445
2013.03.12 01:03:31.998,0.87432,0.87445
2013.03.12 01:03:32.120,0.8743,0.87445
2013.03.12 01:03:32.309,0.87432,0.87447
2013.03.12 01:03:32.558,0.87435,0.87449
2013.03.12 01:03:33.508,0.87433,0.87449
2013.03.12 01:03:33.909,0.87433,0.87449
2013.03.12 01:03:35.406,0.87433,0.87449
2013.03.12 01:03:39.479,0.87432,0.87448
2013.03.12 01:03:44.231,0.87434,0.8745
2013.03.12 01:03:45.968,0.87436,0.87452
2013.03.12 01:03:46.176,0.87437,0.87452
2013.03.12 01:03:47.089,0.87437,0.8745
2013.03.12 01:03:47.218,0.87432,0.87447
2013.03.12 01:03:47.409,0.87435,0.87447
2013.03.12 01:03:47.538,0.87434,0.87449
2013.03.12 01:03:47.657,0.87431,0.87448
2013.03.12 01:03:47.778,0.87431,0.87447
2013.03.12 01:03:48.278,0.87431,0.87444
2013.03.12 01:03:48.769,0.8743,0.87445
2013.03.12 01:03:48.958,0.8743,0.87445
2013.03.12 01:03:50.108,0.87431,0.87444
2013.03.12 01:03:50.179,0.8743,0.87443
2013.03.12 01:03:50.726,0.87428,0.87441
2013.03.12 01:03:51.028,0.87427,0.87441
2013.03.12 01:03:53.558,0.87427,0.87441
2013.03.12 01:03:54.226,0.87427,0.87445
2013.03.12 01:03:54.348,0.87428,0.87442
2013.03.12 01:03:54.887,0.87429,0.87442
2013.03.12 01:03:55.678,0.87428,0.87441
2013.03.12 01:03:56.216,0.87428,0.87439
2013.03.12 01:03:56.717,0.87427,0.87438
2013.03.12 01:03:56.899,0.87426,0.87438
2013.03.12 01:03:57.627,0.87426,0.87438
2013.03.12 01:03:57.867,0.87425,0.87438
2013.03.12 01:04:00.255,0.87427,0.87441
2013.03.12 01:04:01.399,0.87428,0.87441
2013.03.12 01:04:04.458,0.8743,0.87443
2013.03.12 01:04:05.017,0.8743,0.87445
2013.03.12 01:04:05.557,0.87433,0.87448
2013.03.12 01:04:06.957,0.87433,0.87448
2013.03.12 01:04:07.989,0.87431,0.87443
2013.03.12 01:04:11.638,0.87431,0.87445
2013.03.12 01:04:12.208,0.87433,0.87446
2013.03.12 01:04:12.848,0.87431,0.87446
2013.03.12 01:04:15.630,0.8743,0.87444
2013.03.12 01:04:15.699,0.87429,0.87442
2013.03.12 01:04:15.948,0.87428,0.87442
2013.03.12 01:04:16.497,0.87426,0.87439
2013.03.12 01:04:19.820,0.87428,0.87441
2013.03.12 01:04:20.148,0.8743,0.87444
2013.03.12 01:04:42.112,0.87427,0.87442
2013.03.12 01:04:42.637,0.87427,0.87442
2013.03.12 01:04:47.076,0.87425,0.87439
2013.03.12 01:04:53.337,0.87424,0.87437
2013.03.12 01:04:54.095,0.87424,0.87437
2013.03.12 01:04:55.338,0.87423,0.87436
2013.03.12 01:04:55.696,0.87423,0.87436
2013.03.12 01:04:56.782,0.87422,0.87437
2013.03.12 01:04:59.986,0.87423,0.87438
2013.03.12 01:05:01.230,0.87423,0.87437
2013.03.12 01:05:01.787,0.87422,0.87435
2013.03.12 01:05:43.721,0.87423,0.87435
2013.03.12 01:05:52.187,0.87424,0.87438
2013.03.12 01:05:52.728,0.87424,0.87438
2013.03.12 01:05:52.966,0.87424,0.87438
2013.03.12 01:06:25.195,0.87425,0.87439
2013.03.12 01:06:40.819,0.87424,0.87439
2013.03.12 01:06:46.530,0.87425,0.87439
2013.03.12 01:06:51.957,0.87425,0.87439
2013.03.12 01:06:52.200,0.87426,0.87439
2013.03.12 01:06:52.270,0.87425,0.87439
2013.03.12 01:06:52.398,0.87425,0.87443
2013.03.12 01:06:52.519,0.8743,0.87444
2013.03.12 01:06:57.047,0.87427,0.87443
2013.03.12 01:07:00.933,0.87427,0.87443
2013.03.12 01:07:02.407,0.87427,0.87443
2013.03.12 01:07:09.367,0.87429,0.87443
2013.03.12 01:07:10.449,0.87428,0.87441
2013.03.12 01:07:14.247,0.87429,0.87443
2013.03.12 01:07:18.671,0.87428,0.87442
2013.03.12 01:07:20.337,0.87428,0.87442
2013.03.12 01:07:20.577,0.87429,0.87442
2013.03.12 01:07:28.717,0.87427,0.87442
2013.03.12 01:07:28.777,0.87427,0.87442
2013.03.12 01:07:29.329,0.87425,0.8744
2013.03.12 01:07:29.668,0.87425,0.8744
2013.03.12 01:07:31.000,0.87425,0.8744
2013.03.12 01:07:33.621,0.87422,0.87437
2013.03.12 01:07:42.928,0.87425,0.87439
2013.03.12 01:07:48.460,0.87426,0.87442
2013.03.12 01:07:48.529,0.87426,0.87442
2013.03.12 01:07:48.839,0.87429,0.87442
2013.03.12 01:07:49.869,0.87429,0.87442
2013.03.12 01:07:52.759,0.8743,0.87443
2013.03.12 01:07:52.892,0.8743,0.87445
2013.03.12 01:07:53.022,0.8743,0.87447
2013.03.12 01:07:53.887,0.87436,0.8745
2013.03.12 01:07:53.962,0.87436,0.87451
2013.03.12 01:07:54.996,0.87436,0.87451
2013.03.12 01:07:55.439,0.87435,0.87448
2013.03.12 01:07:55.567,0.87432,0.87448
2013.03.12 01:07:55.627,0.87434,0.87448
2013.03.12 01:07:57.837,0.87432,0.87447
2013.03.12 01:07:58.197,0.87432,0.87445
2013.03.12 01:08:00.222,0.87432,0.87445
2013.03.12 01:08:01.487,0.8743,0.87443
2013.03.12 01:08:02.143,0.8743,0.87443
2013.03.12 01:08:02.267,0.8743,0.87443
2013.03.12 01:08:07.837,0.8743,0.87443
2013.03.12 01:08:09.467,0.8743,0.87443
2013.03.12 01:08:10.672,0.8743,0.87443
2013.03.12 01:08:12.039,0.8743,0.87443
2013.03.12 01:08:12.767,0.8743,0.87443
2013.03.12 01:08:14.578,0.8743,0.87443
2013.03.12 01:08:15.009,0.8743,0.87446
2013.03.12 01:08:15.767,0.87432,0.87446
2013.03.12 01:08:17.113,0.87429,0.87442
2013.03.12 01:08:18.098,0.87429,0.87443
2013.03.12 01:08:26.997,0.87431,0.87446
2013.03.12 01:09:02.097,0.87431,0.87446
2013.03.12 01:09:08.477,0.87431,0.87446
2013.03.12 01:09:16.137,0.87431,0.87446
2013.03.12 01:09:18.818,0.8743,0.87449
2013.03.12 01:09:19.357,0.87435,0.87448
2013.03.12 01:09:19.896,0.87435,0.87449
2013.03.12 01:09:20.346,0.87436,0.87449
2013.03.12 01:09:26.809,0.87436,0.87449
2013.03.12 01:09:37.337,0.87436,0.87449
2013.03.12 01:09:46.977,0.87435,0.87449
2013.03.12 01:09:47.157,0.87435,0.87449
2013.03.12 01:09:47.397,0.87435,0.87449
2013.03.12 01:09:52.567,0.87435,0.87448
2013.03.12 01:09:52.807,0.87435,0.87448
2013.03.12 01:10:24.716,0.87434,0.87447
2013.03.12 01:10:29.177,0.87434,0.87447
2013.03.12 01:10:39.094,0.87433,0.87447
2013.03.12 01:10:39.645,0.87433,0.87446
2013.03.12 01:11:23.807,0.87433,0.87447
2013.03.12 01:11:24.017,0.87433,0.87448
2013.03.12 01:11:24.537,0.87435,0.8745
2013.03.12 01:11:30.049,0.87435,0.8745
2013.03.12 01:11:45.689,0.87435,0.8745
2013.03.12 01:11:46.239,0.87434,0.87448
2013.03.12 01:11:53.117,0.87433,0.87447
2013.03.12 01:11:53.418,0.87434,0.87451
2013.03.12 01:11:53.958,0.87437,0.87451
2013.03.12 01:12:48.529,0.87436,0.87451
2013.03.12 01:12:49.077,0.87437,0.87451
2013.03.12 01:12:53.558,0.87435,0.87452
2013.03.12 01:12:54.060,0.87437,0.8745
2013.03.12 01:13:00.448,0.87437,0.87452
2013.03.12 01:13:00.508,0.87439,0.87452
2013.03.12 01:13:16.897,0.87436,0.87452
2013.03.12 01:13:17.458,0.87439,0.87453
2013.03.12 01:13:17.949,0.87438,0.87452
2013.03.12 01:13:19.916,0.87439,0.87452
2013.03.12 01:13:36.708,0.8744,0.87453
2013.03.12 01:13:36.887,0.8744,0.87453
2013.03.12 01:13:37.069,0.8744,0.87453
2013.03.12 01:13:37.746,0.8744,0.87453
2013.03.12 01:13:38.357,0.87439,0.87453
2013.03.12 01:13:40.100,0.87438,0.87453
2013.03.12 01:13:44.575,0.87436,0.87453
2013.03.12 01:13:46.338,0.87436,0.87448
2013.03.12 01:13:46.899,0.87437,0.87449
2013.03.12 01:13:47.378,0.87437,0.87449
2013.03.12 01:13:47.558,0.87438,0.87453
2013.03.12 01:13:47.617,0.87438,0.87453
2013.03.12 01:13:47.678,0.87438,0.87453
2013.03.12 01:13:48.218,0.87438,0.87452
2013.03.12 01:13:54.737,0.87439,0.87452
2013.03.12 01:13:58.727,0.87438,0.87452
2013.03.12 01:14:02.175,0.87438,0.87452
2013.03.12 01:14:08.888,0.87438,0.87452
2013.03.12 01:14:56.207,0.87438,0.87453
2013.03.12 01:15:15.727,0.87437,0.87452
2013.03.12 01:15:20.117,0.87438,0.87452
2013.03.12 01:15:20.357,0.87438,0.87452
2013.03.12 01:15:25.858,0.87438,0.87452
2013.03.12 01:15:32.938,0.87438,0.87452
2013.03.12 01:15:33.555,0.87436,0.87452
2013.03.12 01:15:44.178,0.87436,0.8745
2013.03.12 01:15:44.878,0.87436,0.8745
2013.03.12 01:15:44.955,0.87434,0.87449
2013.03.12 01:15:54.055,0.87436,0.87449
2013.03.12 01:15:56.848,0.87436,0.87452
2013.03.12 01:15:58.199,0.87434,0.87449
2013.03.12 01:16:02.739,0.87434,0.87449
2013.03.12 01:16:07.551,0.87434,0.87447
2013.03.12 01:16:07.940,0.87435,0.8745
2013.03.12 01:16:08.439,0.87435,0.8745
2013.03.12 01:16:09.675,0.87435,0.8745
2013.03.12 01:16:10.217,0.87435,0.87449
2013.03.12 01:16:10.774,0.87435,0.8745
2013.03.12 01:16:11.490,0.8743,0.87444
2013.03.12 01:16:11.557,0.87428,0.87444
2013.03.12 01:16:11.918,0.87431,0.87444
2013.03.12 01:16:13.704,0.87431,0.87444
2013.03.12 01:16:14.029,0.87431,0.87445
2013.03.12 01:16:14.341,0.87434,0.87449
2013.03.12 01:16:14.408,0.87434,0.87449
2013.03.12 01:16:15.539,0.87436,0.87449
2013.03.12 01:16:25.348,0.8743,0.87445
2013.03.12 01:16:39.730,0.87432,0.87446
2013.03.12 01:16:40.277,0.87432,0.87447
2013.03.12 01:16:40.397,0.87434,0.87449
2013.03.12 01:16:42.798,0.87433,0.87448
2013.03.12 01:16:45.028,0.87434,0.87448
2013.03.12 01:16:49.390,0.87434,0.87448
2013.03.12 01:16:56.649,0.87435,0.87449
2013.03.12 01:16:57.579,0.87438,0.87452
2013.03.12 01:16:58.141,0.87437,0.87452
2013.03.12 01:16:58.211,0.87437,0.87452
2013.03.12 01:17:18.778,0.87438,0.87453
2013.03.12 01:17:18.899,0.87438,0.87453
2013.03.12 01:17:19.021,0.87439,0.87453
2013.03.12 01:17:19.329,0.87437,0.87453
2013.03.12 01:17:19.642,0.8744,0.87453
2013.03.12 01:17:21.729,0.87438,0.87453
2013.03.12 01:17:23.939,0.87437,0.87453
2013.03.12 01:17:27.749,0.87437,0.87453
2013.03.12 01:17:28.229,0.87435,0.87448
2013.03.12 01:17:28.777,0.87433,0.87448
2013.03.12 01:17:30.816,0.87433,0.87448
2013.03.12 01:17:36.669,0.87435,0.87451
2013.03.12 01:17:48.559,0.87435,0.87451
2013.03.12 01:17:50.572,0.87433,0.87448
2013.03.12 01:17:51.240,0.87433,0.87447
2013.03.12 01:17:55.178,0.87433,0.87447
2013.03.12 01:17:57.378,0.87434,0.87447
2013.03.12 01:17:59.079,0.87434,0.87447
2013.03.12 01:17:59.206,0.87432,0.87447
2013.03.12 01:18:05.159,0.87432,0.87445
2013.03.12 01:18:06.138,0.87429,0.87445
2013.03.12 01:18:06.258,0.87429,0.87445
2013.03.12 01:18:08.859,0.87428,0.87445
2013.03.12 01:18:09.649,0.8743,0.87446
2013.03.12 01:18:10.169,0.87431,0.87447
2013.03.12 01:18:11.702,0.8743,0.87446
2013.03.12 01:18:12.190,0.8743,0.87446
2013.03.12 01:18:14.811,0.87432,0.87445
2013.03.12 01:18:15.290,0.87434,0.87448
2013.03.12 01:18:20.558,0.87432,0.87448
2013.03.12 01:18:24.999,0.87433,0.87448
2013.03.12 01:18:25.438,0.87436,0.87452
2013.03.12 01:18:27.208,0.87436,0.87453
2013.03.12 01:18:27.959,0.87436,0.87453
2013.03.12 01:18:40.509,0.87434,0.87448
2013.03.12 01:18:41.049,0.87434,0.87448
2013.03.12 01:18:42.719,0.87435,0.87448
2013.03.12 01:18:43.519,0.87436,0.87448
2013.03.12 01:18:49.167,0.87437,0.87448
2013.03.12 01:18:53.369,0.87437,0.87449
2013.03.12 01:18:55.004,0.87437,0.87449
2013.03.12 01:18:57.829,0.87436,0.87448
2013.03.12 01:19:06.498,0.87436,0.87448
2013.03.12 01:19:07.059,0.87437,0.87449
2013.03.12 01:19:09.589,0.87437,0.87449
2013.03.12 01:19:13.417,0.87436,0.87448
2013.03.12 01:19:13.940,0.87436,0.87446
2013.03.12 01:19:15.518,0.87434,0.87446
2013.03.12 01:19:19.568,0.87436,0.87446
2013.03.12 01:19:21.918,0.87436,0.87449
2013.03.12 01:19:24.951,0.87437,0.87449
2013.03.12 01:19:25.553,0.87436,0.87449
2013.03.12 01:19:30.097,0.87434,0.87449
2013.03.12 01:19:32.084,0.87436,0.87449
2013.03.12 01:19:34.062,0.87438,0.87449
2013.03.12 01:19:35.307,0.87436,0.87449
2013.03.12 01:19:36.288,0.87436,0.87449
2013.03.12 01:19:37.691,0.87436,0.87449
2013.03.12 01:19:38.950,0.87439,0.87449
2013.03.12 01:19:53.570,0.87439,0.87449
2013.03.12 01:19:53.949,0.87439,0.87449
2013.03.12 01:19:54.850,0.87439,0.87448
2013.03.12 01:19:56.828,0.87439,0.8745
2013.03.12 01:19:57.358,0.87439,0.8745
2013.03.12 01:19:59.845,0.87438,0.8745
2013.03.12 01:20:00.159,0.87438,0.8745
2013.03.12 01:20:00.708,0.87438,0.8745
2013.03.12 01:20:01.610,0.87438,0.8745
2013.03.12 01:20:02.148,0.87438,0.8745
2013.03.12 01:20:03.238,0.87439,0.8745
2013.03.12 01:20:05.518,0.87438,0.8745
2013.03.12 01:20:06.459,0.87438,0.8745
2013.03.12 01:20:06.999,0.87439,0.8745
2013.03.12 01:20:10.207,0.87439,0.8745
2013.03.12 01:20:11.179,0.87439,0.8745
2013.03.12 01:20:11.480,0.87438,0.8745
2013.03.12 01:20:11.789,0.87439,0.8745
2013.03.12 01:20:12.389,0.87436,0.87449
2013.03.12 01:20:12.460,0.87436,0.87448
2013.03.12 01:20:12.699,0.87436,0.87448
2013.03.12 01:20:13.000,0.87436,0.87448
2013.03.12 01:20:13.188,0.87436,0.87449
2013.03.12 01:20:13.968,0.87436,0.87447
2013.03.12 01:20:14.513,0.87435,0.87445
2013.03.12 01:20:17.779,0.87437,0.87447
2013.03.12 01:20:17.959,0.87437,0.87449
2013.03.12 01:20:20.861,0.87436,0.87449
2013.03.12 01:20:20.929,0.87432,0.87447
2013.03.12 01:20:21.049,0.87431,0.87446
2013.03.12 01:20:21.289,0.87432,0.87446
2013.03.12 01:20:22.068,0.8743,0.87445
2013.03.12 01:20:25.033,0.87433,0.87446
2013.03.12 01:20:28.290,0.87435,0.87446
2013.03.12 01:20:30.291,0.87435,0.87446
2013.03.12 01:20:30.721,0.87431,0.87446
2013.03.12 01:20:30.791,0.87431,0.87446
2013.03.12 01:20:31.298,0.87431,0.87446
2013.03.12 01:20:37.691,0.8743,0.87443
2013.03.12 01:20:37.880,0.87432,0.87444
2013.03.12 01:20:38.070,0.87433,0.87446
2013.03.12 01:20:38.140,0.87433,0.87445
2013.03.12 01:20:39.639,0.87433,0.87446
2013.03.12 01:20:48.168,0.87435,0.87448
2013.03.12 01:20:54.269,0.87435,0.87448
2013.03.12 01:20:58.598,0.87435,0.87448
2013.03.12 01:21:12.880,0.87435,0.87448
2013.03.12 01:21:15.980,0.87431,0.87446
2013.03.12 01:21:16.110,0.87431,0.87445
2013.03.12 01:21:16.978,0.87434,0.87445
2013.03.12 01:21:28.030,0.87433,0.87445
2013.03.12 01:21:28.099,0.87429,0.87445
2013.03.12 01:21:28.220,0.87429,0.87443
2013.03.12 01:21:28.350,0.87429,0.87443
2013.03.12 01:21:28.909,0.87427,0.87443
2013.03.12 01:21:30.199,0.87427,0.8744
2013.03.12 01:21:31.979,0.87427,0.87438
2013.03.12 01:21:37.827,0.87427,0.87439
2013.03.12 01:21:39.219,0.87429,0.87439
2013.03.12 01:21:47.419,0.87429,0.87439
2013.03.12 01:21:49.672,0.87429,0.87439
2013.03.12 01:21:50.150,0.87428,0.87438
2013.03.12 01:22:03.069,0.87428,0.87438
2013.03.12 01:22:04.443,0.87429,0.87439
2013.03.12 01:22:05.579,0.8743,0.8744
2013.03.12 01:22:05.701,0.8743,0.8744
2013.03.12 01:22:05.889,0.87431,0.87441
2013.03.12 01:22:06.129,0.87431,0.87441
2013.03.12 01:22:06.489,0.87431,0.87442
2013.03.12 01:22:06.993,0.87431,0.87445
2013.03.12 01:22:07.061,0.87431,0.87445
2013.03.12 01:22:07.250,0.87431,0.87443
2013.03.12 01:22:08.079,0.87433,0.87446
2013.03.12 01:22:10.449,0.87433,0.87446
2013.03.12 01:22:11.280,0.87434,0.87446
2013.03.12 01:22:13.162,0.87435,0.87446
2013.03.12 01:22:18.679,0.87435,0.87446
2013.03.12 01:22:20.189,0.87435,0.87446
2013.03.12 01:22:21.670,0.87437,0.87446
2013.03.12 01:22:23.463,0.87438,0.87448
2013.03.12 01:22:26.268,0.87436,0.87448
2013.03.12 01:22:26.569,0.87434,0.87448
2013.03.12 01:22:27.259,0.87435,0.87446
2013.03.12 01:22:29.129,0.87436,0.87446
2013.03.12 01:22:32.639,0.87437,0.87446
2013.03.12 01:22:34.290,0.87438,0.87446
2013.03.12 01:22:36.380,0.8744,0.87447
2013.03.12 01:22:36.749,0.87441,0.87451
2013.03.12 01:22:38.923,0.87439,0.87448
2013.03.12 01:22:41.912,0.87437,0.87448
2013.03.12 01:22:45.718,0.87436,0.87448
2013.03.12 01:22:46.219,0.87436,0.87448
2013.03.12 01:22:50.679,0.87435,0.87448
2013.03.12 01:22:57.949,0.87435,0.87448
2013.03.12 01:22:58.229,0.87435,0.87448
2013.03.12 01:23:00.459,0.87433,0.87445
2013.03.12 01:23:14.379,0.87433,0.8745
2013.03.12 01:23:14.559,0.87433,0.8745
2013.03.12 01:23:21.590,0.87433,0.87447
2013.03.12 01:23:23.339,0.87434,0.87445
2013.03.12 01:23:23.461,0.87428,0.87445
2013.03.12 01:23:23.590,0.87427,0.87442
2013.03.12 01:23:23.663,0.87427,0.87442
2013.03.12 01:23:23.850,0.87427,0.87442
2013.03.12 01:23:26.670,0.87427,0.87442
2013.03.12 01:23:27.521,0.87425,0.87442
2013.03.12 01:23:27.649,0.87424,0.87439
2013.03.12 01:23:28.069,0.87422,0.87439
2013.03.12 01:23:28.612,0.87424,0.87441
2013.03.12 01:23:29.114,0.87425,0.87441
2013.03.12 01:23:32.048,0.87426,0.87441
2013.03.12 01:23:39.238,0.87427,0.87441
2013.03.12 01:23:44.731,0.87425,0.87441
2013.03.12 01:23:53.334,0.87423,0.87441
2013.03.12 01:24:01.359,0.87424,0.8744
2013.03.12 01:24:03.002,0.87423,0.8744
2013.03.12 01:24:10.210,0.87425,0.87441
2013.03.12 01:24:15.149,0.87427,0.87442
2013.03.12 01:24:15.698,0.87427,0.87441
2013.03.12 01:24:22.508,0.87426,0.87442
2013.03.12 01:24:23.030,0.87426,0.87442
2013.03.12 01:24:23.099,0.87428,0.87442
2013.03.12 01:24:27.062,0.87431,0.87443
2013.03.12 01:24:28.768,0.87429,0.87443
2013.03.12 01:24:45.279,0.87429,0.87443
2013.03.12 01:24:45.819,0.87428,0.87442
2013.03.12 01:24:46.001,0.87429,0.87443
2013.03.12 01:24:49.140,0.87426,0.87443
2013.03.12 01:24:49.569,0.87422,0.8744
2013.03.12 01:24:49.809,0.8742,0.87436
2013.03.12 01:24:49.869,0.8742,0.87436
2013.03.12 01:24:49.929,0.87421,0.87436
2013.03.12 01:24:51.389,0.87421,0.87435
2013.03.12 01:24:51.948,0.87422,0.87435
2013.03.12 01:24:53.651,0.87422,0.87435
2013.03.12 01:24:54.459,0.87422,0.87435
2013.03.12 01:24:57.939,0.87422,0.87435
2013.03.12 01:24:58.059,0.87424,0.87438
2013.03.12 01:24:58.179,0.87422,0.87439
2013.03.12 01:24:58.419,0.87424,0.87439
2013.03.12 01:24:59.048,0.87427,0.87439
2013.03.12 01:25:00.009,0.87425,0.87439
2013.03.12 01:25:00.513,0.87423,0.87439
2013.03.12 01:25:00.699,0.87422,0.87437
2013.03.12 01:25:00.770,0.87422,0.87437
2013.03.12 01:25:01.309,0.87423,0.87437
2013.03.12 01:25:01.430,0.87424,0.8744
2013.03.12 01:25:01.969,0.87425,0.8744
2013.03.12 01:25:02.398,0.87425,0.87441
2013.03.12 01:25:02.979,0.87424,0.87441
2013.03.12 01:25:04.056,0.87424,0.87441
2013.03.12 01:25:08.532,0.87423,0.8744
2013.03.12 01:25:10.100,0.87424,0.8744
2013.03.12 01:25:11.685,0.87424,0.8744
2013.03.12 01:25:20.209,0.87424,0.8744
2013.03.12 01:25:20.759,0.87425,0.87442
2013.03.12 01:25:22.828,0.87425,0.87442
2013.03.12 01:25:33.329,0.87425,0.8744
2013.03.12 01:25:34.649,0.87424,0.8744
2013.03.12 01:25:40.119,0.87426,0.87442
2013.03.12 01:25:42.539,0.87428,0.8744
2013.03.12 01:25:45.759,0.87427,0.87441
2013.03.12 01:25:53.643,0.87427,0.87441
2013.03.12 01:25:56.430,0.87427,0.87441
2013.03.12 01:25:58.415,0.87427,0.87441
2013.03.12 01:25:59.389,0.87427,0.87441
2013.03.12 01:26:00.539,0.87427,0.87441
2013.03.12 01:26:01.069,0.87428,0.87441
2013.03.12 01:26:01.999,0.87428,0.87441
2013.03.12 01:26:03.609,0.87428,0.8744
2013.03.12 01:26:08.775,0.87428,0.87441
2013.03.12 01:26:09.338,0.87428,0.87441
2013.03.12 01:26:10.270,0.87428,0.87441
2013.03.12 01:26:13.650,0.87428,0.87442
2013.03.12 01:26:15.209,0.87428,0.87442
2013.03.12 01:26:16.179,0.87428,0.87441
2013.03.12 01:26:29.824,0.87426,0.87441
2013.03.12 01:26:41.398,0.87428,0.87441
2013.03.12 01:26:48.395,0.87428,0.87441
2013.03.12 01:27:02.499,0.87424,0.87438
2013.03.12 01:27:02.741,0.87424,0.87438
2013.03.12 01:27:13.410,0.87423,0.87438
2013.03.12 01:27:29.469,0.87422,0.87435
2013.03.12 01:27:30.179,0.87421,0.87434
2013.03.12 01:27:30.718,0.87421,0.87434
2013.03.12 01:27:34.389,0.8742,0.87434
2013.03.12 01:27:34.510,0.87418,0.87433
2013.03.12 01:27:34.879,0.87417,0.87431
2013.03.12 01:27:34.999,0.87413,0.87431
2013.03.12 01:27:35.121,0.87416,0.8743
2013.03.12 01:27:37.170,0.87416,0.87432
2013.03.12 01:27:37.829,0.87419,0.87433
2013.03.12 01:27:38.319,0.87419,0.87433
2013.03.12 01:27:38.499,0.8742,0.87433
2013.03.12 01:27:38.738,0.87421,0.87435
2013.03.12 01:27:55.622,0.87422,0.87435
2013.03.12 01:28:00.159,0.87421,0.87436
2013.03.12 01:28:25.199,0.8742,0.87436
2013.03.12 01:28:35.989,0.87421,0.87436
2013.03.12 01:28:36.850,0.87422,0.87437
2013.03.12 01:28:37.270,0.87424,0.87438
2013.03.12 01:28:37.450,0.87426,0.87439
2013.03.12 01:28:52.362,0.87427,0.8744
2013.03.12 01:29:08.182,0.87425,0.8744
2013.03.12 01:29:09.340,0.87426,0.8744
2013.03.12 01:29:10.062,0.87426,0.8744
2013.03.12 01:29:13.270,0.87426,0.87441
2013.03.12 01:29:17.334,0.87426,0.87441
2013.03.12 01:29:21.969,0.87427,0.87441
2013.03.12 01:29:24.381,0.87428,0.87441
2013.03.12 01:29:28.108,0.87428,0.87441
2013.03.12 01:29:49.347,0.87428,0.87441
2013.03.12 01:29:58.089,0.87427,0.87441
2013.03.12 01:29:58.651,0.87428,0.87441
2013.03.12 01:29:59.992,0.87427,0.87441
2013.03.12 01:30:00.510,0.87429,0.87441
2013.03.12 01:30:01.252,0.87429,0.87441
2013.03.12 01:30:05.429,0.87429,0.87443
2013.03.12 01:30:14.660,0.87428,0.87443
2013.03.12 01:30:14.720,0.87427,0.87443
2013.03.12 01:30:15.259,0.87425,0.8744
2013.03.12 01:30:16.109,0.87425,0.8744
2013.03.12 01:30:18.219,0.87425,0.8744
2013.03.12 01:30:24.971,0.87425,0.87437
2013.03.12 01:30:25.339,0.87425,0.87439
2013.03.12 01:30:27.179,0.87424,0.87439
2013.03.12 01:30:28.210,0.87424,0.87439
2013.03.12 01:30:28.269,0.87426,0.87439
2013.03.12 01:30:42.550,0.87424,0.8744
2013.03.12 01:30:44.662,0.87424,0.87438
2013.03.12 01:30:45.643,0.87424,0.87438
2013.03.12 01:30:47.120,0.87423,0.87438
2013.03.12 01:30:49.220,0.87424,0.87438
2013.03.12 01:30:49.784,0.87423,0.87438
2013.03.12 01:30:52.860,0.87424,0.87438
2013.03.12 01:30:54.451,0.87423,0.87438
2013.03.12 01:30:54.810,0.87422,0.87436
2013.03.12 01:30:54.992,0.87418,0.87433
2013.03.12 01:30:55.061,0.87418,0.87433
2013.03.12 01:30:55.132,0.87418,0.87433
2013.03.12 01:30:55.441,0.87418,0.87433
2013.03.12 01:30:56.358,0.87419,0.87434
2013.03.12 01:31:00.291,0.87417,0.87432
2013.03.12 01:31:00.793,0.87416,0.87431
2013.03.12 01:31:03.062,0.87415,0.87429
2013.03.12 01:31:07.760,0.87415,0.8743
2013.03.12 01:31:14.702,0.87415,0.8743
2013.03.12 01:31:18.030,0.87415,0.8743
2013.03.12 01:31:19.090,0.87419,0.87434
2013.03.12 01:31:19.632,0.8742,0.87436
2013.03.12 01:31:23.172,0.8742,0.87436
2013.03.12 01:31:27.970,0.8742,0.87436
2013.03.12 01:31:28.511,0.87422,0.87438
2013.03.12 01:31:31.180,0.87423,0.87439
2013.03.12 01:31:52.409,0.87424,0.8744
2013.03.12 01:31:54.170,0.87426,0.87441
2013.03.12 01:31:54.869,0.87426,0.87442
2013.03.12 01:31:54.940,0.87424,0.87442
2013.03.12 01:31:55.790,0.87425,0.87442
2013.03.12 01:31:57.899,0.87424,0.87439
2013.03.12 01:32:01.911,0.87422,0.87437
2013.03.12 01:32:02.220,0.87422,0.87437
2013.03.12 01:32:03.670,0.87424,0.87439
2013.03.12 01:32:05.660,0.87422,0.87438
2013.03.12 01:32:10.139,0.87422,0.87438
2013.03.12 01:32:11.760,0.87422,0.87438
2013.03.12 01:32:19.919,0.87422,0.87438
2013.03.12 01:32:23.959,0.8742,0.87437
2013.03.12 01:32:30.691,0.87422,0.87436
2013.03.12 01:32:30.880,0.87423,0.87436
2013.03.12 01:32:30.941,0.87423,0.87436
2013.03.12 01:32:31.000,0.87421,0.87437
2013.03.12 01:32:31.121,0.87423,0.87438
2013.03.12 01:32:31.432,0.87424,0.87438
2013.03.12 01:32:31.980,0.87423,0.87438
2013.03.12 01:32:35.140,0.87423,0.87438
2013.03.12 01:32:35.833,0.87423,0.87438
2013.03.12 01:32:38.000,0.87423,0.87435
2013.03.12 01:32:38.595,0.87422,0.87435
2013.03.12 01:32:39.102,0.87422,0.87436
2013.03.12 01:32:39.649,0.87422,0.87436
2013.03.12 01:32:41.656,0.87422,0.87436
2013.03.12 01:32:42.090,0.87421,0.87436
2013.03.12 01:32:50.479,0.87423,0.87436
2013.03.12 01:32:53.992,0.87419,0.87434
2013.03.12 01:32:54.121,0.87421,0.87434
2013.03.12 01:32:57.069,0.8742,0.87433
2013.03.12 01:32:57.490,0.8742,0.87433
2013.03.12 01:33:00.389,0.87421,0.87433
2013.03.12 01:33:13.318,0.87422,0.87436
2013.03.12 01:33:15.244,0.87421,0.87436
2013.03.12 01:33:21.940,0.87421,0.87435
2013.03.12 01:33:22.489,0.8742,0.87435
2013.03.12 01:33:24.519,0.8742,0.87435
2013.03.12 01:33:25.630,0.8742,0.87435
2013.03.12 01:33:31.171,0.87422,0.87435
2013.03.12 01:33:37.409,0.87421,0.87435
2013.03.12 01:33:42.339,0.87421,0.87436
2013.03.12 01:33:53.911,0.87423,0.87436
2013.03.12 01:34:02.676,0.87422,0.87436
2013.03.12 01:34:05.581,0.87423,0.87436
2013.03.12 01:34:20.716,0.87421,0.87436
2013.03.12 01:34:37.470,0.87423,0.87436
2013.03.12 01:35:10.686,0.87421,0.87437
2013.03.12 01:35:18.825,0.87421,0.87437
2013.03.12 01:35:22.683,0.8742,0.87432
2013.03.12 01:35:23.291,0.87419,0.87434
2013.03.12 01:35:23.650,0.87419,0.87435
2013.03.12 01:35:41.220,0.87419,0.87433
2013.03.12 01:35:42.400,0.87416,0.87433
2013.03.12 01:35:42.950,0.87417,0.87432
2013.03.12 01:35:43.560,0.87419,0.87433
2013.03.12 01:35:43.820,0.87419,0.87433
2013.03.12 01:35:46.100,0.87417,0.87433
2013.03.12 01:35:46.809,0.87417,0.87433
2013.03.12 01:35:57.573,0.87417,0.87433
2013.03.12 01:35:58.560,0.87419,0.87435
2013.03.12 01:35:59.264,0.8742,0.87435
2013.03.12 01:36:01.200,0.87419,0.87433
2013.03.12 01:36:01.716,0.87417,0.87433
2013.03.12 01:36:17.635,0.8742,0.87433
2013.03.12 01:36:19.430,0.87419,0.87433
2013.03.12 01:36:24.181,0.87419,0.87435
2013.03.12 01:36:36.651,0.87419,0.87434
2013.03.12 01:36:38.545,0.87418,0.87434
2013.03.12 01:36:51.204,0.87418,0.87432
2013.03.12 01:36:51.451,0.87414,0.87429
2013.03.12 01:36:51.581,0.87414,0.87431
2013.03.12 01:36:52.113,0.87417,0.87431
2013.03.12 01:36:52.421,0.87413,0.87429
2013.03.12 01:36:52.610,0.87413,0.87429
2013.03.12 01:36:52.971,0.87417,0.87433
2013.03.12 01:36:53.411,0.87416,0.8743
2013.03.12 01:36:56.363,0.87412,0.8743
2013.03.12 01:37:12.463,0.87413,0.87431
2013.03.12 01:37:13.411,0.87413,0.87431
2013.03.12 01:37:15.711,0.87413,0.87427
2013.03.12 01:37:15.786,0.87412,0.87427
2013.03.12 01:37:15.858,0.87413,0.87427
2013.03.12 01:37:16.191,0.87411,0.87425
2013.03.12 01:37:19.911,0.87415,0.87432
2013.03.12 01:37:21.000,0.87417,0.87432
2013.03.12 01:37:21.512,0.87417,0.87432
2013.03.12 01:37:27.620,0.87417,0.87432
2013.03.12 01:37:29.711,0.87417,0.87433
2013.03.12 01:37:31.672,0.87416,0.87433
2013.03.12 01:37:40.595,0.87416,0.87432
2013.03.12 01:37:41.371,0.87418,0.87432
2013.03.12 01:37:53.612,0.87414,0.8743
2013.03.12 01:37:55.362,0.87413,0.87431
2013.03.12 01:37:55.732,0.87418,0.87432
2013.03.12 01:37:56.112,0.87418,0.87432
2013.03.12 01:37:59.871,0.87419,0.87434
2013.03.12 01:38:03.180,0.87418,0.87434
2013.03.12 01:38:06.242,0.87419,0.87433
2013.03.12 01:38:06.731,0.87419,0.87434
2013.03.12 01:38:07.670,0.87419,0.87434
2013.03.12 01:38:08.483,0.87417,0.87432
2013.03.12 01:38:08.672,0.87417,0.87432
2013.03.12 01:38:09.221,0.87415,0.87432
2013.03.12 01:38:09.341,0.87417,0.87432
2013.03.12 01:38:09.642,0.87417,0.87431
2013.03.12 01:38:09.951,0.87415,0.87431
2013.03.12 01:38:10.470,0.87415,0.87432
2013.03.12 01:38:10.740,0.87416,0.87432
2013.03.12 01:38:14.232,0.87417,0.87433
2013.03.12 01:38:16.401,0.87413,0.87429
2013.03.12 01:38:17.532,0.87413,0.87429
2013.03.12 01:38:17.743,0.87413,0.87429
2013.03.12 01:38:19.070,0.8741,0.87426
2013.03.12 01:38:34.270,0.87408,0.87424
2013.03.12 01:38:34.511,0.8741,0.87427
2013.03.12 01:38:35.340,0.87412,0.87429
2013.03.12 01:38:36.382,0.87413,0.87429
2013.03.12 01:38:37.431,0.87413,0.87429
2013.03.12 01:38:37.551,0.87413,0.87429
2013.03.12 01:38:39.321,0.87412,0.87425
2013.03.12 01:38:39.682,0.87413,0.8743
2013.03.12 01:38:46.113,0.87414,0.87432
2013.03.12 01:38:46.913,0.87416,0.87432
2013.03.12 01:38:47.162,0.87416,0.87432
2013.03.12 01:38:47.726,0.87419,0.87436
2013.03.12 01:38:49.443,0.87418,0.87432
2013.03.12 01:38:49.656,0.87417,0.87432
2013.03.12 01:38:49.724,0.87417,0.87431
2013.03.12 01:38:50.270,0.87417,0.87432
2013.03.12 01:38:52.432,0.87417,0.8743
2013.03.12 01:38:53.160,0.87417,0.8743
2013.03.12 01:38:55.381,0.87416,0.87431
2013.03.12 01:38:56.770,0.87419,0.87434
2013.03.12 01:39:00.451,0.87419,0.87434
2013.03.12 01:39:01.013,0.87421,0.87435
2013.03.12 01:39:05.352,0.87422,0.87437
2013.03.12 01:39:05.423,0.87422,0.87437
2013.03.12 01:39:05.554,0.87424,0.87439
2013.03.12 01:39:05.682,0.87425,0.87439
2013.03.12 01:39:06.420,0.87426,0.87439
2013.03.12 01:39:06.921,0.87425,0.87439
2013.03.12 01:39:08.915,0.87426,0.87439
2013.03.12 01:39:09.462,0.87422,0.87439
2013.03.12 01:39:09.521,0.87422,0.87439
2013.03.12 01:39:10.063,0.87422,0.87436
2013.03.12 01:39:10.790,0.87426,0.87439
2013.03.12 01:39:11.983,0.87426,0.87439
2013.03.12 01:39:12.771,0.87424,0.87438
2013.03.12 01:39:12.833,0.8742,0.87438
2013.03.12 01:39:12.961,0.8742,0.87437
2013.03.12 01:39:13.207,0.8742,0.87436
2013.03.12 01:39:13.543,0.87419,0.87434
2013.03.12 01:39:16.931,0.87419,0.87433
2013.03.12 01:39:18.890,0.87416,0.87432
2013.03.12 01:39:20.008,0.87415,0.8743
2013.03.12 01:39:21.261,0.8742,0.87432
2013.03.12 01:39:21.573,0.87418,0.87432
2013.03.12 01:39:22.450,0.87418,0.87432
2013.03.12 01:39:26.809,0.87417,0.87432
2013.03.12 01:39:29.253,0.87417,0.87433
2013.03.12 01:39:29.562,0.8742,0.87436
2013.03.12 01:39:29.693,0.8742,0.87435
2013.03.12 01:39:29.823,0.8742,0.87436
2013.03.12 01:39:29.892,0.87423,0.87439
2013.03.12 01:39:32.893,0.87423,0.87439
2013.03.12 01:39:36.541,0.87423,0.87439
2013.03.12 01:39:38.951,0.87423,0.87439
2013.03.12 01:39:40.820,0.87423,0.87439
2013.03.12 01:39:47.910,0.87422,0.87437
2013.03.12 01:39:54.618,0.87422,0.87438
2013.03.12 01:39:55.330,0.87422,0.87438
2013.03.12 01:39:57.255,0.87422,0.87437
2013.03.12 01:40:11.243,0.87422,0.87437
2013.03.12 01:40:13.451,0.87419,0.87436
2013.03.12 01:40:24.491,0.87419,0.87435
2013.03.12 01:40:25.029,0.87419,0.87436
2013.03.12 01:40:26.970,0.87419,0.87436
2013.03.12 01:40:27.948,0.87419,0.87436
2013.03.12 01:40:28.551,0.87419,0.87435
2013.03.12 01:40:29.162,0.87423,0.87435
2013.03.12 01:40:30.252,0.87424,0.87433
2013.03.12 01:40:44.591,0.87421,0.87434
2013.03.12 01:40:45.112,0.87421,0.87434
2013.03.12 01:40:45.671,0.87421,0.87434
2013.03.12 01:40:50.751,0.87421,0.87434
2013.03.12 01:41:06.842,0.87417,0.87434
2013.03.12 01:41:07.462,0.87416,0.87434
2013.03.12 01:41:11.740,0.87416,0.87433
2013.03.12 01:41:23.415,0.87416,0.87432
2013.03.12 01:41:35.063,0.8742,0.87432
2013.03.12 01:41:35.194,0.87418,0.87434
2013.03.12 01:41:35.262,0.87418,0.87435
2013.03.12 01:41:35.332,0.87421,0.87434
2013.03.12 01:41:35.521,0.87418,0.87434
2013.03.12 01:41:35.641,0.8742,0.87435
2013.03.12 01:41:36.184,0.8742,0.87434
2013.03.12 01:41:37.941,0.87421,0.87436
2013.03.12 01:41:48.262,0.87423,0.87438
2013.03.12 01:41:48.322,0.87424,0.87438
2013.03.12 01:41:56.600,0.87423,0.87438
2013.03.12 01:42:05.870,0.87424,0.87439
2013.03.12 01:42:08.992,0.87422,0.87438
2013.03.12 01:42:09.612,0.87421,0.87438
2013.03.12 01:42:09.826,0.87421,0.87438
2013.03.12 01:42:13.912,0.87421,0.87438
2013.03.12 01:42:15.023,0.87422,0.87438
2013.03.12 01:42:15.603,0.87421,0.87436
2013.03.12 01:42:16.280,0.87424,0.87439
2013.03.12 01:42:18.842,0.87421,0.87437
2013.03.12 01:42:19.030,0.87421,0.87437
2013.03.12 01:42:23.471,0.87421,0.87435
2013.03.12 01:42:23.652,0.87422,0.87435
2013.03.12 01:42:24.201,0.87423,0.87437
2013.03.12 01:42:24.741,0.87423,0.87437
2013.03.12 01:42:25.460,0.87423,0.87437
2013.03.12 01:42:29.471,0.87423,0.87438
2013.03.12 01:42:30.791,0.87424,0.87439
2013.03.12 01:42:31.871,0.87424,0.87441
2013.03.12 01:42:32.051,0.87429,0.87443
2013.03.12 01:42:32.112,0.87429,0.87443
2013.03.12 01:42:32.171,0.87429,0.87443
2013.03.12 01:42:32.362,0.87431,0.87445
2013.03.12 01:42:32.803,0.87427,0.87444
2013.03.12 01:42:36.671,0.87427,0.87444
2013.03.12 01:42:39.292,0.87427,0.87444
2013.03.12 01:42:42.513,0.87428,0.87444
2013.03.12 01:42:42.581,0.87428,0.87444
2013.03.12 01:42:42.702,0.87431,0.87444
2013.03.12 01:42:42.774,0.87431,0.87449
2013.03.12 01:42:42.842,0.87432,0.87449
2013.03.12 01:42:43.021,0.87433,0.87449
