Time,Bid,Ask
2013.03.24 21:01:20.935,0.8498,0.85027
2013.03.24 21:01:21.092,0.84982,0.85031
2013.03.24 21:01:21.563,0.84978,0.85034
2013.03.24 21:01:26.539,0.8498,0.85031
2013.03.24 21:01:26.886,0.84983,0.85035
2013.03.24 21:01:27.122,0.84975,0.85029
2013.03.24 21:01:27.860,0.84972,0.85026
2013.03.24 21:01:30.192,0.84974,0.85024
2013.03.24 21:01:31.101,0.84971,0.85022
2013.03.24 21:01:31.222,0.84978,0.85029
2013.03.24 21:01:32.124,0.8498,0.85027
2013.03.24 21:01:32.583,0.84981,0.8503
2013.03.24 21:01:33.197,0.84977,0.85029
2013.03.24 21:01:33.562,0.84975,0.85032
2013.03.24 21:01:33.963,0.84975,0.8503
2013.03.24 21:01:35.116,0.84971,0.85023
2013.03.24 21:01:37.816,0.8497,0.85025
2013.03.24 21:01:40.174,0.84976,0.85029
2013.03.24 21:01:43.223,0.84975,0.85029
2013.03.24 21:01:44.244,0.84971,0.85023
2013.03.24 21:01:45.723,0.84971,0.85025
2013.03.24 21:02:07.613,0.8497,0.85025
2013.03.24 21:02:08.148,0.84971,0.85025
2013.03.24 21:02:15.095,0.84971,0.85026
2013.03.24 21:02:16.905,0.8497,0.85025
2013.03.24 21:02:17.323,0.84967,0.85029
2013.03.24 21:02:17.393,0.8497,0.85025
2013.03.24 21:02:17.732,0.84972,0.85025
2013.03.24 21:02:20.134,0.84969,0.85022
2013.03.24 21:02:23.672,0.84968,0.85021
2013.03.24 21:02:23.793,0.84964,0.85026
2013.03.24 21:02:23.878,0.84967,0.85022
2013.03.24 21:02:24.333,0.84968,0.8502
2013.03.24 21:02:24.872,0.84968,0.85023
2013.03.24 21:02:25.749,0.84968,0.85022
2013.03.24 21:02:26.289,0.84967,0.85021
2013.03.24 21:02:26.820,0.84966,0.85021
2013.03.24 21:02:30.073,0.84967,0.85019
2013.03.24 21:02:30.479,0.84966,0.85021
2013.03.24 21:02:40.764,0.84959,0.85014
2013.03.24 21:02:48.803,0.8496,0.85014
2013.03.24 21:02:49.366,0.84959,0.85016
2013.03.24 21:02:49.923,0.84961,0.85013
2013.03.24 21:02:50.103,0.84968,0.85022
2013.03.24 21:02:50.583,0.84953,0.85027
2013.03.24 21:02:50.703,0.84953,0.85016
2013.03.24 21:03:00.703,0.84939,0.85016
2013.03.24 21:03:01.363,0.84939,0.8502
2013.03.24 21:03:01.982,0.84943,0.85016
2013.03.24 21:03:14.956,0.84947,0.85007
2013.03.24 21:03:31.394,0.84944,0.85006
2013.03.24 21:03:37.883,0.8495,0.85001
2013.03.24 21:03:38.324,0.84952,0.84999
2013.03.24 21:03:38.863,0.84951,0.85
2013.03.24 21:03:39.225,0.84941,0.8499
2013.03.24 21:03:40.032,0.84942,0.84991
2013.03.24 21:03:45.134,0.84942,0.84989
2013.03.24 21:03:45.487,0.8495,0.84997
2013.03.24 21:03:46.082,0.84953,0.85
2013.03.24 21:03:48.293,0.84951,0.85002
2013.03.24 21:03:48.353,0.84961,0.8501
2013.03.24 21:03:48.573,0.84958,0.85009
2013.03.24 21:03:49.365,0.8496,0.85009
2013.03.24 21:03:50.005,0.84937,0.84997
2013.03.24 21:03:53.202,0.84958,0.85002
2013.03.24 21:04:24.544,0.84939,0.85006
2013.03.24 21:04:25.575,0.8496,0.8501
2013.03.24 21:05:20.740,0.84949,0.85012
2013.03.24 21:05:25.392,0.84947,0.85011
2013.03.24 21:06:01.573,0.84945,0.85012
2013.03.24 21:06:11.453,0.84964,0.85008
2013.03.24 21:06:11.513,0.8496,0.85012
2013.03.24 21:06:12.754,0.84967,0.85019
2013.03.24 21:06:50.759,0.84957,0.85018
2013.03.24 21:07:07.713,0.84956,0.85016
2013.03.24 21:07:15.288,0.84956,0.85017
2013.03.24 21:07:19.602,0.84957,0.85016
2013.03.24 21:07:19.923,0.84966,0.85021
2013.03.24 21:07:20.353,0.84963,0.85015
2013.03.24 21:07:27.304,0.84989,0.85043
2013.03.24 21:07:36.143,0.84991,0.85034
2013.03.24 21:07:40.835,0.84991,0.85035
2013.03.24 21:07:44.374,0.8499,0.85033
2013.03.24 21:07:48.593,0.84977,0.85033
2013.03.24 21:07:49.124,0.8499,0.85033
2013.03.24 21:07:54.574,0.84976,0.85034
2013.03.24 21:07:55.093,0.84975,0.85034
2013.03.24 21:08:16.763,0.84987,0.85029
2013.03.24 21:08:29.474,0.84982,0.85029
2013.03.24 21:08:38.153,0.84987,0.85031
2013.03.24 21:08:55.354,0.84989,0.85045
2013.03.24 21:09:36.513,0.84997,0.85049
2013.03.24 21:09:36.813,0.84994,0.8504
2013.03.24 21:09:37.086,0.84995,0.85057
2013.03.24 21:09:41.533,0.84995,0.85041
2013.03.24 21:09:41.834,0.84993,0.85038
2013.03.24 21:09:51.366,0.84995,0.8504
2013.03.24 21:10:13.916,0.84994,0.8506
2013.03.24 21:11:06.334,0.84992,0.85035
2013.03.24 21:11:18.163,0.84992,0.85036
2013.03.24 21:11:18.463,0.84992,0.85038
2013.03.24 21:12:07.524,0.84994,0.85038
2013.03.24 21:12:35.604,0.84994,0.85037
2013.03.24 21:12:37.104,0.84997,0.8504
2013.03.24 21:12:40.087,0.84996,0.8504
2013.03.24 21:12:40.864,0.84987,0.85043
2013.03.24 21:12:50.239,0.84987,0.85043
2013.03.24 21:12:50.745,0.85005,0.85048
2013.03.24 21:12:51.425,0.85005,0.8505
2013.03.24 21:12:51.995,0.8499,0.85049
2013.03.24 21:12:52.605,0.85012,0.85068
2013.03.24 21:12:53.165,0.85013,0.85055
2013.03.24 21:13:05.657,0.85004,0.85069
2013.03.24 21:13:09.785,0.85004,0.85069
2013.03.24 21:13:10.147,0.85013,0.85057
2013.03.24 21:13:10.566,0.85027,0.85082
2013.03.24 21:13:10.806,0.8503,0.85082
2013.03.24 21:13:10.926,0.85028,0.85082
2013.03.24 21:13:14.796,0.85019,0.85073
2013.03.24 21:13:15.387,0.85021,0.85089
2013.03.24 21:13:16.762,0.85012,0.8507
2013.03.24 21:13:18.648,0.85027,0.85072
2013.03.24 21:13:29.319,0.85017,0.85083
2013.03.24 21:13:29.928,0.85017,0.85071
2013.03.24 21:13:32.419,0.85027,0.85084
2013.03.24 21:13:32.924,0.85014,0.85084
2013.03.24 21:13:35.825,0.85018,0.85082
2013.03.24 21:13:39.637,0.8502,0.85088
2013.03.24 21:13:42.075,0.85042,0.85098
2013.03.24 21:13:43.465,0.85042,0.85101
2013.03.24 21:13:43.525,0.85039,0.85101
2013.03.24 21:13:43.966,0.85035,0.85101
2013.03.24 21:13:44.085,0.85042,0.85113
2013.03.24 21:13:44.597,0.85039,0.85089
2013.03.24 21:13:45.066,0.85035,0.85093
2013.03.24 21:13:45.185,0.85041,0.85112
2013.03.24 21:13:48.435,0.85039,0.85089
2013.03.24 21:13:50.586,0.85042,0.85088
2013.03.24 21:14:08.617,0.85039,0.85085
2013.03.24 21:14:17.286,0.85039,0.85082
2013.03.24 21:14:24.447,0.85037,0.85082
2013.03.24 21:14:40.866,0.85041,0.85084
2013.03.24 21:14:49.420,0.85041,0.85085
2013.03.24 21:14:56.186,0.85058,0.85108
2013.03.24 21:14:57.114,0.85053,0.85112
2013.03.24 21:15:01.298,0.85067,0.85114
2013.03.24 21:15:01.366,0.85067,0.85114
2013.03.24 21:15:01.426,0.85065,0.85114
2013.03.24 21:15:01.548,0.85072,0.85119
2013.03.24 21:15:01.606,0.85072,0.8512
2013.03.24 21:15:02.156,0.85073,0.85124
2013.03.24 21:15:02.456,0.85071,0.85126
2013.03.24 21:15:02.756,0.85051,0.85128
2013.03.24 21:15:03.286,0.85066,0.85119
2013.03.24 21:15:05.166,0.85073,0.85127
2013.03.24 21:15:13.147,0.85057,0.85125
2013.03.24 21:15:14.046,0.8506,0.85118
2013.03.24 21:15:15.956,0.85055,0.85125
2013.03.24 21:15:16.916,0.85052,0.85119
2013.03.24 21:15:17.315,0.85052,0.85119
2013.03.24 21:15:21.078,0.85057,0.85114
2013.03.24 21:15:23.487,0.85022,0.851
2013.03.24 21:15:23.606,0.85001,0.851
2013.03.24 21:15:29.966,0.85028,0.85101
2013.03.24 21:15:32.418,0.85028,0.85099
2013.03.24 21:15:32.956,0.85022,0.851
2013.03.24 21:15:39.166,0.85045,0.85116
2013.03.24 21:15:49.937,0.85038,0.85109
2013.03.24 21:15:53.107,0.85037,0.8511
2013.03.24 21:15:54.286,0.8504,0.85115
2013.03.24 21:15:59.139,0.85042,0.85121
2013.03.24 21:15:59.387,0.85025,0.85098
2013.03.24 21:15:59.977,0.85026,0.85099
2013.03.24 21:16:02.808,0.85025,0.85098
2013.03.24 21:16:07.589,0.85019,0.85103
2013.03.24 21:16:07.717,0.85028,0.85121
2013.03.24 21:16:12.327,0.85028,0.85103
2013.03.24 21:16:39.938,0.8503,0.85096
2013.03.24 21:17:00.111,0.85029,0.85095
2013.03.24 21:17:04.623,0.85026,0.85094
2013.03.24 21:17:11.457,0.85027,0.8512
2013.03.24 21:17:11.898,0.85034,0.85102
2013.03.24 21:17:17.438,0.85029,0.8511
2013.03.24 21:17:32.937,0.85034,0.8511
2013.03.24 21:17:33.120,0.85035,0.85115
2013.03.24 21:17:33.735,0.85032,0.85114
2013.03.24 21:17:40.156,0.85046,0.85112
2013.03.24 21:17:40.756,0.85045,0.85113
2013.03.24 21:17:47.967,0.85047,0.85122
2013.03.24 21:17:53.298,0.85025,0.85102
2013.03.24 21:17:54.366,0.85029,0.85104
2013.03.24 21:17:54.606,0.85046,0.85124
2013.03.24 21:17:54.827,0.85029,0.85124
2013.03.24 21:18:18.992,0.85026,0.85109
2013.03.24 21:18:28.516,0.85042,0.85108
2013.03.24 21:18:48.581,0.85026,0.85108
2013.03.24 21:18:59.238,0.85018,0.85095
2013.03.24 21:18:59.357,0.85018,0.85092
2013.03.24 21:19:00.198,0.85022,0.851
2013.03.24 21:19:04.827,0.85041,0.8512
2013.03.24 21:19:05.395,0.85026,0.85108
2013.03.24 21:19:06.797,0.85026,0.8511
2013.03.24 21:19:06.917,0.85026,0.85108
2013.03.24 21:19:07.277,0.85047,0.85113
2013.03.24 21:19:07.996,0.85044,0.85112
2013.03.24 21:19:08.566,0.85033,0.85113
2013.03.24 21:19:10.527,0.85033,0.85114
2013.03.24 21:19:15.037,0.85036,0.85114
2013.03.24 21:19:16.480,0.85037,0.8513
2013.03.24 21:19:17.338,0.85036,0.85109
2013.03.24 21:19:19.806,0.85026,0.85108
2013.03.24 21:19:20.358,0.85032,0.85112
2013.03.24 21:19:30.527,0.85049,0.85117
2013.03.24 21:19:31.058,0.85053,0.85129
2013.03.24 21:19:38.867,0.85042,0.85129
2013.03.24 21:19:51.726,0.85042,0.85131
2013.03.24 21:19:57.867,0.85055,0.85133
2013.03.24 21:19:58.384,0.85055,0.85133
2013.03.24 21:20:01.260,0.85055,0.85134
2013.03.24 21:20:01.820,0.85055,0.85132
2013.03.24 21:20:02.126,0.85055,0.85128
2013.03.24 21:20:02.437,0.85055,0.85127
2013.03.24 21:20:15.562,0.85049,0.85129
2013.03.24 21:20:15.938,0.85047,0.85125
2013.03.24 21:20:17.766,0.85047,0.85125
2013.03.24 21:20:18.376,0.85031,0.85125
2013.03.24 21:20:23.396,0.85029,0.85124
2013.03.24 21:20:28.157,0.85029,0.85108
2013.03.24 21:20:32.827,0.85028,0.85096
2013.03.24 21:20:33.165,0.85028,0.85093
2013.03.24 21:20:34.996,0.85028,0.85093
2013.03.24 21:20:48.706,0.85028,0.85093
2013.03.24 21:20:49.213,0.85028,0.85093
2013.03.24 21:20:51.396,0.8503,0.85093
2013.03.24 21:20:53.007,0.85066,0.85098
2013.03.24 21:20:56.967,0.85081,0.85107
2013.03.24 21:21:00.096,0.85082,0.85102
2013.03.24 21:21:03.688,0.85082,0.85107
2013.03.24 21:21:04.108,0.85079,0.85107
2013.03.24 21:21:07.220,0.85079,0.85103
2013.03.24 21:21:07.806,0.85079,0.85095
2013.03.24 21:21:09.180,0.85077,0.85107
2013.03.24 21:21:28.897,0.85081,0.85106
2013.03.24 21:21:36.511,0.8508,0.85108
2013.03.24 21:21:36.818,0.85076,0.85091
2013.03.24 21:21:36.937,0.85077,0.85107
2013.03.24 21:21:40.117,0.85076,0.85105
2013.03.24 21:21:41.907,0.85082,0.8511
2013.03.24 21:21:42.028,0.85082,0.85117
2013.03.24 21:21:42.147,0.85075,0.85094
2013.03.24 21:21:42.508,0.85082,0.85125
2013.03.24 21:21:42.698,0.85075,0.85094
2013.03.24 21:21:47.279,0.85076,0.85105
2013.03.24 21:22:02.338,0.85075,0.851
2013.03.24 21:22:40.069,0.85076,0.85105
2013.03.24 21:23:40.627,0.85047,0.85114
2013.03.24 21:23:40.686,0.85076,0.85093
2013.03.24 21:23:51.637,0.85078,0.85107
2013.03.24 21:23:51.997,0.85076,0.85091
2013.03.24 21:25:03.890,0.85075,0.85091
2013.03.24 21:25:04.448,0.85075,0.85107
2013.03.24 21:25:20.508,0.85076,0.85102
2013.03.24 21:25:21.962,0.85073,0.85102
2013.03.24 21:25:22.597,0.85074,0.85102
2013.03.24 21:25:22.838,0.85045,0.85097
2013.03.24 21:25:23.137,0.85045,0.85097
2013.03.24 21:25:24.508,0.85044,0.85082
2013.03.24 21:25:33.299,0.85064,0.85088
2013.03.24 21:25:39.624,0.85066,0.85088
2013.03.24 21:25:44.851,0.85064,0.85081
2013.03.24 21:25:47.157,0.85066,0.851
2013.03.24 21:25:47.337,0.85057,0.85096
2013.03.24 21:26:07.938,0.8505,0.8508
2013.03.24 21:26:09.308,0.85067,0.85084
2013.03.24 21:26:20.818,0.85071,0.8509
2013.03.24 21:26:22.887,0.85071,0.85088
2013.03.24 21:26:23.127,0.85071,0.8509
2013.03.24 21:26:26.517,0.85074,0.85091
2013.03.24 21:26:36.647,0.8507,0.85106
2013.03.24 21:26:40.512,0.85068,0.85107
2013.03.24 21:26:43.407,0.85072,0.85089
2013.03.24 21:26:45.470,0.85069,0.85107
2013.03.24 21:26:45.717,0.85072,0.85089
2013.03.24 21:26:46.020,0.8507,0.85107
2013.03.24 21:26:46.128,0.85072,0.85089
2013.03.24 21:26:46.344,0.85069,0.85107
2013.03.24 21:26:46.487,0.85071,0.8509
2013.03.24 21:26:46.720,0.85069,0.85107
2013.03.24 21:26:46.937,0.85072,0.85089
2013.03.24 21:26:47.268,0.85069,0.85107
2013.03.24 21:26:47.341,0.85071,0.8509
2013.03.24 21:26:48.027,0.85069,0.85107
2013.03.24 21:26:48.114,0.85072,0.85089
2013.03.24 21:26:52.448,0.85073,0.85107
2013.03.24 21:26:55.397,0.85077,0.85107
2013.03.24 21:27:01.877,0.85058,0.85106
2013.03.24 21:27:02.948,0.85087,0.85109
2013.03.24 21:27:03.076,0.85064,0.85109
2013.03.24 21:27:03.448,0.85083,0.8511
2013.03.24 21:27:03.688,0.85074,0.85091
2013.03.24 21:27:03.928,0.8508,0.85109
2013.03.24 21:27:04.108,0.85073,0.85092
2013.03.24 21:27:07.608,0.85077,0.85108
2013.03.24 21:27:20.060,0.85077,0.85091
2013.03.24 21:27:20.549,0.85066,0.85109
2013.03.24 21:27:21.253,0.85078,0.8511
2013.03.24 21:27:28.077,0.8508,0.8511
2013.03.24 21:27:28.898,0.85079,0.85094
2013.03.24 21:27:43.198,0.85081,0.85103
2013.03.24 21:28:12.851,0.85069,0.85109
2013.03.24 21:28:36.518,0.85079,0.8511
2013.03.24 21:28:36.638,0.85055,0.85094
2013.03.24 21:28:36.948,0.85074,0.85106
2013.03.24 21:28:41.389,0.85061,0.85101
2013.03.24 21:28:41.908,0.85069,0.85091
2013.03.24 21:28:42.448,0.85069,0.85108
2013.03.24 21:29:00.087,0.85069,0.85108
2013.03.24 21:29:59.590,0.8507,0.85108
2013.03.24 21:30:26.418,0.85087,0.85108
2013.03.24 21:30:36.668,0.85084,0.85111
2013.03.24 21:30:37.221,0.85084,0.85111
2013.03.24 21:30:38.318,0.8509,0.85117
2013.03.24 21:30:45.689,0.85093,0.85114
2013.03.24 21:30:54.822,0.85095,0.85112
2013.03.24 21:30:55.918,0.85083,0.85112
2013.03.24 21:31:49.179,0.85101,0.8512
2013.03.24 21:31:49.299,0.85101,0.85135
2013.03.24 21:31:54.985,0.85102,0.85135
2013.03.24 21:31:55.109,0.85107,0.85139
2013.03.24 21:31:55.349,0.85106,0.85137
2013.03.24 21:31:55.592,0.85085,0.85142
2013.03.24 21:31:55.958,0.85085,0.85125
2013.03.24 21:32:02.003,0.85096,0.85119
2013.03.24 21:32:02.317,0.8509,0.85113
2013.03.24 21:32:04.078,0.85089,0.85112
2013.03.24 21:32:07.168,0.8509,0.85113
2013.03.24 21:32:14.308,0.85091,0.85111
2013.03.24 21:32:14.888,0.85094,0.85116
2013.03.24 21:32:15.068,0.85092,0.85111
2013.03.24 21:32:15.188,0.85095,0.8513
2013.03.24 21:32:18.148,0.85096,0.85129
2013.03.24 21:32:59.469,0.8509,0.8513
2013.03.24 21:33:13.609,0.85104,0.85142
2013.03.24 21:33:20.430,0.851,0.85146
2013.03.24 21:33:20.749,0.85089,0.85129
2013.03.24 21:33:21.161,0.85106,0.85149
2013.03.24 21:33:21.578,0.85111,0.85149
2013.03.24 21:33:23.077,0.85112,0.8515
2013.03.24 21:33:25.330,0.85116,0.8515
2013.03.24 21:33:28.392,0.85114,0.85147
2013.03.24 21:33:28.950,0.85113,0.85149
2013.03.24 21:33:29.169,0.85093,0.85149
2013.03.24 21:33:29.411,0.85095,0.85149
2013.03.24 21:33:29.718,0.85128,0.85154
2013.03.24 21:33:29.838,0.85126,0.85154
2013.03.24 21:33:30.388,0.85129,0.85153
2013.03.24 21:33:30.689,0.85133,0.85159
2013.03.24 21:33:30.748,0.85133,0.85159
2013.03.24 21:33:31.335,0.85132,0.85163
2013.03.24 21:33:33.019,0.85132,0.85159
2013.03.24 21:33:36.182,0.85138,0.85164
2013.03.24 21:33:36.250,0.85138,0.85168
2013.03.24 21:33:36.489,0.85134,0.85169
2013.03.24 21:33:36.669,0.85134,0.85169
2013.03.24 21:33:39.448,0.85131,0.85166
2013.03.24 21:33:43.179,0.8514,0.8517
2013.03.24 21:33:43.388,0.85138,0.85169
2013.03.24 21:33:44.198,0.85124,0.85147
2013.03.24 21:33:45.251,0.8512,0.85159
2013.03.24 21:33:45.380,0.8512,0.85159
2013.03.24 21:33:45.969,0.85126,0.85155
2013.03.24 21:33:46.099,0.85126,0.85164
2013.03.24 21:33:49.458,0.851,0.85168
2013.03.24 21:33:49.518,0.85098,0.85169
2013.03.24 21:33:49.579,0.85098,0.85166
2013.03.24 21:33:49.759,0.85098,0.85166
2013.03.24 21:33:50.118,0.85079,0.85164
2013.03.24 21:33:50.368,0.85077,0.85135
2013.03.24 21:33:51.538,0.85076,0.85146
2013.03.24 21:33:51.928,0.85073,0.85146
2013.03.24 21:33:51.989,0.85073,0.85151
2013.03.24 21:33:52.108,0.85073,0.85154
2013.03.24 21:33:52.228,0.85073,0.85154
2013.03.24 21:33:56.232,0.85089,0.85156
2013.03.24 21:33:56.826,0.85089,0.85156
2013.03.24 21:33:57.408,0.85072,0.85156
2013.03.24 21:33:57.958,0.85079,0.85154
2013.03.24 21:33:58.520,0.85079,0.85155
2013.03.24 21:33:59.368,0.85084,0.85156
2013.03.24 21:33:59.759,0.85085,0.85159
2013.03.24 21:34:07.618,0.85092,0.85145
2013.03.24 21:34:16.487,0.85098,0.8514
2013.03.24 21:34:20.109,0.85102,0.85159
2013.03.24 21:34:20.878,0.85104,0.85161
2013.03.24 21:34:39.688,0.85106,0.85142
2013.03.24 21:34:40.116,0.85107,0.85161
2013.03.24 21:34:47.589,0.85115,0.85161
2013.03.24 21:34:51.908,0.85094,0.85145
2013.03.24 21:34:54.198,0.85117,0.85161
2013.03.24 21:35:00.340,0.85118,0.85162
2013.03.24 21:35:00.822,0.85122,0.85167
2013.03.24 21:35:04.428,0.85126,0.85167
2013.03.24 21:35:04.548,0.85107,0.85167
2013.03.24 21:35:04.623,0.85132,0.85169
2013.03.24 21:35:04.928,0.85106,0.85164
2013.03.24 21:35:08.150,0.85115,0.85161
2013.03.24 21:35:09.179,0.85114,0.85159
2013.03.24 21:35:29.218,0.85092,0.85158
2013.03.24 21:36:14.999,0.85101,0.85158
2013.03.24 21:36:37.009,0.85101,0.85143
2013.03.24 21:36:41.519,0.85103,0.85153
2013.03.24 21:36:48.169,0.85099,0.85152
2013.03.24 21:36:50.959,0.85096,0.85134
2013.03.24 21:37:00.190,0.85104,0.85152
2013.03.24 21:37:12.159,0.85103,0.85152
2013.03.24 21:37:12.278,0.85101,0.85154
2013.03.24 21:37:30.134,0.85087,0.85158
2013.03.24 21:37:30.332,0.85087,0.85141
2013.03.24 21:37:30.639,0.851,0.85155
2013.03.24 21:37:30.698,0.85086,0.85141
2013.03.24 21:37:30.819,0.85101,0.85157
2013.03.24 21:37:31.000,0.85084,0.85155
2013.03.24 21:37:31.121,0.85084,0.85129
2013.03.24 21:37:31.489,0.85084,0.85155
2013.03.24 21:37:32.028,0.85081,0.85141
2013.03.24 21:37:32.089,0.851,0.85158
2013.03.24 21:37:32.210,0.85086,0.85141
2013.03.24 21:37:32.330,0.85084,0.85128
2013.03.24 21:37:32.642,0.851,0.85141
2013.03.24 21:37:32.710,0.85084,0.85156
2013.03.24 21:37:32.889,0.85101,0.85142
2013.03.24 21:37:33.009,0.85084,0.85155
2013.03.24 21:37:33.251,0.85084,0.85129
2013.03.24 21:37:33.430,0.85084,0.85141
2013.03.24 21:37:33.668,0.85081,0.85156
2013.03.24 21:37:34.889,0.85084,0.85152
2013.03.24 21:37:40.069,0.85096,0.85155
2013.03.24 21:37:48.011,0.85096,0.85138
2013.03.24 21:37:57.939,0.85079,0.85153
2013.03.24 21:37:57.998,0.85075,0.85153
2013.03.24 21:37:59.700,0.85062,0.85147
2013.03.24 21:38:18.293,0.85062,0.85147
2013.03.24 21:38:20.150,0.85061,0.85147
2013.03.24 21:38:30.614,0.85064,0.85147
2013.03.24 21:39:01.889,0.85085,0.85146
2013.03.24 21:39:02.429,0.85073,0.85156
2013.03.24 21:39:05.178,0.85094,0.85156
2013.03.24 21:39:08.218,0.85103,0.85142
2013.03.24 21:39:10.618,0.85101,0.85159
2013.03.24 21:39:13.175,0.85111,0.85158
2013.03.24 21:39:16.109,0.85115,0.85158
2013.03.24 21:39:41.289,0.85117,0.85157
2013.03.24 21:39:41.419,0.85113,0.85157
2013.03.24 21:39:41.480,0.85111,0.85157
2013.03.24 21:39:41.700,0.85109,0.85157
2013.03.24 21:39:41.821,0.85111,0.85157
2013.03.24 21:40:05.431,0.85095,0.85159
2013.03.24 21:40:07.828,0.85107,0.85158
2013.03.24 21:40:19.709,0.85114,0.85153
2013.03.24 21:40:20.131,0.85112,0.85151
2013.03.24 21:40:39.549,0.85112,0.85151
2013.03.24 21:40:45.310,0.85112,0.85151
2013.03.24 21:40:49.531,0.85113,0.85151
2013.03.24 21:40:50.598,0.85112,0.85149
2013.03.24 21:40:51.185,0.85108,0.85149
2013.03.24 21:41:20.729,0.85115,0.85149
2013.03.24 21:41:21.327,0.85114,0.85149
2013.03.24 21:41:47.670,0.85115,0.85145
2013.03.24 21:41:48.209,0.85111,0.85137
2013.03.24 21:41:51.670,0.85096,0.85136
2013.03.24 21:42:02.739,0.85097,0.8514
2013.03.24 21:42:22.570,0.85098,0.8514
2013.03.24 21:42:24.430,0.85096,0.85158
2013.03.24 21:42:35.759,0.85115,0.85151
2013.03.24 21:42:38.611,0.85112,0.85151
2013.03.24 21:42:47.758,0.85097,0.85133
2013.03.24 21:43:06.449,0.85097,0.85132
2013.03.24 21:43:21.659,0.85114,0.85147
2013.03.24 21:43:40.052,0.85104,0.85147
2013.03.24 21:43:40.411,0.85112,0.85151
2013.03.24 21:43:42.687,0.85103,0.85149
2013.03.24 21:44:04.811,0.85103,0.85149
2013.03.24 21:44:56.731,0.85114,0.8514
2013.03.24 21:44:56.849,0.85121,0.85145
2013.03.24 21:45:00.126,0.85119,0.85158
2013.03.24 21:45:04.800,0.85119,0.8514
2013.03.24 21:45:08.489,0.85105,0.8514
2013.03.24 21:45:09.622,0.85106,0.85147
2013.03.24 21:45:12.319,0.85105,0.85143
2013.03.24 21:45:12.620,0.85107,0.85146
2013.03.24 21:45:17.561,0.85118,0.85137
2013.03.24 21:45:18.141,0.85118,0.85137
2013.03.24 21:45:19.364,0.85118,0.85138
2013.03.24 21:45:19.494,0.85109,0.85138
2013.03.24 21:45:21.271,0.85113,0.85155
2013.03.24 21:45:22.827,0.85113,0.85155
2013.03.24 21:45:40.591,0.85113,0.85155
2013.03.24 21:45:57.179,0.85117,0.85147
2013.03.24 21:45:57.600,0.85123,0.85167
2013.03.24 21:46:01.326,0.85124,0.85165
2013.03.24 21:46:04.340,0.85135,0.85171
2013.03.24 21:46:05.229,0.85116,0.85167
2013.03.24 21:46:05.350,0.85114,0.85167
2013.03.24 21:46:05.870,0.85111,0.85169
2013.03.24 21:46:06.575,0.85118,0.85173
2013.03.24 21:46:07.820,0.85116,0.85179
2013.03.24 21:46:20.191,0.85118,0.85183
2013.03.24 21:46:22.486,0.85119,0.85185
2013.03.24 21:46:24.685,0.85118,0.85185
2013.03.24 21:46:43.890,0.85119,0.85189
2013.03.24 21:46:45.720,0.85133,0.85181
2013.03.24 21:46:46.169,0.85113,0.8516
2013.03.24 21:46:48.430,0.85108,0.85153
2013.03.24 21:46:51.900,0.85122,0.85151
2013.03.24 21:46:52.278,0.85117,0.85149
2013.03.24 21:47:02.169,0.85099,0.85138
2013.03.24 21:47:06.616,0.85102,0.85147
2013.03.24 21:47:12.930,0.85101,0.85156
2013.03.24 21:47:15.064,0.85101,0.85156
2013.03.24 21:47:20.920,0.85118,0.85157
2013.03.24 21:47:25.902,0.85108,0.85154
2013.03.24 21:47:27.660,0.85108,0.85156
2013.03.24 21:47:30.329,0.85124,0.85156
2013.03.24 21:47:32.209,0.85112,0.8515
2013.03.24 21:47:59.101,0.85108,0.85146
2013.03.24 21:48:10.861,0.85107,0.85147
2013.03.24 21:48:11.407,0.85113,0.85151
2013.03.24 21:48:19.724,0.85113,0.85151
2013.03.24 21:48:40.634,0.85118,0.85152
2013.03.24 21:48:40.942,0.85123,0.85163
2013.03.24 21:48:42.541,0.85128,0.85165
2013.03.24 21:48:44.830,0.85128,0.85165
2013.03.24 21:48:44.951,0.85134,0.85174
2013.03.24 21:48:45.010,0.85139,0.85177
2013.03.24 21:48:45.130,0.85141,0.85179
2013.03.24 21:48:47.250,0.85141,0.85179
2013.03.24 21:48:48.559,0.85138,0.85177
2013.03.24 21:48:49.560,0.85134,0.85174
2013.03.24 21:48:49.620,0.85132,0.85172
2013.03.24 21:48:49.960,0.8513,0.85172
2013.03.24 21:48:50.166,0.85132,0.8517
2013.03.24 21:48:50.722,0.85129,0.85173
2013.03.24 21:48:53.710,0.8513,0.85171
2013.03.24 21:48:56.064,0.8513,0.85172
2013.03.24 21:48:56.310,0.8513,0.85172
2013.03.24 21:49:00.220,0.85131,0.85172
2013.03.24 21:49:00.770,0.85126,0.85168
2013.03.24 21:49:00.830,0.85126,0.85166
2013.03.24 21:49:02.791,0.85126,0.85166
2013.03.24 21:49:02.911,0.85126,0.85167
2013.03.24 21:49:03.638,0.85126,0.85166
2013.03.24 21:49:04.544,0.85126,0.85166
2013.03.24 21:49:05.880,0.85123,0.85164
2013.03.24 21:49:06.444,0.85123,0.85165
2013.03.24 21:49:21.710,0.85123,0.85165
2013.03.24 21:49:22.256,0.85123,0.85165
2013.03.24 21:49:22.661,0.85121,0.85152
2013.03.24 21:49:22.720,0.85121,0.85152
2013.03.24 21:49:22.840,0.85118,0.85158
2013.03.24 21:49:23.020,0.85117,0.8516
2013.03.24 21:49:30.190,0.85111,0.85153
2013.03.24 21:49:30.250,0.85111,0.85153
2013.03.24 21:49:31.060,0.85107,0.85154
2013.03.24 21:49:34.170,0.85108,0.85148
2013.03.24 21:49:34.930,0.85112,0.85152
2013.03.24 21:49:37.881,0.85113,0.85153
2013.03.24 21:49:38.240,0.85106,0.85147
2013.03.24 21:49:40.160,0.85108,0.85144
2013.03.24 21:49:40.280,0.85109,0.85148
2013.03.24 21:49:40.461,0.85116,0.85154
2013.03.24 21:49:41.351,0.85118,0.85158
2013.03.24 21:49:51.200,0.85109,0.85146
2013.03.24 21:49:51.650,0.85109,0.85146
2013.03.24 21:49:51.951,0.85112,0.8515
2013.03.24 21:50:04.701,0.85106,0.85146
2013.03.24 21:50:04.821,0.85112,0.85152
2013.03.24 21:50:05.401,0.85113,0.85153
2013.03.24 21:50:05.996,0.85113,0.85153
2013.03.24 21:50:13.690,0.85114,0.85148
2013.03.24 21:50:15.921,0.85106,0.85146
2013.03.24 21:50:16.770,0.85102,0.85138
2013.03.24 21:50:17.129,0.85096,0.85124
2013.03.24 21:50:17.580,0.85096,0.85118
2013.03.24 21:50:17.770,0.85096,0.85136
2013.03.24 21:50:17.890,0.85096,0.85123
2013.03.24 21:50:18.311,0.85097,0.85137
2013.03.24 21:50:18.430,0.85097,0.85123
2013.03.24 21:50:18.670,0.85096,0.85137
2013.03.24 21:50:18.791,0.85096,0.85123
2013.03.24 21:50:18.861,0.85096,0.85137
2013.03.24 21:50:18.980,0.85096,0.85124
2013.03.24 21:50:19.220,0.85096,0.85137
2013.03.24 21:50:19.341,0.85096,0.85124
2013.03.24 21:50:19.530,0.85096,0.85137
2013.03.24 21:50:19.650,0.85096,0.85124
2013.03.24 21:50:20.140,0.85099,0.85137
2013.03.24 21:50:20.387,0.85096,0.85137
2013.03.24 21:50:20.870,0.85099,0.85137
2013.03.24 21:50:21.070,0.85099,0.85137
2013.03.24 21:50:21.190,0.85099,0.85137
2013.03.24 21:50:21.691,0.85099,0.85137
2013.03.24 21:50:21.752,0.85099,0.85138
2013.03.24 21:50:21.880,0.85096,0.85138
2013.03.24 21:50:22.120,0.85096,0.85124
2013.03.24 21:50:22.240,0.85096,0.85136
2013.03.24 21:50:22.303,0.85097,0.85122
2013.03.24 21:50:22.970,0.85097,0.85118
2013.03.24 21:50:23.509,0.85097,0.85114
2013.03.24 21:50:23.750,0.85096,0.85137
2013.03.24 21:50:23.841,0.85097,0.85122
2013.03.24 21:50:24.391,0.85096,0.85115
2013.03.24 21:50:24.530,0.85096,0.85137
2013.03.24 21:50:24.650,0.85096,0.85123
2013.03.24 21:50:26.070,0.85096,0.85121
2013.03.24 21:50:26.310,0.85096,0.8513
2013.03.24 21:50:26.370,0.85093,0.8513
2013.03.24 21:50:26.550,0.85092,0.85122
2013.03.24 21:50:27.080,0.85092,0.85111
2013.03.24 21:50:27.660,0.85094,0.85126
2013.03.24 21:50:27.841,0.85097,0.85123
2013.03.24 21:50:28.471,0.85095,0.8513
2013.03.24 21:50:29.044,0.85097,0.85123
2013.03.24 21:50:38.539,0.85097,0.85115
2013.03.24 21:50:38.911,0.85096,0.85129
2013.03.24 21:50:39.091,0.85097,0.85135
2013.03.24 21:50:39.210,0.85104,0.85141
2013.03.24 21:50:39.451,0.85108,0.8514
2013.03.24 21:50:39.760,0.85109,0.85149
2013.03.24 21:50:44.944,0.85113,0.85151
2013.03.24 21:50:48.350,0.85112,0.8515
2013.03.24 21:50:51.130,0.85111,0.8513
2013.03.24 21:50:51.653,0.85103,0.85142
2013.03.24 21:51:02.611,0.851,0.85136
2013.03.24 21:51:02.930,0.85098,0.85136
2013.03.24 21:51:41.178,0.85099,0.85136
2013.03.24 21:51:46.187,0.85111,0.85129
2013.03.24 21:51:49.912,0.85093,0.85129
2013.03.24 21:51:52.930,0.85093,0.85127
2013.03.24 21:51:55.451,0.85092,0.85123
2013.03.24 21:51:55.572,0.85091,0.85123
2013.03.24 21:51:55.691,0.85091,0.8511
2013.03.24 21:52:16.050,0.8509,0.85124
2013.03.24 21:52:22.792,0.8509,0.85124
2013.03.24 21:52:22.911,0.85091,0.85127
2013.03.24 21:52:41.150,0.85091,0.85106
2013.03.24 21:53:00.170,0.8509,0.85119
2013.03.24 21:53:02.340,0.8509,0.85119
2013.03.24 21:53:02.703,0.85088,0.85116
2013.03.24 21:53:03.131,0.85086,0.85118
2013.03.24 21:53:03.251,0.85085,0.85102
2013.03.24 21:53:03.801,0.85085,0.85116
2013.03.24 21:53:10.701,0.85085,0.85116
2013.03.24 21:53:18.960,0.85084,0.85116
2013.03.24 21:53:19.201,0.85084,0.85115
2013.03.24 21:53:19.743,0.85076,0.85117
2013.03.24 21:53:20.512,0.85076,0.85114
2013.03.24 21:53:22.475,0.85073,0.85114
2013.03.24 21:53:24.240,0.85072,0.85097
2013.03.24 21:53:30.960,0.85071,0.85112
2013.03.24 21:53:36.062,0.85076,0.85096
2013.03.24 21:53:36.552,0.85078,0.85118
2013.03.24 21:53:38.872,0.8508,0.8512
2013.03.24 21:53:40.183,0.85073,0.85115
2013.03.24 21:53:50.600,0.85073,0.85115
2013.03.24 21:53:51.460,0.85091,0.85116
2013.03.24 21:53:51.640,0.85073,0.85115
2013.03.24 21:53:53.220,0.85091,0.85117
2013.03.24 21:53:53.281,0.85091,0.85128
2013.03.24 21:53:53.607,0.85072,0.85103
2013.03.24 21:53:53.970,0.8509,0.85122
2013.03.24 21:53:54.680,0.85085,0.85102
2013.03.24 21:53:55.186,0.85072,0.85116
2013.03.24 21:54:06.858,0.85074,0.85114
2013.03.24 21:54:15.353,0.8508,0.85119
2013.03.24 21:54:16.780,0.85076,0.85118
2013.03.24 21:54:20.111,0.85078,0.85118
2013.03.24 21:54:24.260,0.85078,0.85118
2013.03.24 21:54:24.810,0.8508,0.85127
2013.03.24 21:54:27.271,0.85085,0.85126
2013.03.24 21:54:27.341,0.85085,0.85128
2013.03.24 21:54:27.501,0.851,0.85132
2013.03.24 21:54:27.561,0.851,0.85132
2013.03.24 21:54:36.640,0.85107,0.85136
2013.03.24 21:54:48.262,0.85094,0.8513
2013.03.24 21:54:50.978,0.85105,0.85147
2013.03.24 21:54:55.750,0.85089,0.85147
2013.03.24 21:54:55.991,0.85102,0.85129
2013.03.24 21:55:09.532,0.85093,0.85127
2013.03.24 21:55:09.891,0.85096,0.85136
2013.03.24 21:55:11.283,0.85096,0.85136
2013.03.24 21:55:11.640,0.85082,0.85133
2013.03.24 21:55:11.820,0.85082,0.85128
2013.03.24 21:55:15.050,0.85084,0.85124
2013.03.24 21:55:18.900,0.85082,0.8512
2013.03.24 21:55:19.342,0.85084,0.85117
2013.03.24 21:55:19.880,0.85081,0.85129
2013.03.24 21:55:24.690,0.85095,0.85115
2013.03.24 21:55:24.811,0.85088,0.85119
2013.03.24 21:55:25.111,0.85085,0.85138
2013.03.24 21:55:30.630,0.85099,0.85132
2013.03.24 21:55:30.830,0.85083,0.85132
2013.03.24 21:55:30.951,0.85098,0.85127
2013.03.24 21:55:31.254,0.85102,0.85123
2013.03.24 21:55:31.561,0.85095,0.85115
2013.03.24 21:55:40.037,0.85084,0.85124
2013.03.24 21:55:49.057,0.85084,0.85124
2013.03.24 21:56:26.441,0.85086,0.85126
2013.03.24 21:56:27.610,0.85083,0.85124
2013.03.24 21:56:28.171,0.851,0.85128
2013.03.24 21:56:32.540,0.85088,0.85126
2013.03.24 21:57:02.522,0.85075,0.85121
2013.03.24 21:57:05.082,0.85075,0.85117
2013.03.24 21:57:05.202,0.85074,0.85119
2013.03.24 21:57:14.636,0.85083,0.85105
2013.03.24 21:57:19.383,0.85081,0.85122
2013.03.24 21:57:31.231,0.85081,0.85122
2013.03.24 21:57:31.838,0.85093,0.85115
2013.03.24 21:57:32.254,0.85074,0.85115
2013.03.24 21:57:35.221,0.85073,0.85113
2013.03.24 21:57:40.173,0.85083,0.85124
2013.03.24 21:57:42.812,0.85085,0.85132
2013.03.24 21:57:43.391,0.85091,0.8513
2013.03.24 21:57:44.700,0.85111,0.85135
2013.03.24 21:57:49.192,0.85096,0.85136
2013.03.24 21:57:51.490,0.85098,0.85136
2013.03.24 21:58:02.831,0.85094,0.85133
2013.03.24 21:58:10.461,0.85089,0.85128
2013.03.24 21:58:10.700,0.85089,0.85128
2013.03.24 21:58:11.130,0.85089,0.85127
2013.03.24 21:58:11.440,0.85088,0.85127
2013.03.24 21:58:12.042,0.85087,0.85124
2013.03.24 21:58:12.113,0.85084,0.85113
2013.03.24 21:58:15.311,0.85086,0.85113
2013.03.24 21:58:15.431,0.85082,0.85113
2013.03.24 21:58:15.490,0.85082,0.85113
2013.03.24 21:58:16.036,0.85084,0.85113
2013.03.24 21:58:16.232,0.85084,0.85113
2013.03.24 21:58:16.295,0.85087,0.85135
2013.03.24 21:58:16.722,0.85087,0.85135
2013.03.24 21:58:18.487,0.85087,0.85137
2013.03.24 21:58:18.671,0.85087,0.85137
2013.03.24 21:58:19.692,0.85086,0.85125
2013.03.24 21:58:19.814,0.85087,0.85121
2013.03.24 21:58:19.942,0.85087,0.85138
2013.03.24 21:58:20.471,0.85087,0.85138
2013.03.24 21:58:20.591,0.85087,0.85138
2013.03.24 21:58:21.151,0.85089,0.85139
2013.03.24 21:58:21.982,0.85088,0.85138
2013.03.24 21:58:22.626,0.85088,0.85138
2013.03.24 21:58:22.702,0.85084,0.85138
2013.03.24 21:58:23.691,0.85087,0.85138
2013.03.24 21:58:24.274,0.85086,0.85139
2013.03.24 21:58:24.490,0.85084,0.85139
2013.03.24 21:58:25.215,0.85086,0.85139
2013.03.24 21:58:25.591,0.85089,0.85142
2013.03.24 21:58:25.711,0.85085,0.85139
2013.03.24 21:58:26.328,0.85085,0.85138
2013.03.24 21:58:28.501,0.85084,0.85139
2013.03.24 21:58:29.883,0.85084,0.85139
2013.03.24 21:58:30.063,0.85084,0.85138
2013.03.24 21:58:32.890,0.85088,0.85143
2013.03.24 21:58:33.011,0.85085,0.85138
2013.03.24 21:58:36.027,0.85085,0.85139
2013.03.24 21:58:37.690,0.85086,0.85139
2013.03.24 21:58:38.181,0.85086,0.85107
2013.03.24 21:58:38.241,0.85081,0.85107
2013.03.24 21:58:38.752,0.85085,0.85107
2013.03.24 21:58:38.881,0.85082,0.85107
2013.03.24 21:58:39.950,0.85086,0.85107
2013.03.24 21:58:40.072,0.85081,0.85107
2013.03.24 21:58:40.532,0.85081,0.85103
2013.03.24 21:58:41.085,0.85079,0.85104
2013.03.24 21:58:41.231,0.85081,0.85104
2013.03.24 21:58:41.413,0.85079,0.85104
2013.03.24 21:58:41.481,0.8508,0.85104
2013.03.24 21:58:43.350,0.85081,0.85104
2013.03.24 21:58:43.471,0.8508,0.85104
2013.03.24 21:58:44.761,0.85079,0.85104
2013.03.24 21:58:44.881,0.85072,0.85104
2013.03.24 21:58:48.731,0.85071,0.85097
2013.03.24 21:58:55.192,0.85072,0.85113
2013.03.24 21:58:55.372,0.85072,0.85104
2013.03.24 21:58:55.994,0.85075,0.85127
2013.03.24 21:58:56.071,0.85078,0.85128
2013.03.24 21:58:56.433,0.85079,0.85128
2013.03.24 21:58:57.118,0.85078,0.85118
2013.03.24 21:59:00.566,0.85083,0.85118
2013.03.24 21:59:00.632,0.85079,0.85118
2013.03.24 21:59:01.291,0.85078,0.85118
2013.03.24 21:59:03.423,0.8508,0.85118
2013.03.24 21:59:04.211,0.85078,0.851
2013.03.24 21:59:04.950,0.85074,0.85099
2013.03.24 21:59:08.103,0.85073,0.85099
2013.03.24 21:59:11.181,0.85074,0.85099
2013.03.24 21:59:11.292,0.85074,0.85101
2013.03.24 21:59:11.891,0.85074,0.8509
2013.03.24 21:59:12.870,0.85071,0.85089
2013.03.24 21:59:13.451,0.85075,0.85096
2013.03.24 21:59:13.572,0.85081,0.85106
2013.03.24 21:59:13.700,0.85075,0.85106
2013.03.24 21:59:14.252,0.85076,0.85107
2013.03.24 21:59:14.852,0.85081,0.85108
2013.03.24 21:59:16.193,0.85079,0.85105
2013.03.24 21:59:16.769,0.85078,0.85105
2013.03.24 21:59:17.445,0.8508,0.85105
2013.03.24 21:59:17.514,0.85078,0.85105
2013.03.24 21:59:18.161,0.8508,0.85105
2013.03.24 21:59:21.623,0.8508,0.85107
2013.03.24 21:59:23.883,0.85084,0.85108
2013.03.24 21:59:25.605,0.85088,0.8511
2013.03.24 21:59:26.933,0.85088,0.85111
2013.03.24 21:59:27.611,0.8509,0.85111
2013.03.24 21:59:56.375,0.85091,0.85112
2013.03.24 22:00:00.221,0.8509,0.85114
2013.03.24 22:00:00.402,0.85107,0.85122
2013.03.24 22:00:00.701,0.85115,0.85128
2013.03.24 22:00:00.762,0.85115,0.85127
2013.03.24 22:00:00.883,0.85115,0.85132
2013.03.24 22:00:00.942,0.8511,0.85132
2013.03.24 22:00:01.125,0.85106,0.85129
2013.03.24 22:00:02.037,0.85106,0.85131
2013.03.24 22:00:02.422,0.85106,0.85127
2013.03.24 22:00:03.541,0.85103,0.85127
2013.03.24 22:00:04.161,0.85098,0.85132
2013.03.24 22:00:04.711,0.85094,0.85114
2013.03.24 22:00:05.451,0.85095,0.85114
2013.03.24 22:00:05.571,0.85093,0.85114
2013.03.24 22:00:06.249,0.85093,0.85116
2013.03.24 22:00:06.327,0.85094,0.8512
2013.03.24 22:00:07.151,0.85095,0.8512
2013.03.24 22:00:07.211,0.85093,0.8512
2013.03.24 22:00:07.330,0.85095,0.8512
2013.03.24 22:00:07.862,0.85094,0.8512
2013.03.24 22:00:08.221,0.85091,0.8512
2013.03.24 22:00:08.401,0.85089,0.8512
2013.03.24 22:00:08.522,0.85092,0.8512
2013.03.24 22:00:08.952,0.85091,0.85124
2013.03.24 22:00:09.501,0.85092,0.85124
2013.03.24 22:00:09.681,0.85092,0.85127
2013.03.24 22:00:11.922,0.85092,0.85125
2013.03.24 22:00:13.062,0.85092,0.85116
2013.03.24 22:00:13.182,0.8509,0.85118
2013.03.24 22:00:13.747,0.8509,0.85114
2013.03.24 22:00:14.563,0.85091,0.85114
2013.03.24 22:00:15.102,0.8509,0.85114
2013.03.24 22:00:16.112,0.85091,0.85114
2013.03.24 22:00:16.688,0.8509,0.85114
2013.03.24 22:00:19.222,0.85091,0.85114
2013.03.24 22:00:19.523,0.8509,0.85112
2013.03.24 22:00:21.033,0.8509,0.85113
2013.03.24 22:00:21.586,0.85096,0.85126
2013.03.24 22:00:22.926,0.85096,0.85125
2013.03.24 22:00:23.488,0.85096,0.85126
2013.03.24 22:00:24.562,0.85096,0.85129
2013.03.24 22:00:24.682,0.85099,0.85129
2013.03.24 22:00:25.043,0.85098,0.85123
2013.03.24 22:00:25.221,0.85099,0.85131
2013.03.24 22:00:25.592,0.85101,0.85131
2013.03.24 22:00:26.622,0.85102,0.85131
2013.03.24 22:00:27.093,0.85105,0.85131
2013.03.24 22:00:28.836,0.85102,0.85131
2013.03.24 22:00:28.901,0.85105,0.85131
2013.03.24 22:00:29.832,0.85103,0.85131
2013.03.24 22:00:29.894,0.85106,0.85131
2013.03.24 22:00:30.723,0.85107,0.85131
2013.03.24 22:00:31.031,0.85109,0.85131
2013.03.24 22:00:31.165,0.85104,0.85131
2013.03.24 22:00:31.241,0.85107,0.85131
2013.03.24 22:00:31.823,0.85109,0.85131
2013.03.24 22:00:32.003,0.85106,0.85131
2013.03.24 22:00:32.485,0.85109,0.85131
2013.03.24 22:00:32.994,0.8511,0.85131
2013.03.24 22:00:33.324,0.85113,0.85131
2013.03.24 22:00:33.685,0.85115,0.85133
2013.03.24 22:00:34.296,0.85114,0.85133
2013.03.24 22:00:34.424,0.85116,0.85138
2013.03.24 22:00:35.224,0.85122,0.85138
2013.03.24 22:00:35.355,0.85118,0.85138
2013.03.24 22:00:35.864,0.85117,0.85138
2013.03.24 22:00:36.749,0.8512,0.85138
2013.03.24 22:00:37.294,0.85119,0.85138
2013.03.24 22:00:37.655,0.85121,0.85137
2013.03.24 22:00:37.964,0.85124,0.85138
2013.03.24 22:00:38.514,0.85125,0.85138
2013.03.24 22:00:43.154,0.85126,0.85138
2013.03.24 22:00:43.595,0.85128,0.85138
2013.03.24 22:00:45.295,0.85128,0.85136
2013.03.24 22:00:45.365,0.85125,0.85136
2013.03.24 22:00:45.734,0.85126,0.85139
2013.03.24 22:00:45.925,0.85128,0.85139
2013.03.24 22:00:46.066,0.85126,0.85139
2013.03.24 22:00:46.856,0.85127,0.85139
2013.03.24 22:00:46.925,0.85127,0.85135
2013.03.24 22:00:47.184,0.85125,0.85135
2013.03.24 22:00:47.485,0.85125,0.85132
2013.03.24 22:00:47.614,0.85125,0.85137
2013.03.24 22:00:47.684,0.85129,0.85137
2013.03.24 22:00:48.125,0.85127,0.85137
2013.03.24 22:00:48.194,0.85127,0.85135
2013.03.24 22:00:49.055,0.85122,0.85135
2013.03.24 22:00:49.246,0.85124,0.85135
2013.03.24 22:00:49.804,0.85125,0.85134
2013.03.24 22:00:50.295,0.85127,0.85134
2013.03.24 22:00:50.845,0.85126,0.85134
2013.03.24 22:00:52.695,0.85128,0.85134
2013.03.24 22:00:54.725,0.85128,0.85136
2013.03.24 22:00:54.795,0.85132,0.85136
2013.03.24 22:00:54.865,0.85132,0.85147
2013.03.24 22:00:55.235,0.85134,0.85148
2013.03.24 22:00:56.186,0.8513,0.85149
2013.03.24 22:00:56.696,0.8513,0.85148
2013.03.24 22:00:56.766,0.85128,0.85148
2013.03.24 22:00:57.144,0.8513,0.85147
2013.03.24 22:00:57.962,0.8513,0.85146
2013.03.24 22:00:58.085,0.8513,0.85149
2013.03.24 22:00:58.574,0.8513,0.85151
2013.03.24 22:00:58.694,0.85132,0.85149
2013.03.24 22:00:59.198,0.85133,0.85149
2013.03.24 22:00:59.455,0.85125,0.85142
2013.03.24 22:00:59.644,0.85125,0.85139
2013.03.24 22:00:59.717,0.85123,0.85139
2013.03.24 22:00:59.964,0.85123,0.85137
2013.03.24 22:01:00.526,0.85123,0.85139
2013.03.24 22:01:01.299,0.85124,0.8514
2013.03.24 22:01:01.847,0.85123,0.85139
2013.03.24 22:01:03.265,0.85125,0.85141
2013.03.24 22:01:03.628,0.85123,0.85139
2013.03.24 22:01:04.454,0.85122,0.85138
2013.03.24 22:01:05.016,0.85124,0.85138
2013.03.24 22:01:05.565,0.85125,0.85141
2013.03.24 22:01:06.114,0.85126,0.85142
2013.03.24 22:01:06.245,0.85128,0.85142
2013.03.24 22:01:08.564,0.85127,0.85143
2013.03.24 22:01:08.874,0.85126,0.8514
2013.03.24 22:01:09.985,0.85126,0.85142
2013.03.24 22:01:10.994,0.85126,0.8514
2013.03.24 22:01:12.854,0.85125,0.85139
2013.03.24 22:01:13.055,0.85125,0.85141
2013.03.24 22:01:14.985,0.85126,0.85142
2013.03.24 22:01:17.826,0.85125,0.85141
2013.03.24 22:01:18.375,0.85126,0.85142
2013.03.24 22:01:18.504,0.85128,0.85142
2013.03.24 22:01:18.816,0.85129,0.85145
2013.03.24 22:01:19.572,0.85127,0.85143
2013.03.24 22:01:20.839,0.85128,0.85144
2013.03.24 22:01:21.914,0.85128,0.85142
2013.03.24 22:01:22.454,0.85127,0.85143
2013.03.24 22:01:23.974,0.85126,0.85142
2013.03.24 22:01:24.296,0.85122,0.85136
2013.03.24 22:01:24.852,0.85122,0.85135
2013.03.24 22:01:26.354,0.85123,0.85135
2013.03.24 22:01:26.861,0.85122,0.85135
2013.03.24 22:01:27.852,0.85124,0.85135
2013.03.24 22:01:27.984,0.85122,0.85135
2013.03.24 22:01:28.174,0.85122,0.85138
2013.03.24 22:01:29.945,0.85125,0.85139
2013.03.24 22:01:30.518,0.85126,0.8514
2013.03.24 22:01:32.964,0.85124,0.8514
2013.03.24 22:01:35.945,0.85123,0.85138
2013.03.24 22:01:36.145,0.85124,0.8514
2013.03.24 22:01:37.955,0.85126,0.8514
2013.03.24 22:01:38.945,0.85127,0.85141
2013.03.24 22:01:39.476,0.85125,0.85139
2013.03.24 22:01:39.545,0.85125,0.85141
2013.03.24 22:01:41.025,0.85125,0.85139
2013.03.24 22:01:41.744,0.85125,0.85141
2013.03.24 22:01:44.325,0.85127,0.85141
2013.03.24 22:01:44.635,0.85131,0.85143
2013.03.24 22:01:44.765,0.85129,0.85143
2013.03.24 22:01:45.633,0.85129,0.85144
2013.03.24 22:01:46.342,0.85129,0.85145
2013.03.24 22:01:46.846,0.85131,0.85145
2013.03.24 22:01:47.838,0.85131,0.85147
2013.03.24 22:01:48.730,0.85133,0.85147
2013.03.24 22:01:49.065,0.85136,0.85148
2013.03.24 22:01:49.135,0.85134,0.85148
2013.03.24 22:01:49.846,0.85134,0.8515
2013.03.24 22:01:50.296,0.85137,0.85151
2013.03.24 22:01:50.709,0.85135,0.85148
2013.03.24 22:01:51.206,0.85133,0.85146
2013.03.24 22:01:51.277,0.85133,0.85149
2013.03.24 22:01:51.486,0.85137,0.85149
2013.03.24 22:01:51.626,0.85139,0.85153
2013.03.24 22:01:52.157,0.85139,0.85154
2013.03.24 22:01:54.545,0.8514,0.85154
2013.03.24 22:01:55.336,0.85139,0.85154
2013.03.24 22:01:55.466,0.85139,0.85148
2013.03.24 22:01:55.537,0.85137,0.85148
2013.03.24 22:01:56.440,0.85136,0.85149
2013.03.24 22:01:56.519,0.85139,0.85152
2013.03.24 22:01:57.355,0.85139,0.85151
2013.03.24 22:02:00.185,0.85139,0.85152
2013.03.24 22:02:01.586,0.85142,0.85152
2013.03.24 22:02:02.286,0.85146,0.85152
2013.03.24 22:02:02.357,0.85143,0.85152
2013.03.24 22:02:02.970,0.85144,0.85153
2013.03.24 22:02:03.566,0.85143,0.85153
2013.03.24 22:02:09.264,0.85145,0.85153
2013.03.24 22:02:11.026,0.85142,0.85153
2013.03.24 22:02:13.574,0.8514,0.85153
2013.03.24 22:02:14.085,0.85141,0.85153
2013.03.24 22:02:15.006,0.8514,0.85154
2013.03.24 22:02:15.385,0.8514,0.85148
2013.03.24 22:02:15.709,0.85135,0.85148
2013.03.24 22:02:16.097,0.85133,0.85148
2013.03.24 22:02:16.599,0.85132,0.85148
2013.03.24 22:02:16.727,0.85134,0.85148
2013.03.24 22:02:19.034,0.85135,0.85148
2013.03.24 22:02:19.575,0.85136,0.85148
2013.03.24 22:02:20.155,0.85137,0.85148
2013.03.24 22:02:23.516,0.8514,0.85148
2013.03.24 22:02:23.906,0.85142,0.85156
2013.03.24 22:02:24.466,0.85143,0.85157
2013.03.24 22:02:26.420,0.85143,0.8515
2013.03.24 22:02:26.495,0.8514,0.8515
2013.03.24 22:02:26.566,0.85138,0.8515
2013.03.24 22:02:26.700,0.85136,0.8515
2013.03.24 22:02:26.957,0.85134,0.85149
2013.03.24 22:02:27.276,0.85134,0.85142
2013.03.24 22:02:31.057,0.85134,0.8515
2013.03.24 22:02:39.355,0.85136,0.8515
2013.03.24 22:02:40.405,0.85135,0.85149
2013.03.24 22:02:41.588,0.85136,0.8515
2013.03.24 22:02:41.658,0.85136,0.85152
2013.03.24 22:02:42.175,0.85137,0.85151
2013.03.24 22:02:44.567,0.85137,0.85152
2013.03.24 22:02:44.710,0.8514,0.85152
2013.03.24 22:02:45.485,0.85141,0.85152
2013.03.24 22:02:45.556,0.85139,0.85152
2013.03.24 22:02:49.686,0.85141,0.85152
2013.03.24 22:02:50.835,0.85142,0.85152
2013.03.24 22:02:51.470,0.85142,0.85154
2013.03.24 22:02:54.276,0.85143,0.85154
2013.03.24 22:02:54.877,0.85142,0.85154
2013.03.24 22:02:56.154,0.85144,0.85154
2013.03.24 22:02:57.607,0.85144,0.85156
2013.03.24 22:02:59.796,0.85144,0.85158
2013.03.24 22:02:59.996,0.85139,0.85155
2013.03.24 22:03:00.456,0.85138,0.85152
2013.03.24 22:03:00.587,0.85138,0.85154
2013.03.24 22:03:02.099,0.85141,0.85154
2013.03.24 22:03:02.227,0.85141,0.85159
2013.03.24 22:03:02.507,0.85143,0.8517
2013.03.24 22:03:02.577,0.85145,0.8517
2013.03.24 22:03:02.897,0.85149,0.85174
2013.03.24 22:03:03.247,0.85153,0.85172
2013.03.24 22:03:03.554,0.85155,0.8517
2013.03.24 22:03:04.123,0.85155,0.85171
2013.03.24 22:03:04.435,0.85157,0.85173
2013.03.24 22:03:05.516,0.85159,0.85174
2013.03.24 22:03:06.026,0.85159,0.85173
2013.03.24 22:03:06.545,0.8516,0.85174
2013.03.24 22:03:07.322,0.85159,0.85175
2013.03.24 22:03:07.846,0.8516,0.85176
2013.03.24 22:03:10.096,0.85161,0.85176
2013.03.24 22:03:10.663,0.85161,0.85177
2013.03.24 22:03:10.995,0.85163,0.85178
2013.03.24 22:03:12.125,0.85163,0.85177
2013.03.24 22:03:12.695,0.85162,0.85176
2013.03.24 22:03:12.825,0.85156,0.85173
2013.03.24 22:03:12.897,0.85154,0.85173
2013.03.24 22:03:12.970,0.85151,0.85172
2013.03.24 22:03:13.178,0.8515,0.8517
2013.03.24 22:03:13.485,0.85152,0.85169
2013.03.24 22:03:13.809,0.85155,0.85169
2013.03.24 22:03:14.018,0.85155,0.85171
2013.03.24 22:03:14.178,0.85155,0.85169
2013.03.24 22:03:14.805,0.85154,0.85172
2013.03.24 22:03:14.936,0.85154,0.8517
2013.03.24 22:03:15.787,0.85155,0.85171
2013.03.24 22:03:16.805,0.85156,0.85172
2013.03.24 22:03:16.876,0.85157,0.85176
2013.03.24 22:03:17.247,0.85158,0.85174
2013.03.24 22:03:17.566,0.8516,0.85174
2013.03.24 22:03:18.007,0.85161,0.85176
2013.03.24 22:03:19.150,0.85161,0.85174
2013.03.24 22:03:20.165,0.85161,0.85176
2013.03.24 22:03:20.667,0.85159,0.85175
2013.03.24 22:03:21.226,0.85159,0.85173
2013.03.24 22:03:21.296,0.85156,0.85175
2013.03.24 22:03:21.426,0.85159,0.85173
2013.03.24 22:03:24.203,0.85159,0.85175
2013.03.24 22:03:24.336,0.85159,0.85173
2013.03.24 22:03:25.749,0.8516,0.85174
2013.03.24 22:03:25.994,0.8516,0.85177
2013.03.24 22:03:26.185,0.85162,0.85176
2013.03.24 22:03:27.465,0.8516,0.85174
2013.03.24 22:03:27.966,0.85159,0.85173
2013.03.24 22:03:28.035,0.85159,0.85175
2013.03.24 22:03:35.609,0.8516,0.85176
2013.03.24 22:03:35.676,0.8516,0.85174
2013.03.24 22:03:40.415,0.85157,0.85174
2013.03.24 22:03:41.434,0.85159,0.85174
2013.03.24 22:03:42.908,0.85159,0.85173
2013.03.24 22:03:44.856,0.85152,0.85172
2013.03.24 22:03:44.995,0.8515,0.8517
2013.03.24 22:03:45.316,0.85151,0.85168
2013.03.24 22:03:45.874,0.85153,0.85167
2013.03.24 22:03:47.485,0.85152,0.8517
2013.03.24 22:03:47.619,0.85152,0.85168
2013.03.24 22:03:48.204,0.85153,0.85167
2013.03.24 22:03:54.101,0.85151,0.85167
2013.03.24 22:03:54.356,0.85151,0.85165
2013.03.24 22:03:58.168,0.85149,0.85165
2013.03.24 22:03:58.296,0.85151,0.85165
2013.03.24 22:03:59.626,0.8515,0.85166
2013.03.24 22:04:00.595,0.85149,0.85167
2013.03.24 22:04:06.878,0.85148,0.85171
2013.03.24 22:04:07.018,0.85148,0.85171
2013.03.24 22:04:07.089,0.85147,0.85171
2013.03.24 22:04:07.219,0.85143,0.85166
2013.03.24 22:04:07.426,0.85144,0.85166
2013.03.24 22:04:07.935,0.85144,0.85166
2013.03.24 22:04:08.308,0.85143,0.85166
2013.03.24 22:04:08.817,0.85142,0.85166
2013.03.24 22:04:09.336,0.85143,0.85166
2013.03.24 22:04:09.856,0.85143,0.85167
2013.03.24 22:04:10.108,0.85143,0.85167
2013.03.24 22:04:10.295,0.85143,0.85167
2013.03.24 22:04:10.425,0.85143,0.85167
2013.03.24 22:04:11.072,0.85143,0.85167
2013.03.24 22:04:11.587,0.85145,0.85168
2013.03.24 22:04:11.896,0.85145,0.85168
2013.03.24 22:04:11.965,0.85145,0.85168
2013.03.24 22:04:14.405,0.85145,0.85168
2013.03.24 22:04:14.916,0.85145,0.85168
2013.03.24 22:04:15.285,0.85145,0.85168
2013.03.24 22:04:21.585,0.85145,0.85168
2013.03.24 22:04:21.655,0.85145,0.85168
2013.03.24 22:04:23.551,0.85145,0.85168
2013.03.24 22:04:25.166,0.85145,0.85168
2013.03.24 22:04:25.415,0.85145,0.85168
2013.03.24 22:04:27.579,0.85145,0.85168
2013.03.24 22:04:27.705,0.85145,0.85168
2013.03.24 22:04:28.585,0.85145,0.85169
2013.03.24 22:04:28.716,0.85145,0.85168
2013.03.24 22:04:29.638,0.85147,0.85171
2013.03.24 22:04:29.766,0.85149,0.85172
2013.03.24 22:04:29.836,0.85149,0.85172
2013.03.24 22:04:30.744,0.85149,0.85172
2013.03.24 22:04:30.865,0.85149,0.85172
2013.03.24 22:04:31.421,0.85149,0.85172
2013.03.24 22:04:34.158,0.85149,0.85172
2013.03.24 22:04:34.224,0.85149,0.85172
2013.03.24 22:04:34.355,0.85149,0.85172
2013.03.24 22:04:34.665,0.85149,0.85172
2013.03.24 22:04:35.225,0.85149,0.85172
2013.03.24 22:04:35.474,0.85149,0.85172
2013.03.24 22:04:36.053,0.85149,0.85172
2013.03.24 22:04:36.115,0.85149,0.85172
2013.03.24 22:04:38.298,0.85149,0.85172
2013.03.24 22:04:39.105,0.85149,0.85173
2013.03.24 22:04:39.174,0.85149,0.85172
2013.03.24 22:04:40.755,0.8515,0.85172
2013.03.24 22:04:41.636,0.85153,0.85172
2013.03.24 22:04:41.967,0.85153,0.85174
2013.03.24 22:04:42.157,0.85153,0.85178
2013.03.24 22:04:42.285,0.85153,0.85177
2013.03.24 22:04:47.755,0.85153,0.85178
2013.03.24 22:04:47.825,0.85153,0.85178
2013.03.24 22:04:48.384,0.85153,0.85178
2013.03.24 22:04:53.535,0.85153,0.85178
2013.03.24 22:04:54.238,0.85153,0.85178
2013.03.24 22:05:00.426,0.85153,0.85176
2013.03.24 22:05:00.557,0.85153,0.85176
2013.03.24 22:05:01.105,0.85152,0.85175
2013.03.24 22:05:01.306,0.85152,0.85174
2013.03.24 22:05:01.658,0.85152,0.85174
2013.03.24 22:05:02.074,0.85152,0.85174
2013.03.24 22:05:02.555,0.85152,0.85174
2013.03.24 22:05:04.615,0.85152,0.85175
2013.03.24 22:05:09.625,0.85149,0.85174
2013.03.24 22:05:10.925,0.85149,0.85172
2013.03.24 22:05:14.435,0.85149,0.85173
2013.03.24 22:05:15.225,0.85151,0.85174
2013.03.24 22:05:17.615,0.85151,0.85174
2013.03.24 22:05:17.745,0.85151,0.85174
2013.03.24 22:05:19.325,0.85151,0.85174
2013.03.24 22:05:19.883,0.85151,0.85174
2013.03.24 22:05:20.076,0.85152,0.85174
2013.03.24 22:05:21.871,0.85152,0.8517
2013.03.24 22:05:22.009,0.85151,0.85171
2013.03.24 22:05:22.396,0.85149,0.85171
2013.03.24 22:05:22.927,0.8515,0.85172
2013.03.24 22:05:23.455,0.8515,0.85172
2013.03.24 22:05:28.516,0.8515,0.85169
2013.03.24 22:05:31.725,0.8515,0.85169
2013.03.24 22:05:32.235,0.8515,0.85169
2013.03.24 22:05:32.306,0.8515,0.85169
2013.03.24 22:05:33.907,0.8515,0.85167
2013.03.24 22:05:34.440,0.8515,0.85167
2013.03.24 22:05:39.786,0.85148,0.85167
2013.03.24 22:05:40.095,0.85148,0.85165
2013.03.24 22:05:43.295,0.85148,0.85166
2013.03.24 22:05:44.055,0.85148,0.85166
2013.03.24 22:05:44.366,0.85148,0.85166
2013.03.24 22:05:44.495,0.85147,0.85164
2013.03.24 22:05:44.685,0.85147,0.85165
2013.03.24 22:05:45.225,0.85147,0.85165
2013.03.24 22:05:47.136,0.85147,0.85163
2013.03.24 22:05:47.763,0.85147,0.85164
2013.03.24 22:05:49.126,0.85147,0.85163
2013.03.24 22:05:54.915,0.85147,0.85163
2013.03.24 22:05:56.614,0.85146,0.85163
2013.03.24 22:06:00.858,0.85146,0.85164
2013.03.24 22:06:01.885,0.85146,0.85164
2013.03.24 22:06:07.345,0.85147,0.85162
2013.03.24 22:06:07.905,0.85147,0.85163
2013.03.24 22:06:08.409,0.85147,0.85163
2013.03.24 22:06:08.609,0.85147,0.85163
2013.03.24 22:06:08.747,0.85147,0.85163
2013.03.24 22:06:09.056,0.85147,0.85162
2013.03.24 22:06:09.585,0.85146,0.85162
2013.03.24 22:06:10.815,0.85146,0.85164
2013.03.24 22:06:10.884,0.85146,0.85164
2013.03.24 22:06:11.445,0.85146,0.85164
2013.03.24 22:06:13.216,0.85146,0.85163
2013.03.24 22:06:13.884,0.85146,0.85164
2013.03.24 22:06:14.525,0.85146,0.85164
2013.03.24 22:06:14.846,0.85146,0.85164
2013.03.24 22:06:39.636,0.85144,0.85164
2013.03.24 22:06:41.130,0.85144,0.85165
2013.03.24 22:06:46.306,0.85145,0.85165
2013.03.24 22:06:46.876,0.85143,0.85164
2013.03.24 22:06:51.646,0.85145,0.85164
2013.03.24 22:06:59.235,0.85145,0.85165
2013.03.24 22:07:01.695,0.85144,0.85164
2013.03.24 22:07:02.237,0.85145,0.85165
2013.03.24 22:07:02.995,0.85145,0.85165
2013.03.24 22:07:06.697,0.85145,0.85165
2013.03.24 22:07:09.356,0.85144,0.85165
2013.03.24 22:07:09.494,0.85144,0.85161
2013.03.24 22:07:09.696,0.85144,0.85161
2013.03.24 22:07:09.908,0.8514,0.85161
2013.03.24 22:07:10.442,0.8514,0.85162
2013.03.24 22:07:11.918,0.85141,0.85162
2013.03.24 22:07:12.436,0.85141,0.85162
2013.03.24 22:07:13.898,0.85141,0.85162
2013.03.24 22:07:17.156,0.85142,0.85164
2013.03.24 22:07:17.346,0.85142,0.85164
2013.03.24 22:07:17.695,0.85142,0.85164
2013.03.24 22:07:17.885,0.85142,0.85164
2013.03.24 22:07:18.397,0.85142,0.85162
2013.03.24 22:07:18.966,0.85142,0.85164
2013.03.24 22:07:19.526,0.85142,0.85164
2013.03.24 22:07:22.637,0.85143,0.85164
2013.03.24 22:07:23.046,0.85145,0.85166
2013.03.24 22:07:24.617,0.85147,0.85168
2013.03.24 22:07:24.688,0.85147,0.85168
2013.03.24 22:07:25.176,0.85151,0.8517
2013.03.24 22:07:30.797,0.85152,0.85174
2013.03.24 22:07:30.866,0.85152,0.85174
2013.03.24 22:07:34.636,0.85152,0.85175
2013.03.24 22:07:38.037,0.85151,0.85175
2013.03.24 22:07:40.905,0.85151,0.85175
2013.03.24 22:07:41.885,0.85151,0.85175
2013.03.24 22:07:42.556,0.85151,0.85175
2013.03.24 22:07:43.065,0.85151,0.85175
2013.03.24 22:07:43.576,0.85151,0.85175
2013.03.24 22:07:43.717,0.85152,0.85175
2013.03.24 22:07:44.266,0.85157,0.85177
2013.03.24 22:07:44.338,0.85157,0.85178
2013.03.24 22:07:44.666,0.85157,0.85178
2013.03.24 22:07:46.595,0.85157,0.85179
2013.03.24 22:07:47.115,0.85157,0.85178
2013.03.24 22:07:48.706,0.85157,0.85178
2013.03.24 22:07:48.956,0.85157,0.85175
2013.03.24 22:07:49.946,0.85157,0.85175
2013.03.24 22:07:51.646,0.85157,0.85175
2013.03.24 22:07:52.355,0.85156,0.85173
2013.03.24 22:07:53.695,0.85156,0.85174
2013.03.24 22:07:57.657,0.85157,0.85175
2013.03.24 22:07:59.806,0.85156,0.85173
2013.03.24 22:08:00.346,0.85156,0.85173
2013.03.24 22:08:01.925,0.85156,0.85173
2013.03.24 22:08:06.459,0.85151,0.85171
2013.03.24 22:08:06.716,0.85151,0.85171
2013.03.24 22:08:06.787,0.85151,0.85171
2013.03.24 22:08:06.987,0.85151,0.85172
2013.03.24 22:08:07.118,0.85151,0.8517
2013.03.24 22:08:07.681,0.85151,0.85172
2013.03.24 22:08:07.877,0.85151,0.85172
2013.03.24 22:08:12.107,0.85154,0.85174
2013.03.24 22:08:13.167,0.85154,0.85173
2013.03.24 22:08:19.300,0.85155,0.85175
2013.03.24 22:08:19.429,0.85151,0.85173
2013.03.24 22:08:21.198,0.85153,0.85173
2013.03.24 22:08:21.896,0.85158,0.85175
2013.03.24 22:08:22.332,0.85158,0.85176
2013.03.24 22:08:24.860,0.85159,0.85176
2013.03.24 22:08:26.946,0.8516,0.85176
2013.03.24 22:08:27.275,0.8516,0.85176
2013.03.24 22:08:28.775,0.85162,0.8518
2013.03.24 22:08:29.358,0.85162,0.8518
2013.03.24 22:08:30.040,0.8517,0.85189
2013.03.24 22:08:30.598,0.85171,0.85189
2013.03.24 22:08:31.496,0.8517,0.85189
2013.03.24 22:08:42.885,0.8517,0.85189
2013.03.24 22:08:49.235,0.8517,0.85189
2013.03.24 22:09:05.167,0.8517,0.85191
2013.03.24 22:09:05.236,0.85171,0.85191
2013.03.24 22:09:05.826,0.85172,0.85191
2013.03.24 22:09:05.956,0.85172,0.85191
2013.03.24 22:09:07.606,0.85173,0.85191
2013.03.24 22:09:08.436,0.85173,0.85191
2013.03.24 22:09:08.636,0.85177,0.85199
2013.03.24 22:09:09.182,0.85179,0.85199
2013.03.24 22:09:10.666,0.85179,0.85199
2013.03.24 22:09:10.737,0.85179,0.85199
2013.03.24 22:09:11.067,0.85174,0.85195
2013.03.24 22:09:11.277,0.85174,0.85195
2013.03.24 22:09:11.837,0.85172,0.85194
2013.03.24 22:09:15.359,0.85172,0.85191
2013.03.24 22:09:16.336,0.85172,0.8519
2013.03.24 22:09:17.896,0.85169,0.8519
2013.03.24 22:09:18.026,0.85167,0.8519
2013.03.24 22:09:18.096,0.85167,0.8519
2013.03.24 22:09:20.497,0.85166,0.85185
2013.03.24 22:09:20.687,0.85163,0.85182
2013.03.24 22:09:20.757,0.85161,0.85176
2013.03.24 22:09:20.827,0.85156,0.85172
2013.03.24 22:09:20.956,0.85152,0.8517
2013.03.24 22:09:21.146,0.85152,0.85167
2013.03.24 22:09:21.467,0.85152,0.85167
2013.03.24 22:09:21.657,0.85152,0.85166
2013.03.24 22:09:32.529,0.85152,0.85168
2013.03.24 22:09:36.056,0.85152,0.85169
2013.03.24 22:09:36.377,0.85152,0.85173
2013.03.24 22:09:36.886,0.85157,0.85174
2013.03.24 22:09:37.539,0.85158,0.85176
2013.03.24 22:09:37.607,0.85158,0.85174
2013.03.24 22:09:37.736,0.85158,0.85174
2013.03.24 22:09:37.949,0.85154,0.85171
2013.03.24 22:09:38.336,0.85152,0.85171
2013.03.24 22:09:38.899,0.85154,0.8517
2013.03.24 22:09:39.337,0.85154,0.8517
2013.03.24 22:09:50.988,0.85156,0.85172
2013.03.24 22:09:51.117,0.85155,0.85172
2013.03.24 22:09:51.459,0.85152,0.85176
2013.03.24 22:09:51.896,0.85151,0.85168
2013.03.24 22:09:52.397,0.85151,0.85167
2013.03.24 22:09:53.265,0.85151,0.85167
2013.03.24 22:09:54.197,0.85151,0.85167
2013.03.24 22:09:54.957,0.85151,0.85167
2013.03.24 22:09:55.217,0.85151,0.85169
2013.03.24 22:09:55.355,0.85155,0.85169
2013.03.24 22:09:59.289,0.85154,0.85172
2013.03.24 22:09:59.431,0.85156,0.85176
2013.03.24 22:09:59.737,0.85155,0.85178
2013.03.24 22:10:00.239,0.85157,0.85174
2013.03.24 22:10:01.287,0.85155,0.85174
2013.03.24 22:10:02.728,0.85155,0.85177
2013.03.24 22:10:03.277,0.85155,0.85177
2013.03.24 22:10:03.827,0.85154,0.85176
2013.03.24 22:10:03.957,0.85151,0.85175
2013.03.24 22:10:04.278,0.85148,0.85172
2013.03.24 22:10:04.994,0.85148,0.85171
2013.03.24 22:10:06.026,0.85147,0.85171
2013.03.24 22:10:09.336,0.85146,0.85171
2013.03.24 22:10:09.857,0.85146,0.85171
2013.03.24 22:10:10.676,0.85147,0.8517
2013.03.24 22:10:11.415,0.85147,0.8517
2013.03.24 22:10:14.525,0.85147,0.8517
2013.03.24 22:10:14.646,0.85147,0.8517
2013.03.24 22:10:20.695,0.85146,0.8517
2013.03.24 22:10:22.766,0.85147,0.8517
2013.03.24 22:10:28.595,0.85147,0.8517
2013.03.24 22:10:29.267,0.85147,0.8517
2013.03.24 22:10:30.465,0.85147,0.8517
2013.03.24 22:10:38.947,0.85146,0.85169
2013.03.24 22:10:39.265,0.85149,0.85173
2013.03.24 22:10:39.766,0.8515,0.85173
2013.03.24 22:10:40.297,0.85151,0.85173
2013.03.24 22:10:42.401,0.85151,0.85174
2013.03.24 22:10:43.096,0.85151,0.85174
2013.03.24 22:10:45.007,0.85151,0.85174
2013.03.24 22:10:46.296,0.8515,0.85171
2013.03.24 22:10:46.427,0.8515,0.85171
2013.03.24 22:10:47.048,0.85149,0.85171
2013.03.24 22:10:47.891,0.85147,0.85164
2013.03.24 22:10:51.334,0.85147,0.85164
2013.03.24 22:11:01.585,0.85147,0.8517
2013.03.24 22:11:02.135,0.85143,0.85168
2013.03.24 22:11:02.639,0.85143,0.85168
2013.03.24 22:11:03.157,0.85147,0.8517
2013.03.24 22:11:03.706,0.85147,0.8517
2013.03.24 22:11:04.276,0.85147,0.8517
2013.03.24 22:11:05.988,0.85145,0.85169
2013.03.24 22:11:06.887,0.85144,0.85169
2013.03.24 22:11:07.026,0.85144,0.85169
2013.03.24 22:11:08.436,0.85144,0.85166
2013.03.24 22:11:08.757,0.85146,0.85166
2013.03.24 22:11:18.770,0.85146,0.85169
2013.03.24 22:11:19.278,0.85146,0.85169
2013.03.24 22:11:19.347,0.85146,0.85169
2013.03.24 22:11:19.658,0.85146,0.85169
2013.03.24 22:11:20.484,0.85146,0.85169
2013.03.24 22:11:21.277,0.85146,0.85167
2013.03.24 22:11:22.076,0.85146,0.85167
2013.03.24 22:11:22.635,0.85146,0.85167
2013.03.24 22:11:22.827,0.85146,0.85167
2013.03.24 22:11:24.137,0.85149,0.85167
2013.03.24 22:11:24.567,0.85149,0.8517
2013.03.24 22:11:26.447,0.85147,0.85169
2013.03.24 22:11:26.576,0.85149,0.85169
2013.03.24 22:11:27.106,0.85149,0.85169
2013.03.24 22:11:27.566,0.85148,0.8517
2013.03.24 22:11:27.701,0.85148,0.8517
2013.03.24 22:11:29.556,0.85148,0.8517
2013.03.24 22:11:29.686,0.85148,0.8517
2013.03.24 22:11:30.207,0.85148,0.8517
2013.03.24 22:11:30.716,0.85148,0.8517
2013.03.24 22:11:31.331,0.85149,0.8517
2013.03.24 22:11:31.521,0.85146,0.85167
2013.03.24 22:11:32.434,0.85143,0.85165
2013.03.24 22:11:36.332,0.85142,0.85165
2013.03.24 22:11:36.689,0.85146,0.8517
2013.03.24 22:11:37.087,0.85146,0.8517
2013.03.24 22:11:37.990,0.85144,0.85167
2013.03.24 22:11:38.060,0.85145,0.85167
2013.03.24 22:11:40.386,0.85145,0.85168
2013.03.24 22:11:42.036,0.85147,0.85168
2013.03.24 22:11:43.182,0.85147,0.8517
2013.03.24 22:11:43.575,0.85147,0.8517
2013.03.24 22:11:43.707,0.85147,0.85169
2013.03.24 22:11:46.868,0.85147,0.8517
2013.03.24 22:11:46.997,0.85147,0.8517
2013.03.24 22:11:47.540,0.85147,0.8517
2013.03.24 22:11:48.576,0.85147,0.8517
2013.03.24 22:11:51.699,0.8515,0.85172
2013.03.24 22:11:52.017,0.8515,0.85172
2013.03.24 22:12:06.555,0.85151,0.85174
2013.03.24 22:12:07.188,0.85152,0.85174
2013.03.24 22:12:08.490,0.8515,0.85173
2013.03.24 22:12:10.957,0.85148,0.85172
2013.03.24 22:12:11.458,0.85149,0.85169
2013.03.24 22:12:13.418,0.8515,0.85169
2013.03.24 22:12:13.606,0.85153,0.85174
2013.03.24 22:12:13.807,0.85153,0.85174
2013.03.24 22:12:14.327,0.85154,0.85174
2013.03.24 22:12:15.458,0.85156,0.85177
2013.03.24 22:12:15.876,0.85156,0.85177
2013.03.24 22:12:18.787,0.85156,0.85177
2013.03.24 22:12:19.226,0.85158,0.85177
2013.03.24 22:12:21.056,0.85156,0.85178
2013.03.24 22:12:21.902,0.8516,0.85179
2013.03.24 22:12:21.972,0.85162,0.85181
2013.03.24 22:12:22.107,0.85162,0.85184
2013.03.24 22:12:22.416,0.85162,0.85184
2013.03.24 22:12:22.951,0.85162,0.85184
2013.03.24 22:12:23.467,0.85163,0.85184
2013.03.24 22:12:24.220,0.85163,0.85185
2013.03.24 22:12:25.907,0.85163,0.85185
2013.03.24 22:12:26.256,0.85163,0.85185
2013.03.24 22:12:26.898,0.85163,0.85185
2013.03.24 22:12:27.026,0.85163,0.85185
2013.03.24 22:12:27.336,0.85163,0.85184
2013.03.24 22:12:27.896,0.85163,0.85184
2013.03.24 22:12:29.746,0.85163,0.85183
2013.03.24 22:12:29.889,0.8516,0.85183
2013.03.24 22:12:30.215,0.85159,0.85182
2013.03.24 22:12:31.287,0.8516,0.85178
2013.03.24 22:12:31.536,0.8516,0.85182
2013.03.24 22:12:32.078,0.85158,0.85182
2013.03.24 22:12:32.758,0.85157,0.85179
2013.03.24 22:12:34.637,0.85158,0.85179
2013.03.24 22:12:34.766,0.85159,0.85179
2013.03.24 22:12:35.227,0.85159,0.85179
2013.03.24 22:12:35.427,0.85157,0.85179
2013.03.24 22:12:35.557,0.85157,0.85178
2013.03.24 22:12:36.215,0.85155,0.85178
2013.03.24 22:12:36.726,0.85155,0.85178
2013.03.24 22:12:36.918,0.85155,0.85178
2013.03.24 22:12:41.234,0.85155,0.85178
2013.03.24 22:12:41.558,0.85155,0.85178
2013.03.24 22:12:41.686,0.85155,0.85178
2013.03.24 22:12:41.886,0.85155,0.85178
2013.03.24 22:12:42.076,0.85152,0.85171
2013.03.24 22:12:42.889,0.85148,0.85171
2013.03.24 22:12:42.968,0.85147,0.8517
2013.03.24 22:12:43.437,0.85145,0.85168
2013.03.24 22:12:43.896,0.85142,0.85166
2013.03.24 22:12:44.447,0.8514,0.85162
2013.03.24 22:12:45.197,0.85142,0.85162
2013.03.24 22:12:45.756,0.85142,0.85162
2013.03.24 22:12:46.727,0.85142,0.85159
2013.03.24 22:12:47.240,0.85142,0.85157
2013.03.24 22:12:48.216,0.85141,0.85156
2013.03.24 22:12:48.617,0.85139,0.85155
2013.03.24 22:12:49.132,0.85137,0.85155
2013.03.24 22:12:49.405,0.85138,0.85162
2013.03.24 22:12:49.928,0.85138,0.85162
2013.03.24 22:12:52.368,0.85137,0.85159
2013.03.24 22:12:54.616,0.85138,0.85158
2013.03.24 22:12:56.017,0.85134,0.85158
2013.03.24 22:12:57.436,0.85135,0.85158
2013.03.24 22:12:57.947,0.85135,0.85157
2013.03.24 22:12:58.166,0.85135,0.85157
2013.03.24 22:12:58.936,0.85135,0.85154
2013.03.24 22:13:03.828,0.85135,0.85158
2013.03.24 22:13:10.725,0.85135,0.85158
2013.03.24 22:13:18.337,0.85137,0.85159
2013.03.24 22:13:19.216,0.85137,0.85159
2013.03.24 22:13:21.966,0.85139,0.8516
2013.03.24 22:13:25.713,0.85144,0.85164
2013.03.24 22:13:25.927,0.85144,0.85164
2013.03.24 22:13:26.072,0.85144,0.85164
2013.03.24 22:13:26.207,0.85145,0.85167
2013.03.24 22:13:26.908,0.85145,0.85169
2013.03.24 22:13:27.666,0.85145,0.85168
2013.03.24 22:13:27.816,0.85145,0.85167
2013.03.24 22:13:27.887,0.85145,0.85163
2013.03.24 22:13:28.017,0.85145,0.85162
2013.03.24 22:13:28.149,0.85145,0.85162
2013.03.24 22:13:28.458,0.85144,0.85166
2013.03.24 22:13:28.827,0.85144,0.85167
2013.03.24 22:13:31.096,0.85145,0.85167
2013.03.24 22:13:31.645,0.85145,0.85169
2013.03.24 22:13:32.126,0.85145,0.85169
2013.03.24 22:13:32.197,0.85145,0.85169
2013.03.24 22:13:34.936,0.85146,0.85169
2013.03.24 22:13:35.065,0.85147,0.8517
2013.03.24 22:13:36.395,0.85149,0.8517
2013.03.24 22:13:36.527,0.8515,0.85175
2013.03.24 22:13:36.716,0.85154,0.85177
2013.03.24 22:13:37.387,0.85153,0.85176
2013.03.24 22:13:39.257,0.85153,0.85176
2013.03.24 22:13:40.009,0.85152,0.85173
2013.03.24 22:13:41.910,0.8515,0.85173
2013.03.24 22:13:42.217,0.85149,0.85171
2013.03.24 22:13:42.346,0.8515,0.85172
2013.03.24 22:13:42.476,0.8515,0.85172
2013.03.24 22:13:43.037,0.85149,0.85172
2013.03.24 22:13:43.538,0.85149,0.85172
2013.03.24 22:13:46.869,0.85149,0.85172
2013.03.24 22:13:49.011,0.85149,0.85172
2013.03.24 22:13:49.148,0.8515,0.85172
2013.03.24 22:13:49.837,0.85149,0.85172
2013.03.24 22:13:50.667,0.8515,0.85168
2013.03.24 22:13:50.916,0.85149,0.85168
2013.03.24 22:13:51.047,0.85149,0.85166
2013.03.24 22:13:51.117,0.85148,0.85163
2013.03.24 22:13:51.247,0.85145,0.85163
2013.03.24 22:13:51.796,0.85145,0.85166
2013.03.24 22:13:51.928,0.85146,0.85162
2013.03.24 22:13:52.057,0.85144,0.8516
2013.03.24 22:13:52.247,0.85144,0.8516
2013.03.24 22:13:52.449,0.85141,0.85157
2013.03.24 22:13:52.887,0.85139,0.8516
2013.03.24 22:13:53.446,0.85139,0.85163
2013.03.24 22:13:53.996,0.85141,0.85164
2013.03.24 22:13:56.436,0.85142,0.85165
2013.03.24 22:13:57.184,0.85142,0.85165
2013.03.24 22:13:58.857,0.85142,0.85165
2013.03.24 22:14:00.887,0.85142,0.85165
2013.03.24 22:14:01.507,0.85142,0.85166
2013.03.24 22:14:02.786,0.85143,0.85166
2013.03.24 22:14:08.246,0.85145,0.85167
2013.03.24 22:14:08.316,0.85145,0.85169
2013.03.24 22:14:08.886,0.85144,0.85168
2013.03.24 22:14:09.446,0.85145,0.85167
2013.03.24 22:14:17.425,0.85146,0.85167
2013.03.24 22:14:19.087,0.85145,0.85166
2013.03.24 22:14:19.638,0.85144,0.85165
2013.03.24 22:14:20.196,0.85144,0.85165
2013.03.24 22:14:25.876,0.85145,0.85165
2013.03.24 22:14:26.436,0.85145,0.85162
2013.03.24 22:14:28.988,0.85145,0.85161
2013.03.24 22:14:31.817,0.85144,0.85161
2013.03.24 22:14:31.887,0.85144,0.85161
2013.03.24 22:14:32.408,0.85144,0.85163
2013.03.24 22:14:40.877,0.85144,0.85163
2013.03.24 22:14:44.376,0.85144,0.85165
2013.03.24 22:14:44.690,0.85144,0.85165
2013.03.24 22:14:52.347,0.85144,0.85161
2013.03.24 22:14:54.738,0.85145,0.85166
2013.03.24 22:14:55.438,0.85149,0.85168
2013.03.24 22:15:00.347,0.85149,0.85168
2013.03.24 22:15:04.826,0.85144,0.85167
2013.03.24 22:15:05.404,0.85144,0.85166
2013.03.24 22:15:30.283,0.85144,0.85166
2013.03.24 22:15:32.530,0.85144,0.85167
2013.03.24 22:15:37.457,0.85143,0.85167
2013.03.24 22:15:41.047,0.85144,0.85167
2013.03.24 22:15:51.108,0.85149,0.8517
2013.03.24 22:15:51.826,0.85151,0.8517
2013.03.24 22:15:52.889,0.85148,0.85168
2013.03.24 22:15:55.138,0.85148,0.85166
2013.03.24 22:15:55.209,0.85148,0.85166
2013.03.24 22:15:55.421,0.85145,0.85164
2013.03.24 22:15:56.177,0.85146,0.85164
2013.03.24 22:15:56.938,0.85146,0.85165
2013.03.24 22:15:57.617,0.85146,0.85167
2013.03.24 22:15:58.117,0.85146,0.85168
2013.03.24 22:16:01.049,0.85151,0.85169
2013.03.24 22:16:01.759,0.8515,0.85172
2013.03.24 22:16:01.947,0.8515,0.85172
2013.03.24 22:16:02.677,0.8515,0.85171
2013.03.24 22:16:02.998,0.85151,0.85172
2013.03.24 22:16:03.246,0.8515,0.85172
2013.03.24 22:16:06.792,0.8515,0.85175
2013.03.24 22:16:09.246,0.8515,0.85175
2013.03.24 22:16:10.486,0.85151,0.85176
2013.03.24 22:16:11.677,0.8515,0.85172
2013.03.24 22:16:12.196,0.8515,0.8517
2013.03.24 22:16:15.053,0.8515,0.85169
2013.03.24 22:16:15.986,0.85151,0.85168
2013.03.24 22:16:16.516,0.85151,0.85169
2013.03.24 22:16:17.196,0.85151,0.85169
2013.03.24 22:16:17.327,0.85149,0.85165
2013.03.24 22:16:17.467,0.85149,0.85165
2013.03.24 22:16:18.017,0.85145,0.85164
2013.03.24 22:16:20.147,0.85145,0.85166
2013.03.24 22:16:20.706,0.85147,0.85165
2013.03.24 22:16:20.957,0.85151,0.85165
2013.03.24 22:16:21.266,0.85156,0.85169
2013.03.24 22:16:22.344,0.85155,0.85169
2013.03.24 22:16:22.980,0.85156,0.85169
2013.03.24 22:16:23.597,0.85156,0.85168
2013.03.24 22:16:23.797,0.85156,0.85168
2013.03.24 22:16:24.344,0.85153,0.85168
2013.03.24 22:16:24.466,0.85155,0.85168
2013.03.24 22:16:24.985,0.85155,0.85168
2013.03.24 22:16:25.786,0.85155,0.85167
2013.03.24 22:16:26.587,0.85155,0.85167
2013.03.24 22:16:27.246,0.85155,0.85167
2013.03.24 22:16:27.747,0.85155,0.85167
2013.03.24 22:16:27.956,0.85155,0.85167
2013.03.24 22:16:28.676,0.85155,0.85167
2013.03.24 22:16:29.215,0.85155,0.85167
2013.03.24 22:16:29.496,0.85155,0.85167
2013.03.24 22:16:30.055,0.85155,0.85167
2013.03.24 22:16:30.601,0.85155,0.85168
2013.03.24 22:16:31.108,0.85155,0.85168
2013.03.24 22:16:31.657,0.85155,0.85168
2013.03.24 22:16:31.906,0.85155,0.85168
2013.03.24 22:16:32.457,0.85155,0.85168
2013.03.24 22:16:33.436,0.85155,0.85172
2013.03.24 22:16:33.944,0.85157,0.85173
2013.03.24 22:16:34.568,0.85157,0.85173
2013.03.24 22:16:35.130,0.85157,0.85173
2013.03.24 22:16:35.877,0.85157,0.85173
2013.03.24 22:16:36.437,0.85156,0.85172
2013.03.24 22:16:36.946,0.85155,0.85169
2013.03.24 22:16:37.448,0.85155,0.85169
2013.03.24 22:16:38.006,0.85155,0.85169
2013.03.24 22:16:38.508,0.85155,0.85169
2013.03.24 22:16:39.067,0.85155,0.85175
2013.03.24 22:16:39.496,0.85155,0.85169
2013.03.24 22:16:39.687,0.85155,0.85171
2013.03.24 22:16:40.191,0.85155,0.85171
2013.03.24 22:16:40.436,0.85156,0.85173
2013.03.24 22:16:40.635,0.85156,0.85172
2013.03.24 22:16:42.686,0.85155,0.85171
2013.03.24 22:16:43.656,0.85155,0.85171
2013.03.24 22:16:44.198,0.85155,0.8517
2013.03.24 22:16:44.826,0.85155,0.8517
2013.03.24 22:16:45.199,0.85156,0.85168
2013.03.24 22:16:45.517,0.85156,0.85168
2013.03.24 22:16:46.005,0.85153,0.85167
2013.03.24 22:16:46.127,0.85156,0.85168
2013.03.24 22:16:46.758,0.85155,0.85167
2013.03.24 22:16:46.830,0.85156,0.85171
2013.03.24 22:16:46.957,0.85155,0.85171
2013.03.24 22:16:47.206,0.85155,0.85169
2013.03.24 22:16:47.517,0.85155,0.8517
2013.03.24 22:16:47.646,0.85155,0.8517
2013.03.24 22:16:48.205,0.85154,0.8517
2013.03.24 22:16:48.265,0.85155,0.8517
2013.03.24 22:16:49.716,0.85155,0.85171
2013.03.24 22:16:50.507,0.85155,0.85171
2013.03.24 22:16:51.015,0.85155,0.85171
2013.03.24 22:16:51.557,0.85155,0.85171
2013.03.24 22:16:51.877,0.85155,0.85168
2013.03.24 22:16:52.351,0.85155,0.85168
2013.03.24 22:16:52.867,0.85155,0.85168
2013.03.24 22:16:53.367,0.85155,0.85168
2013.03.24 22:16:54.195,0.85155,0.85168
2013.03.24 22:16:54.763,0.85155,0.85168
2013.03.24 22:16:56.203,0.85155,0.85168
2013.03.24 22:16:56.726,0.85155,0.85168
2013.03.24 22:16:56.906,0.85154,0.85168
2013.03.24 22:16:57.467,0.85155,0.85169
2013.03.24 22:16:58.016,0.85155,0.85169
2013.03.24 22:16:58.537,0.85155,0.85169
2013.03.24 22:16:59.257,0.85155,0.85169
2013.03.24 22:17:00.247,0.85155,0.85169
2013.03.24 22:17:00.751,0.85155,0.85169
2013.03.24 22:17:01.388,0.85155,0.85169
2013.03.24 22:17:02.065,0.85155,0.85169
2013.03.24 22:17:02.616,0.85155,0.85169
2013.03.24 22:17:03.616,0.85155,0.85169
2013.03.24 22:17:04.176,0.85155,0.85169
2013.03.24 22:17:04.846,0.85155,0.85169
2013.03.24 22:17:05.347,0.85155,0.85169
2013.03.24 22:17:06.026,0.85155,0.85169
2013.03.24 22:17:06.527,0.85155,0.85169
2013.03.24 22:17:06.845,0.85155,0.85169
2013.03.24 22:17:06.966,0.85155,0.85169
2013.03.24 22:17:07.656,0.85155,0.85169
2013.03.24 22:17:08.206,0.85155,0.85169
2013.03.24 22:17:08.857,0.85155,0.85169
2013.03.24 22:17:09.431,0.85155,0.85169
2013.03.24 22:17:09.966,0.85155,0.85169
2013.03.24 22:17:10.488,0.85155,0.85169
2013.03.24 22:17:11.391,0.85155,0.85167
2013.03.24 22:17:11.908,0.85156,0.85166
2013.03.24 22:17:12.158,0.85156,0.85166
2013.03.24 22:17:12.827,0.85156,0.85166
2013.03.24 22:17:13.347,0.85156,0.85166
2013.03.24 22:17:13.849,0.85156,0.85166
2013.03.24 22:17:14.420,0.85156,0.85166
2013.03.24 22:17:14.953,0.85156,0.85166
2013.03.24 22:17:15.508,0.85156,0.85166
2013.03.24 22:17:16.018,0.85156,0.85166
2013.03.24 22:17:16.757,0.85156,0.85166
2013.03.24 22:17:17.279,0.85156,0.85166
2013.03.24 22:17:17.807,0.85156,0.85166
2013.03.24 22:17:18.009,0.85156,0.85166
2013.03.24 22:17:18.139,0.85156,0.85166
2013.03.24 22:17:18.667,0.85156,0.85166
2013.03.24 22:17:19.000,0.85156,0.85166
2013.03.24 22:17:19.547,0.85156,0.85166
2013.03.24 22:17:20.068,0.85156,0.85166
2013.03.24 22:17:20.601,0.85156,0.85166
2013.03.24 22:17:20.941,0.85156,0.85166
2013.03.24 22:17:21.737,0.85156,0.85166
2013.03.24 22:17:22.261,0.85156,0.85166
2013.03.24 22:17:22.958,0.85156,0.85166
2013.03.24 22:17:23.878,0.85156,0.85166
2013.03.24 22:17:24.507,0.85156,0.85166
2013.03.24 22:17:24.828,0.85156,0.85166
2013.03.24 22:17:25.488,0.85156,0.85166
2013.03.24 22:17:26.117,0.85156,0.85166
2013.03.24 22:17:26.577,0.85158,0.85166
2013.03.24 22:17:26.958,0.85157,0.85166
2013.03.24 22:17:27.470,0.85157,0.85176
2013.03.24 22:17:27.717,0.85162,0.85176
2013.03.24 22:17:28.029,0.85162,0.85184
2013.03.24 22:17:28.338,0.85162,0.85185
2013.03.24 22:17:28.786,0.85162,0.85186
2013.03.24 22:17:28.977,0.85161,0.85186
2013.03.24 22:17:29.536,0.85161,0.85184
2013.03.24 22:17:30.087,0.85163,0.85185
2013.03.24 22:17:30.597,0.85162,0.85185
2013.03.24 22:17:30.851,0.85162,0.85185
2013.03.24 22:17:31.517,0.85163,0.85184
2013.03.24 22:17:32.069,0.85164,0.85184
2013.03.24 22:17:32.137,0.85164,0.85184
2013.03.24 22:17:32.628,0.85165,0.85186
2013.03.24 22:17:32.757,0.85165,0.85185
2013.03.24 22:17:33.318,0.85164,0.85186
2013.03.24 22:17:33.627,0.85164,0.85185
2013.03.24 22:17:33.757,0.85164,0.85186
2013.03.24 22:17:34.308,0.85163,0.85184
2013.03.24 22:17:34.498,0.85163,0.85184
2013.03.24 22:17:35.036,0.85163,0.85184
2013.03.24 22:17:35.596,0.85163,0.85184
2013.03.24 22:17:36.538,0.85163,0.85185
2013.03.24 22:17:37.070,0.85164,0.85184
2013.03.24 22:17:38.807,0.85166,0.85184
2013.03.24 22:17:39.137,0.85166,0.85184
2013.03.24 22:17:40.157,0.85164,0.85185
2013.03.24 22:17:40.227,0.85164,0.85185
2013.03.24 22:17:40.907,0.85164,0.85186
2013.03.24 22:17:41.468,0.85164,0.85186
2013.03.24 22:17:41.989,0.85164,0.85186
2013.03.24 22:17:42.527,0.85164,0.85186
2013.03.24 22:17:44.098,0.85164,0.85186
2013.03.24 22:17:45.216,0.85164,0.85186
2013.03.24 22:17:51.846,0.85164,0.85186
2013.03.24 22:17:54.106,0.85164,0.85186
2013.03.24 22:17:54.627,0.85165,0.85186
2013.03.24 22:17:55.187,0.85164,0.85186
2013.03.24 22:17:55.696,0.85164,0.85186
2013.03.24 22:17:56.207,0.85166,0.85186
2013.03.24 22:17:58.586,0.85165,0.85186
2013.03.24 22:17:59.017,0.85163,0.85183
2013.03.24 22:17:59.687,0.85163,0.85183
2013.03.24 22:18:00.747,0.85164,0.85183
2013.03.24 22:18:04.656,0.85166,0.85181
2013.03.24 22:18:05.636,0.85165,0.85181
2013.03.24 22:18:05.947,0.85165,0.85181
2013.03.24 22:18:06.960,0.85164,0.85178
2013.03.24 22:18:07.468,0.85164,0.85178
2013.03.24 22:18:09.507,0.85164,0.85178
2013.03.24 22:18:10.036,0.85164,0.8518
2013.03.24 22:18:14.448,0.85164,0.8518
2013.03.24 22:18:16.350,0.85164,0.85179
2013.03.24 22:18:16.906,0.85162,0.85178
2013.03.24 22:18:18.578,0.85162,0.85178
2013.03.24 22:18:21.187,0.85163,0.85178
2013.03.24 22:18:22.480,0.85163,0.85178
2013.03.24 22:18:22.557,0.85162,0.85176
2013.03.24 22:18:25.618,0.85162,0.85179
2013.03.24 22:18:28.037,0.85162,0.85179
2013.03.24 22:18:28.661,0.85163,0.85184
2013.03.24 22:18:28.727,0.85164,0.85184
2013.03.24 22:18:29.647,0.85164,0.85183
2013.03.24 22:18:33.210,0.85166,0.85183
2013.03.24 22:18:35.876,0.85166,0.85183
2013.03.24 22:18:37.537,0.85166,0.85183
2013.03.24 22:18:38.327,0.85166,0.85183
2013.03.24 22:18:54.039,0.85166,0.85183
2013.03.24 22:18:54.109,0.85164,0.85183
2013.03.24 22:18:54.369,0.85164,0.85176
2013.03.24 22:18:59.665,0.85167,0.85183
2013.03.24 22:18:59.797,0.85167,0.85183
2013.03.24 22:19:00.121,0.85167,0.85183
2013.03.24 22:19:00.257,0.85164,0.85183
2013.03.24 22:19:00.817,0.85164,0.85183
2013.03.24 22:19:01.407,0.85164,0.85184
2013.03.24 22:19:01.609,0.85163,0.85181
2013.03.24 22:19:02.127,0.85163,0.85183
2013.03.24 22:19:02.709,0.85163,0.85183
2013.03.24 22:19:03.236,0.85165,0.85184
2013.03.24 22:19:03.308,0.85165,0.85184
2013.03.24 22:19:03.502,0.85163,0.85184
2013.03.24 22:19:03.688,0.85168,0.85185
2013.03.24 22:19:04.017,0.8517,0.85189
2013.03.24 22:19:04.576,0.85171,0.8519
2013.03.24 22:19:05.088,0.85172,0.85183
2013.03.24 22:19:06.040,0.85172,0.85191
2013.03.24 22:19:06.616,0.85172,0.85191
2013.03.24 22:19:07.166,0.85174,0.85192
2013.03.24 22:19:07.729,0.85174,0.85193
2013.03.24 22:19:08.308,0.85174,0.85193
2013.03.24 22:19:09.729,0.85174,0.85193
2013.03.24 22:19:10.058,0.85174,0.85193
2013.03.24 22:19:10.807,0.85174,0.85193
2013.03.24 22:19:12.040,0.85174,0.85193
2013.03.24 22:19:12.686,0.85172,0.8519
2013.03.24 22:19:14.308,0.85174,0.85191
2013.03.24 22:19:18.827,0.85172,0.85192
2013.03.24 22:19:19.148,0.85172,0.85192
2013.03.24 22:19:20.465,0.85173,0.85191
2013.03.24 22:19:20.967,0.85174,0.85192
2013.03.24 22:19:21.517,0.85173,0.85192
2013.03.24 22:19:22.378,0.85174,0.85192
2013.03.24 22:19:22.937,0.85173,0.85192
2013.03.24 22:19:23.438,0.85174,0.85192
2013.03.24 22:19:23.973,0.85174,0.85192
2013.03.24 22:19:24.896,0.85174,0.85192
2013.03.24 22:19:25.907,0.85174,0.85192
2013.03.24 22:19:27.797,0.85174,0.85192
2013.03.24 22:19:27.988,0.85174,0.85192
2013.03.24 22:19:28.060,0.85176,0.85193
2013.03.24 22:19:28.248,0.85174,0.85193
2013.03.24 22:19:28.778,0.85174,0.85193
2013.03.24 22:19:29.337,0.85174,0.85193
2013.03.24 22:19:30.837,0.85173,0.85193
2013.03.24 22:19:31.350,0.85173,0.85191
2013.03.24 22:19:31.418,0.85171,0.8519
2013.03.24 22:19:32.076,0.85171,0.85183
2013.03.24 22:19:32.153,0.85174,0.8519
2013.03.24 22:19:32.428,0.85172,0.85192
2013.03.24 22:19:34.937,0.85172,0.8519
2013.03.24 22:19:40.847,0.85172,0.8519
2013.03.24 22:19:41.387,0.85171,0.8519
2013.03.24 22:19:41.948,0.85171,0.8519
2013.03.24 22:19:42.471,0.85171,0.8519
2013.03.24 22:19:42.977,0.85172,0.85191
2013.03.24 22:19:44.997,0.85171,0.85192
2013.03.24 22:19:45.757,0.85172,0.85192
2013.03.24 22:19:46.296,0.85171,0.85191
2013.03.24 22:19:46.893,0.85171,0.85191
2013.03.24 22:19:47.667,0.85171,0.85191
2013.03.24 22:19:47.909,0.85174,0.85191
2013.03.24 22:19:48.248,0.85178,0.85194
2013.03.24 22:19:48.556,0.8518,0.85194
2013.03.24 22:19:48.689,0.85181,0.85194
2013.03.24 22:19:50.656,0.85181,0.85196
2013.03.24 22:19:54.727,0.85181,0.85196
2013.03.24 22:19:56.477,0.85181,0.85194
2013.03.24 22:19:56.909,0.85181,0.85194
2013.03.24 22:19:57.157,0.85182,0.85194
2013.03.24 22:19:57.597,0.85181,0.85194
2013.03.24 22:19:58.888,0.85181,0.85194
2013.03.24 22:20:00.328,0.85181,0.85194
2013.03.24 22:20:02.068,0.85181,0.85194
2013.03.24 22:20:02.637,0.85181,0.85194
2013.03.24 22:20:03.177,0.85181,0.85194
2013.03.24 22:20:07.930,0.85178,0.85192
2013.03.24 22:20:08.058,0.85174,0.85191
2013.03.24 22:20:08.190,0.85171,0.85187
2013.03.24 22:20:08.259,0.85164,0.85187
2013.03.24 22:20:08.396,0.85163,0.85183
2013.03.24 22:20:08.907,0.85164,0.85181
2013.03.24 22:20:09.457,0.8516,0.85181
2013.03.24 22:20:12.257,0.8516,0.85181
2013.03.24 22:20:14.867,0.8516,0.85181
2013.03.24 22:20:23.487,0.8516,0.85178
2013.03.24 22:20:23.879,0.85167,0.85179
2013.03.24 22:20:23.949,0.85168,0.85183
2013.03.24 22:20:24.092,0.85172,0.85183
2013.03.24 22:20:24.647,0.85172,0.85191
2013.03.24 22:20:29.036,0.85174,0.85192
2013.03.24 22:20:30.046,0.85173,0.85192
2013.03.24 22:20:32.187,0.85171,0.85191
2013.03.24 22:20:32.736,0.85171,0.85184
2013.03.24 22:20:32.867,0.85168,0.85184
2013.03.24 22:20:33.954,0.85166,0.85182
2013.03.24 22:20:34.609,0.85167,0.85183
2013.03.24 22:20:34.977,0.85167,0.85184
2013.03.24 22:20:36.258,0.85167,0.85184
2013.03.24 22:20:36.806,0.85167,0.85184
2013.03.24 22:20:37.326,0.85166,0.85182
2013.03.24 22:20:39.948,0.85167,0.85183
2013.03.24 22:20:47.617,0.85167,0.85183
2013.03.24 22:20:48.198,0.85167,0.85182
2013.03.24 22:20:51.277,0.85167,0.85182
2013.03.24 22:20:51.838,0.85167,0.85183
2013.03.24 22:20:52.347,0.85167,0.85182
2013.03.24 22:20:53.418,0.85167,0.85183
2013.03.24 22:20:53.948,0.85167,0.85182
2013.03.24 22:21:02.637,0.85167,0.85183
2013.03.24 22:21:03.168,0.85167,0.85182
2013.03.24 22:21:04.267,0.85167,0.85182
2013.03.24 22:21:04.990,0.85167,0.85184
2013.03.24 22:21:08.217,0.85167,0.85184
2013.03.24 22:21:13.448,0.8517,0.85189
2013.03.24 22:21:13.756,0.85172,0.85189
2013.03.24 22:21:15.427,0.85172,0.85189
2013.03.24 22:21:15.948,0.85172,0.85188
2013.03.24 22:21:16.497,0.85172,0.85188
2013.03.24 22:21:20.229,0.85173,0.8519
2013.03.24 22:21:22.507,0.85173,0.85186
2013.03.24 22:21:28.181,0.85171,0.85184
2013.03.24 22:21:28.309,0.8517,0.85184
2013.03.24 22:21:28.379,0.85169,0.85184
2013.03.24 22:21:28.448,0.85169,0.85184
2013.03.24 22:21:28.981,0.85169,0.85182
2013.03.24 22:21:29.659,0.85169,0.85182
2013.03.24 22:21:29.970,0.85169,0.85182
2013.03.24 22:21:30.039,0.85167,0.8518
2013.03.24 22:21:30.109,0.85163,0.8518
2013.03.24 22:21:30.628,0.85163,0.85179
2013.03.24 22:21:31.140,0.85165,0.85181
2013.03.24 22:21:31.647,0.85165,0.85181
2013.03.24 22:21:36.288,0.85165,0.85182
2013.03.24 22:21:37.338,0.85168,0.85183
2013.03.24 22:21:37.410,0.85165,0.85183
2013.03.24 22:21:42.196,0.85168,0.85183
2013.03.24 22:21:43.878,0.85167,0.85183
2013.03.24 22:21:44.437,0.85167,0.85183
2013.03.24 22:21:46.218,0.85169,0.85186
2013.03.24 22:21:46.798,0.85169,0.85186
2013.03.24 22:21:47.348,0.85169,0.85186
2013.03.24 22:21:47.419,0.85169,0.85186
2013.03.24 22:21:47.747,0.85169,0.85186
2013.03.24 22:21:47.877,0.85169,0.85186
2013.03.24 22:21:48.647,0.8517,0.85188
2013.03.24 22:21:49.618,0.8517,0.85188
2013.03.24 22:21:49.748,0.8517,0.85188
2013.03.24 22:21:51.047,0.8517,0.85188
2013.03.24 22:21:51.319,0.8517,0.85188
2013.03.24 22:21:51.508,0.8517,0.85188
2013.03.24 22:21:51.839,0.85171,0.85183
2013.03.24 22:21:52.048,0.85169,0.85186
2013.03.24 22:21:52.178,0.85169,0.85186
2013.03.24 22:21:52.508,0.85169,0.85185
2013.03.24 22:21:52.830,0.85169,0.85182
2013.03.24 22:21:56.227,0.85169,0.85183
2013.03.24 22:22:03.207,0.85169,0.85183
2013.03.24 22:22:05.766,0.85168,0.85183
2013.03.24 22:22:06.288,0.85168,0.85182
2013.03.24 22:22:10.588,0.85169,0.85184
2013.03.24 22:22:11.649,0.85169,0.85184
2013.03.24 22:22:13.428,0.85169,0.85183
2013.03.24 22:22:13.499,0.85168,0.85183
2013.03.24 22:22:17.606,0.85168,0.85183
2013.03.24 22:22:18.918,0.85168,0.85183
2013.03.24 22:22:19.229,0.85168,0.85184
2013.03.24 22:22:19.598,0.85168,0.85183
2013.03.24 22:22:19.728,0.85169,0.85188
2013.03.24 22:22:19.917,0.85169,0.85184
2013.03.24 22:22:20.238,0.85169,0.85188
2013.03.24 22:22:20.386,0.85169,0.85188
2013.03.24 22:22:20.723,0.85169,0.85188
2013.03.24 22:22:20.907,0.85169,0.85188
2013.03.24 22:22:21.217,0.85169,0.85188
2013.03.24 22:22:21.418,0.85169,0.85188
2013.03.24 22:22:21.928,0.85169,0.85188
2013.03.24 22:22:22.188,0.85169,0.85188
2013.03.24 22:22:22.446,0.85169,0.85188
2013.03.24 22:22:22.733,0.85169,0.85188
2013.03.24 22:22:22.946,0.85169,0.85188
2013.03.24 22:22:23.226,0.85169,0.85188
2013.03.24 22:22:23.407,0.85169,0.85188
2013.03.24 22:22:23.718,0.85169,0.85188
2013.03.24 22:22:23.966,0.85169,0.85188
2013.03.24 22:22:24.236,0.85169,0.85188
2013.03.24 22:22:24.426,0.85169,0.85188
2013.03.24 22:22:24.732,0.85169,0.85188
2013.03.24 22:22:24.917,0.85169,0.85188
2013.03.24 22:22:25.177,0.85169,0.85188
2013.03.24 22:22:25.486,0.85169,0.85188
2013.03.24 22:22:25.696,0.85169,0.85188
2013.03.24 22:22:25.946,0.85169,0.85188
2013.03.24 22:22:26.670,0.85169,0.85188
2013.03.24 22:22:26.988,0.85169,0.85187
2013.03.24 22:22:27.177,0.85169,0.85187
2013.03.24 22:22:27.426,0.85169,0.85187
2013.03.24 22:22:27.558,0.85167,0.85184
2013.03.24 22:22:27.866,0.85167,0.85182
2013.03.24 22:22:27.941,0.85167,0.85184
2013.03.24 22:22:28.126,0.85167,0.85182
2013.03.24 22:22:28.437,0.85167,0.85183
2013.03.24 22:22:28.627,0.85167,0.85183
2013.03.24 22:22:28.944,0.85167,0.85183
2013.03.24 22:22:29.126,0.85167,0.85183
2013.03.24 22:22:29.427,0.85167,0.85184
2013.03.24 22:22:29.676,0.85167,0.85183
2013.03.24 22:22:29.926,0.85167,0.85183
2013.03.24 22:22:30.166,0.85167,0.85183
2013.03.24 22:22:30.489,0.85167,0.85184
2013.03.24 22:22:30.677,0.85167,0.85183
2013.03.24 22:22:30.986,0.85167,0.85183
2013.03.24 22:22:31.176,0.85167,0.85183
2013.03.24 22:22:31.477,0.85167,0.85184
2013.03.24 22:22:31.676,0.85167,0.85183
2013.03.24 22:22:31.937,0.85167,0.85184
2013.03.24 22:22:32.168,0.85167,0.85183
2013.03.24 22:22:32.476,0.85167,0.85184
2013.03.24 22:22:32.677,0.85167,0.85183
2013.03.24 22:22:32.986,0.85167,0.85183
2013.03.24 22:22:33.177,0.85167,0.85183
2013.03.24 22:22:33.497,0.85167,0.85184
2013.03.24 22:22:33.688,0.85167,0.85183
2013.03.24 22:22:33.948,0.85167,0.85183
2013.03.24 22:22:34.208,0.85166,0.85183
2013.03.24 22:22:34.467,0.85166,0.85184
2013.03.24 22:22:34.657,0.85166,0.85183
2013.03.24 22:22:34.966,0.85166,0.85183
2013.03.24 22:22:35.207,0.85166,0.85183
2013.03.24 22:22:35.397,0.85166,0.85183
2013.03.24 22:22:35.717,0.85166,0.85183
2013.03.24 22:22:35.966,0.85166,0.85183
2013.03.24 22:22:36.167,0.85166,0.85183
2013.03.24 22:22:36.477,0.85166,0.85183
2013.03.24 22:22:36.736,0.85166,0.85183
2013.03.24 22:22:36.927,0.85166,0.85183
2013.03.24 22:22:37.237,0.85166,0.85183
2013.03.24 22:22:37.427,0.85166,0.85183
2013.03.24 22:22:37.678,0.85166,0.85183
2013.03.24 22:22:37.926,0.85166,0.85184
2013.03.24 22:22:38.237,0.85166,0.85183
2013.03.24 22:22:38.426,0.85166,0.85183
2013.03.24 22:22:38.747,0.85166,0.85183
2013.03.24 22:22:38.936,0.85166,0.85183
2013.03.24 22:22:39.217,0.85166,0.85183
2013.03.24 22:22:39.439,0.85166,0.85183
2013.03.24 22:22:39.716,0.85166,0.85183
2013.03.24 22:22:39.966,0.85166,0.85183
2013.03.24 22:22:40.206,0.85166,0.85183
2013.03.24 22:22:40.446,0.85166,0.85184
2013.03.24 22:22:41.211,0.85166,0.85183
2013.03.24 22:22:41.427,0.85166,0.85183
2013.03.24 22:22:41.746,0.85166,0.85183
2013.03.24 22:22:41.936,0.85166,0.85183
2013.03.24 22:22:42.206,0.85166,0.85183
2013.03.24 22:22:42.456,0.85166,0.85183
2013.03.24 22:22:42.706,0.85166,0.85183
2013.03.24 22:22:42.958,0.85166,0.85183
2013.03.24 22:22:43.217,0.85166,0.85183
2013.03.24 22:22:43.408,0.85166,0.85183
2013.03.24 22:22:43.667,0.85166,0.85183
2013.03.24 22:22:43.956,0.85166,0.85183
2013.03.24 22:22:44.176,0.85166,0.85183
2013.03.24 22:22:44.436,0.85165,0.85183
2013.03.24 22:22:44.947,0.85165,0.85183
2013.03.24 22:22:45.375,0.85165,0.85183
2013.03.24 22:22:45.520,0.85165,0.85184
2013.03.24 22:22:46.196,0.85165,0.85183
2013.03.24 22:22:46.437,0.85165,0.85183
2013.03.24 22:22:46.686,0.85165,0.85183
2013.03.24 22:22:46.936,0.85165,0.85183
2013.03.24 22:22:47.196,0.85165,0.85183
2013.03.24 22:22:47.397,0.85165,0.85183
2013.03.24 22:22:47.707,0.85167,0.85183
2013.03.24 22:22:47.917,0.85167,0.85183
2013.03.24 22:22:48.226,0.85167,0.85183
2013.03.24 22:22:48.416,0.85167,0.85183
2013.03.24 22:22:48.717,0.85167,0.85183
2013.03.24 22:22:48.906,0.85167,0.85183
2013.03.24 22:22:49.237,0.85167,0.85183
2013.03.24 22:22:49.457,0.85167,0.85184
2013.03.24 22:22:49.737,0.85167,0.85183
2013.03.24 22:22:49.958,0.85167,0.85184
2013.03.24 22:22:50.306,0.85167,0.85183
2013.03.24 22:22:50.437,0.85167,0.85183
2013.03.24 22:22:50.566,0.85166,0.85182
2013.03.24 22:22:50.806,0.85165,0.85181
2013.03.24 22:22:50.937,0.85165,0.85181
2013.03.24 22:22:51.527,0.85165,0.8518
2013.03.24 22:22:52.078,0.85165,0.8518
2013.03.24 22:22:52.596,0.85165,0.85181
2013.03.24 22:22:53.226,0.85165,0.8518
2013.03.24 22:23:00.407,0.85166,0.8518
2013.03.24 22:23:00.677,0.85166,0.85183
2013.03.24 22:23:01.726,0.85166,0.85183
2013.03.24 22:23:01.977,0.85166,0.85182
2013.03.24 22:23:02.237,0.85166,0.85183
2013.03.24 22:23:02.427,0.85166,0.85182
2013.03.24 22:23:03.226,0.85166,0.85183
2013.03.24 22:23:03.467,0.85166,0.85183
2013.03.24 22:23:03.536,0.85166,0.85183
2013.03.24 22:23:03.726,0.85166,0.85183
2013.03.24 22:23:03.786,0.85166,0.85183
2013.03.24 22:23:04.336,0.85166,0.85183
2013.03.24 22:23:04.717,0.85166,0.85182
2013.03.24 22:23:05.568,0.85166,0.8518
2013.03.24 22:23:06.247,0.85166,0.85182
2013.03.24 22:23:06.766,0.85166,0.85182
2013.03.24 22:23:10.466,0.85166,0.8518
2013.03.24 22:23:10.526,0.85166,0.8518
2013.03.24 22:23:11.005,0.85164,0.85178
2013.03.24 22:23:11.126,0.85164,0.85179
2013.03.24 22:23:11.256,0.85164,0.85178
2013.03.24 22:23:11.496,0.85164,0.8518
2013.03.24 22:23:14.125,0.85164,0.85181
2013.03.24 22:23:14.430,0.85164,0.85181
2013.03.24 22:23:14.680,0.85172,0.85182
2013.03.24 22:23:14.928,0.85171,0.85187
2013.03.24 22:23:15.447,0.85172,0.8519
2013.03.24 22:23:16.294,0.85173,0.85192
2013.03.24 22:23:17.196,0.85173,0.85192
2013.03.24 22:23:18.350,0.85173,0.85192
2013.03.24 22:23:19.094,0.85174,0.85185
2013.03.24 22:23:19.347,0.85174,0.85185
2013.03.24 22:23:19.546,0.85174,0.85184
2013.03.24 22:23:20.088,0.85174,0.85194
2013.03.24 22:23:20.626,0.85174,0.85194
2013.03.24 22:23:32.819,0.85173,0.85187
2013.03.24 22:23:33.197,0.85173,0.85186
2013.03.24 22:23:33.770,0.85173,0.85186
2013.03.24 22:23:35.017,0.85173,0.85186
2013.03.24 22:23:35.207,0.85173,0.85186
2013.03.24 22:23:35.647,0.85173,0.85186
2013.03.24 22:23:36.197,0.85173,0.85186
2013.03.24 22:23:36.809,0.85173,0.85186
2013.03.24 22:23:37.418,0.85173,0.85186
2013.03.24 22:23:37.956,0.85173,0.85185
2013.03.24 22:23:41.477,0.85173,0.85185
2013.03.24 22:23:41.677,0.85173,0.85186
2013.03.24 22:23:41.997,0.85173,0.85186
2013.03.24 22:23:42.197,0.85173,0.85186
2013.03.24 22:23:42.447,0.85173,0.85186
2013.03.24 22:23:42.697,0.85173,0.85186
2013.03.24 22:23:42.957,0.85173,0.85186
2013.03.24 22:23:43.187,0.85173,0.85186
2013.03.24 22:23:43.503,0.85173,0.85186
2013.03.24 22:23:43.687,0.85173,0.85186
2013.03.24 22:23:44.023,0.85173,0.85186
2013.03.24 22:23:44.230,0.85173,0.85186
2013.03.24 22:23:44.357,0.85173,0.85186
2013.03.24 22:23:44.687,0.85173,0.85186
2013.03.24 22:23:44.877,0.85173,0.85186
2013.03.24 22:23:45.207,0.85173,0.85186
2013.03.24 22:23:45.361,0.85173,0.85186
2013.03.24 22:23:46.217,0.85173,0.85186
2013.03.24 22:23:46.757,0.85173,0.85186
2013.03.24 22:23:47.078,0.85173,0.85186
2013.03.24 22:23:47.596,0.85173,0.85186
2013.03.24 22:23:47.726,0.85173,0.85186
2013.03.24 22:23:47.917,0.85173,0.85186
2013.03.24 22:23:48.467,0.85173,0.85186
2013.03.24 22:23:48.717,0.85173,0.85186
2013.03.24 22:23:48.916,0.85173,0.85186
2013.03.24 22:23:49.240,0.85173,0.85186
2013.03.24 22:23:49.427,0.85173,0.85186
2013.03.24 22:23:49.698,0.85173,0.85186
2013.03.24 22:23:50.252,0.85173,0.85186
2013.03.24 22:23:50.437,0.85173,0.85186
2013.03.24 22:23:50.697,0.85173,0.85186
2013.03.24 22:23:50.937,0.85173,0.85186
2013.03.24 22:23:51.188,0.85173,0.85186
2013.03.24 22:23:51.945,0.85173,0.85186
2013.03.24 22:23:52.207,0.85173,0.85186
2013.03.24 22:23:52.397,0.85173,0.85186
2013.03.24 22:23:53.017,0.85171,0.85186
2013.03.24 22:23:53.566,0.85171,0.85185
2013.03.24 22:23:53.746,0.85171,0.85185
2013.03.24 22:23:53.966,0.85171,0.85185
2013.03.24 22:23:54.146,0.85171,0.85186
2013.03.24 22:23:54.956,0.85171,0.85185
2013.03.24 22:23:55.146,0.85171,0.85186
2013.03.24 22:23:56.097,0.85171,0.85185
2013.03.24 22:23:56.865,0.85171,0.85182
2013.03.24 22:23:57.797,0.85172,0.85186
2013.03.24 22:24:00.766,0.85171,0.85183
2013.03.24 22:24:01.616,0.85171,0.85185
2013.03.24 22:24:01.957,0.85171,0.85183
2013.03.24 22:24:02.528,0.85173,0.85182
2013.03.24 22:24:02.708,0.85173,0.85185
2013.03.24 22:24:04.797,0.85173,0.85186
2013.03.24 22:24:05.011,0.85173,0.85185
2013.03.24 22:24:06.119,0.85173,0.85185
2013.03.24 22:24:06.877,0.85173,0.85187
2013.03.24 22:24:18.978,0.85173,0.85185
2013.03.24 22:24:25.897,0.85173,0.85186
2013.03.24 22:24:27.410,0.8517,0.85184
2013.03.24 22:24:27.548,0.85169,0.85183
2013.03.24 22:24:27.882,0.85168,0.85182
2013.03.24 22:24:27.951,0.85165,0.85182
2013.03.24 22:24:28.149,0.85165,0.85181
2013.03.24 22:24:28.707,0.85164,0.8518
2013.03.24 22:24:30.549,0.85165,0.85181
2013.03.24 22:24:30.858,0.85165,0.85179
2013.03.24 22:24:31.407,0.85166,0.8518
2013.03.24 22:24:32.667,0.85165,0.8518
2013.03.24 22:24:39.331,0.85165,0.85179
2013.03.24 22:24:39.836,0.85165,0.85179
2013.03.24 22:24:40.077,0.85165,0.85181
2013.03.24 22:24:40.748,0.85163,0.85179
2013.03.24 22:24:41.536,0.85164,0.85181
2013.03.24 22:24:42.547,0.85165,0.85181
2013.03.24 22:24:45.180,0.85166,0.85181
2013.03.24 22:24:45.381,0.85168,0.85182
2013.03.24 22:24:45.757,0.85167,0.85184
2013.03.24 22:24:47.508,0.85165,0.85183
2013.03.24 22:24:48.019,0.85166,0.85181
2013.03.24 22:24:48.526,0.85166,0.85183
2013.03.24 22:24:56.570,0.85164,0.85181
2013.03.24 22:24:57.117,0.85165,0.85181
2013.03.24 22:25:00.328,0.85165,0.85181
2013.03.24 22:25:00.886,0.85165,0.85181
2013.03.24 22:25:01.427,0.85165,0.85182
2013.03.24 22:25:04.367,0.85169,0.85183
2013.03.24 22:25:04.677,0.85172,0.85185
2013.03.24 22:25:04.746,0.85172,0.85191
2013.03.24 22:25:05.287,0.85173,0.85193
2013.03.24 22:25:05.808,0.85173,0.85193
2013.03.24 22:25:06.747,0.85173,0.85192
2013.03.24 22:25:11.257,0.85173,0.85189
2013.03.24 22:25:11.709,0.85173,0.85189
2013.03.24 22:25:14.386,0.85173,0.8519
2013.03.24 22:25:18.202,0.85174,0.8519
2013.03.24 22:25:18.341,0.85177,0.8519
2013.03.24 22:25:18.487,0.85179,0.85193
2013.03.24 22:25:18.562,0.85178,0.85195
2013.03.24 22:25:18.689,0.85179,0.85196
2013.03.24 22:25:18.819,0.85179,0.85196
2013.03.24 22:25:19.332,0.8518,0.85198
2013.03.24 22:25:21.479,0.85179,0.85198
2013.03.24 22:25:21.669,0.8518,0.85198
2013.03.24 22:25:21.870,0.8518,0.85198
2013.03.24 22:25:21.940,0.8518,0.85198
2013.03.24 22:25:22.487,0.85179,0.85198
2013.03.24 22:25:22.938,0.85179,0.85198
2013.03.24 22:25:23.749,0.85176,0.85191
2013.03.24 22:25:25.801,0.85179,0.85195
2013.03.24 22:25:25.998,0.8518,0.85195
2013.03.24 22:25:26.417,0.8518,0.85197
2013.03.24 22:25:28.517,0.85179,0.85198
2013.03.24 22:25:30.259,0.85179,0.85198
2013.03.24 22:25:32.359,0.85179,0.85197
2013.03.24 22:25:32.488,0.85179,0.85197
2013.03.24 22:25:32.799,0.85181,0.85199
2013.03.24 22:25:33.131,0.85185,0.85199
2013.03.24 22:25:33.817,0.85186,0.852
2013.03.24 22:25:33.887,0.85186,0.852
2013.03.24 22:25:35.457,0.85185,0.85201
2013.03.24 22:25:35.968,0.85184,0.85201
2013.03.24 22:25:36.488,0.85185,0.85201
2013.03.24 22:25:37.448,0.85185,0.85201
2013.03.24 22:25:37.977,0.85184,0.852
2013.03.24 22:25:41.071,0.85182,0.852
2013.03.24 22:25:41.402,0.85182,0.85198
2013.03.24 22:25:41.541,0.85182,0.85198
2013.03.24 22:25:45.998,0.85182,0.85198
2013.03.24 22:25:46.548,0.85181,0.85198
2013.03.24 22:25:46.679,0.85179,0.85197
2013.03.24 22:25:47.230,0.85181,0.85198
2013.03.24 22:25:48.409,0.85179,0.85198
2013.03.24 22:25:49.668,0.85181,0.85198
2013.03.24 22:25:50.178,0.85179,0.85197
2013.03.24 22:25:50.728,0.85179,0.85198
2013.03.24 22:25:51.180,0.8518,0.85198
2013.03.24 22:25:51.308,0.8518,0.85198
2013.03.24 22:25:51.437,0.85179,0.85198
2013.03.24 22:25:51.987,0.8518,0.85198
2013.03.24 22:25:52.297,0.85179,0.85197
2013.03.24 22:25:52.697,0.85181,0.85198
2013.03.24 22:25:53.019,0.85179,0.85197
2013.03.24 22:25:53.986,0.85179,0.85196
2013.03.24 22:25:54.058,0.85179,0.85198
2013.03.24 22:25:54.208,0.85179,0.85198
2013.03.24 22:25:54.408,0.85179,0.85198
2013.03.24 22:25:54.957,0.85179,0.85198
2013.03.24 22:25:55.148,0.85179,0.85198
2013.03.24 22:25:55.699,0.8518,0.85196
2013.03.24 22:25:55.968,0.85179,0.85194
2013.03.24 22:25:56.518,0.85179,0.85194
2013.03.24 22:25:56.707,0.85177,0.85194
2013.03.24 22:25:58.577,0.85179,0.85195
2013.03.24 22:25:58.648,0.85179,0.85195
2013.03.24 22:25:58.921,0.85184,0.85199
2013.03.24 22:25:59.172,0.85184,0.85199
2013.03.24 22:25:59.239,0.85184,0.85198
2013.03.24 22:25:59.440,0.85184,0.85198
2013.03.24 22:25:59.948,0.85184,0.85199
2013.03.24 22:26:01.888,0.85187,0.85202
2013.03.24 22:26:02.408,0.85187,0.85203
2013.03.24 22:26:02.718,0.85187,0.85202
2013.03.24 22:26:02.849,0.85186,0.85202
2013.03.24 22:26:03.108,0.85184,0.85203
2013.03.24 22:26:03.419,0.85184,0.85199
2013.03.24 22:26:05.439,0.85184,0.852
2013.03.24 22:26:05.758,0.85187,0.85201
2013.03.24 22:26:14.999,0.85187,0.85201
2013.03.24 22:26:22.639,0.85186,0.85202
2013.03.24 22:26:23.143,0.85184,0.852
2013.03.24 22:26:23.658,0.85184,0.85199
2013.03.24 22:26:24.359,0.85184,0.852
2013.03.24 22:26:25.253,0.85186,0.852
2013.03.24 22:26:27.468,0.85187,0.85204
2013.03.24 22:26:27.659,0.85187,0.85203
2013.03.24 22:26:27.968,0.85187,0.85204
2013.03.24 22:26:28.157,0.85187,0.85203
2013.03.24 22:26:28.708,0.85187,0.85201
2013.03.24 22:26:29.248,0.85187,0.85201
2013.03.24 22:26:29.437,0.85187,0.85204
2013.03.24 22:26:29.688,0.85187,0.85203
2013.03.24 22:26:30.032,0.85187,0.85203
2013.03.24 22:26:30.300,0.85187,0.85203
2013.03.24 22:26:30.629,0.85187,0.85203
2013.03.24 22:26:30.758,0.85187,0.85203
2013.03.24 22:26:30.892,0.85187,0.85203
2013.03.24 22:26:30.959,0.85187,0.85203
2013.03.24 22:26:31.147,0.85187,0.85203
2013.03.24 22:26:31.692,0.85185,0.85203
2013.03.24 22:26:31.760,0.85185,0.85203
2013.03.24 22:26:32.092,0.85184,0.852
2013.03.24 22:26:44.428,0.85183,0.85199
2013.03.24 22:26:44.983,0.85183,0.85199
2013.03.24 22:26:45.539,0.85183,0.85199
2013.03.24 22:26:46.079,0.85183,0.85199
2013.03.24 22:26:48.489,0.85184,0.85199
2013.03.24 22:26:49.049,0.85184,0.852
2013.03.24 22:26:49.719,0.85185,0.852
2013.03.24 22:26:50.281,0.85184,0.85199
2013.03.24 22:26:51.377,0.85183,0.85199
2013.03.24 22:26:51.920,0.85184,0.852
2013.03.24 22:26:53.738,0.85183,0.85199
2013.03.24 22:26:55.638,0.85183,0.85197
2013.03.24 22:26:57.668,0.85183,0.852
2013.03.24 22:26:57.738,0.85181,0.852
2013.03.24 22:26:58.048,0.85183,0.85197
2013.03.24 22:26:58.237,0.85182,0.85198
2013.03.24 22:26:58.429,0.85181,0.85197
2013.03.24 22:26:58.748,0.85182,0.85199
2013.03.24 22:26:59.420,0.85182,0.85198
2013.03.24 22:26:59.728,0.85183,0.85199
2013.03.24 22:26:59.939,0.85183,0.85198
2013.03.24 22:27:00.217,0.85183,0.85198
2013.03.24 22:27:00.467,0.85182,0.85198
2013.03.24 22:27:00.741,0.85182,0.85198
2013.03.24 22:27:00.928,0.85183,0.85198
2013.03.24 22:27:02.917,0.85182,0.85197
2013.03.24 22:27:21.447,0.85183,0.85198
2013.03.24 22:27:22.518,0.85183,0.85197
2013.03.24 22:27:25.718,0.85183,0.85198
2013.03.24 22:27:26.277,0.85183,0.85199
2013.03.24 22:27:26.347,0.85183,0.85199
2013.03.24 22:27:27.335,0.85183,0.85198
2013.03.24 22:27:34.408,0.85183,0.852
2013.03.24 22:27:46.690,0.85185,0.85201
2013.03.24 22:27:47.248,0.85185,0.85201
2013.03.24 22:27:47.437,0.85185,0.85201
2013.03.24 22:27:47.689,0.85185,0.85201
2013.03.24 22:27:47.939,0.85185,0.85201
2013.03.24 22:27:48.630,0.85185,0.852
2013.03.24 22:27:48.709,0.85185,0.85201
2013.03.24 22:27:48.898,0.85185,0.85201
2013.03.24 22:27:49.207,0.85185,0.85201
2013.03.24 22:27:49.467,0.85185,0.85201
2013.03.24 22:27:49.657,0.85185,0.85201
2013.03.24 22:27:49.974,0.85185,0.85201
2013.03.24 22:27:50.169,0.85183,0.85201
2013.03.24 22:27:50.538,0.85183,0.85201
2013.03.24 22:27:50.738,0.85183,0.85201
2013.03.24 22:27:50.988,0.85183,0.852
2013.03.24 22:27:51.187,0.85183,0.85201
2013.03.24 22:27:51.508,0.85183,0.85201
2013.03.24 22:27:51.698,0.85183,0.85201
2013.03.24 22:27:52.031,0.85183,0.85201
2013.03.24 22:27:52.170,0.85183,0.85201
2013.03.24 22:27:52.239,0.85183,0.85201
2013.03.24 22:27:52.428,0.85183,0.85201
2013.03.24 22:27:52.498,0.85183,0.85201
2013.03.24 22:27:52.689,0.85183,0.85201
2013.03.24 22:27:52.887,0.85183,0.85201
2013.03.24 22:27:53.197,0.85183,0.85201
2013.03.24 22:27:53.388,0.85183,0.85201
2013.03.24 22:27:53.457,0.85183,0.85201
2013.03.24 22:27:53.707,0.85183,0.85201
2013.03.24 22:27:53.897,0.85183,0.85201
2013.03.24 22:27:54.207,0.85183,0.85201
2013.03.24 22:27:54.407,0.85184,0.85201
2013.03.24 22:27:54.727,0.85184,0.852
2013.03.24 22:27:54.933,0.85184,0.85201
2013.03.24 22:27:54.998,0.85184,0.85201
2013.03.24 22:27:55.189,0.85184,0.85201
2013.03.24 22:27:55.459,0.85184,0.85201
2013.03.24 22:27:55.777,0.85184,0.85201
2013.03.24 22:27:55.907,0.85184,0.85201
2013.03.24 22:27:56.217,0.85184,0.85199
2013.03.24 22:27:56.407,0.85184,0.85199
2013.03.24 22:27:56.727,0.85184,0.852
2013.03.24 22:27:56.922,0.85184,0.852
2013.03.24 22:27:57.227,0.85184,0.85201
2013.03.24 22:27:57.427,0.85184,0.85199
2013.03.24 22:27:58.303,0.85184,0.85201
2013.03.24 22:27:58.427,0.85184,0.852
2013.03.24 22:27:58.749,0.85184,0.852
2013.03.24 22:27:59.068,0.85184,0.85199
2013.03.24 22:27:59.138,0.85184,0.85201
2013.03.24 22:27:59.418,0.85184,0.85199
2013.03.24 22:27:59.668,0.85184,0.85199
2013.03.24 22:27:59.917,0.85184,0.85201
2013.03.24 22:28:00.188,0.85184,0.85201
2013.03.24 22:28:00.517,0.85184,0.85201
2013.03.24 22:28:00.646,0.85184,0.85201
2013.03.24 22:28:00.957,0.85184,0.85201
2013.03.24 22:28:01.147,0.85184,0.85201
2013.03.24 22:28:01.268,0.85184,0.85201
2013.03.24 22:28:01.597,0.85184,0.85201
2013.03.24 22:28:02.681,0.85184,0.852
2013.03.24 22:28:02.747,0.85184,0.852
2013.03.24 22:28:02.937,0.85184,0.852
2013.03.24 22:28:03.253,0.85184,0.852
2013.03.24 22:28:03.457,0.85184,0.852
2013.03.24 22:28:03.718,0.85184,0.852
2013.03.24 22:28:03.918,0.85184,0.852
2013.03.24 22:28:04.166,0.85184,0.852
2013.03.24 22:28:04.468,0.85184,0.852
2013.03.24 22:28:04.668,0.85184,0.852
2013.03.24 22:28:04.917,0.85184,0.852
2013.03.24 22:28:05.177,0.85184,0.852
2013.03.24 22:28:05.458,0.85184,0.852
2013.03.24 22:28:05.658,0.85184,0.852
2013.03.24 22:28:05.968,0.85184,0.852
2013.03.24 22:28:06.159,0.85184,0.852
2013.03.24 22:28:06.478,0.85184,0.852
2013.03.24 22:28:06.677,0.85184,0.85202
2013.03.24 22:28:06.932,0.85184,0.85202
2013.03.24 22:28:07.178,0.85184,0.85202
2013.03.24 22:28:07.508,0.85184,0.852
2013.03.24 22:28:09.170,0.85182,0.852
2013.03.24 22:28:09.689,0.85183,0.852
2013.03.24 22:28:10.227,0.85183,0.85201
2013.03.24 22:28:11.964,0.85182,0.85196
2013.03.24 22:28:12.208,0.85179,0.85195
2013.03.24 22:28:12.281,0.85176,0.85195
2013.03.24 22:28:12.478,0.85177,0.85191
2013.03.24 22:28:12.748,0.85177,0.85191
2013.03.24 22:28:14.107,0.85177,0.85191
2013.03.24 22:28:14.408,0.85177,0.85191
2013.03.24 22:28:14.689,0.85177,0.85191
2013.03.24 22:28:15.402,0.85177,0.85191
2013.03.24 22:28:32.834,0.85177,0.85192
2013.03.24 22:28:33.258,0.85179,0.85192
2013.03.24 22:28:33.508,0.8518,0.85194
2013.03.24 22:28:33.757,0.85181,0.85194
2013.03.24 22:28:36.358,0.85183,0.85194
2013.03.24 22:28:36.927,0.85183,0.85196
2013.03.24 22:28:37.981,0.85182,0.85194
2013.03.24 22:28:38.590,0.85182,0.85194
2013.03.24 22:28:39.108,0.85183,0.85194
2013.03.24 22:28:39.418,0.85189,0.85205
2013.03.24 22:28:39.927,0.85192,0.85211
2013.03.24 22:28:39.999,0.85192,0.85211
2013.03.24 22:28:40.267,0.85192,0.8521
2013.03.24 22:28:40.577,0.85191,0.85209
2013.03.24 22:28:41.508,0.85194,0.85209
2013.03.24 22:28:41.958,0.85195,0.85209
2013.03.24 22:28:42.399,0.85196,0.8521
2013.03.24 22:28:42.718,0.85199,0.85213
2013.03.24 22:28:42.968,0.85199,0.85216
2013.03.24 22:28:43.458,0.852,0.85216
2013.03.24 22:28:43.969,0.85201,0.85217
2013.03.24 22:28:44.409,0.852,0.85217
2013.03.24 22:28:45.102,0.85201,0.85217
2013.03.24 22:28:55.899,0.85201,0.85217
2013.03.24 22:28:56.088,0.852,0.85218
2013.03.24 22:29:00.258,0.85203,0.85218
2013.03.24 22:29:01.385,0.85202,0.85218
2013.03.24 22:29:01.700,0.85202,0.85218
2013.03.24 22:29:04.338,0.85203,0.85218
2013.03.24 22:29:04.878,0.85202,0.85218
2013.03.24 22:29:05.259,0.85202,0.85218
2013.03.24 22:29:05.499,0.85202,0.85218
2013.03.24 22:29:05.689,0.85202,0.85218
2013.03.24 22:29:06.018,0.85202,0.85218
2013.03.24 22:29:06.159,0.85202,0.85218
2013.03.24 22:29:06.471,0.85202,0.85218
2013.03.24 22:29:06.690,0.85202,0.85218
2013.03.24 22:29:07.208,0.85202,0.85218
2013.03.24 22:29:07.528,0.85202,0.85218
2013.03.24 22:29:07.679,0.85202,0.85218
2013.03.24 22:29:07.988,0.85202,0.85218
2013.03.24 22:29:08.177,0.85202,0.85218
2013.03.24 22:29:08.488,0.85201,0.85218
2013.03.24 22:29:08.678,0.85201,0.85218
2013.03.24 22:29:09.290,0.85201,0.85218
2013.03.24 22:29:09.719,0.85201,0.85218
2013.03.24 22:29:09.939,0.852,0.85218
2013.03.24 22:29:10.206,0.852,0.85218
2013.03.24 22:29:10.488,0.852,0.85218
2013.03.24 22:29:10.618,0.852,0.85218
