Time,Bid,Ask
2013.03.14 00:00:04.692,0.86822,0.86838
2013.03.14 00:00:04.993,0.86821,0.86837
2013.03.14 00:00:05.052,0.86821,0.86837
2013.03.14 00:00:05.172,0.86819,0.86836
2013.03.14 00:00:05.713,0.86818,0.86834
2013.03.14 00:00:07.129,0.86818,0.86834
2013.03.14 00:00:10.526,0.86817,0.86833
2013.03.14 00:00:11.082,0.86817,0.86833
2013.03.14 00:00:17.413,0.86818,0.86835
2013.03.14 00:00:17.533,0.86818,0.86835
2013.03.14 00:00:18.072,0.86823,0.86836
2013.03.14 00:00:18.612,0.86823,0.86837
2013.03.14 00:00:18.673,0.86823,0.86836
2013.03.14 00:00:20.813,0.86823,0.86836
2013.03.14 00:00:21.374,0.86822,0.86836
2013.03.14 00:00:22.193,0.86823,0.86836
2013.03.14 00:00:22.765,0.86823,0.86837
2013.03.14 00:00:23.273,0.8682,0.86836
2013.03.14 00:00:23.394,0.8682,0.86836
2013.03.14 00:00:23.704,0.86822,0.86835
2013.03.14 00:00:24.368,0.86823,0.86836
2013.03.14 00:00:28.458,0.86823,0.86836
2013.03.14 00:00:29.793,0.86822,0.86836
2013.03.14 00:00:30.153,0.86822,0.86836
2013.03.14 00:00:42.993,0.86822,0.8684
2013.03.14 00:00:43.475,0.86828,0.86843
2013.03.14 00:00:43.606,0.86828,0.86843
2013.03.14 00:00:46.124,0.86826,0.86841
2013.03.14 00:00:46.695,0.86825,0.8684
2013.03.14 00:00:48.502,0.86825,0.86839
2013.03.14 00:00:49.054,0.86828,0.86842
2013.03.14 00:00:49.129,0.86828,0.86842
2013.03.14 00:00:49.435,0.86829,0.86845
2013.03.14 00:00:52.364,0.8683,0.86845
2013.03.14 00:00:52.893,0.8683,0.86844
2013.03.14 00:00:53.254,0.86828,0.86843
2013.03.14 00:00:53.386,0.8683,0.86844
2013.03.14 00:00:53.815,0.86829,0.86843
2013.03.14 00:00:54.605,0.86827,0.86844
2013.03.14 00:00:54.674,0.86829,0.86844
2013.03.14 00:00:56.460,0.86829,0.86845
2013.03.14 00:00:58.398,0.86829,0.86845
2013.03.14 00:01:01.493,0.86831,0.86845
2013.03.14 00:01:01.853,0.86833,0.86845
2013.03.14 00:01:02.395,0.86833,0.86846
2013.03.14 00:01:05.253,0.86832,0.86847
2013.03.14 00:01:05.774,0.86832,0.86847
2013.03.14 00:01:07.363,0.86833,0.86847
2013.03.14 00:01:07.914,0.86831,0.86847
2013.03.14 00:01:08.820,0.86831,0.86846
2013.03.14 00:01:08.966,0.86829,0.86845
2013.03.14 00:01:09.524,0.86829,0.86844
2013.03.14 00:01:11.973,0.8683,0.86843
2013.03.14 00:01:12.474,0.86826,0.86842
2013.03.14 00:01:12.664,0.86825,0.86841
2013.03.14 00:01:13.166,0.86826,0.86839
2013.03.14 00:01:16.223,0.86826,0.86841
2013.03.14 00:01:16.644,0.86825,0.86839
2013.03.14 00:01:24.877,0.86825,0.8684
2013.03.14 00:01:27.873,0.86826,0.8684
2013.03.14 00:01:28.675,0.86827,0.86841
2013.03.14 00:01:29.714,0.86826,0.86843
2013.03.14 00:01:30.214,0.86827,0.86843
2013.03.14 00:01:31.009,0.86828,0.86843
2013.03.14 00:01:31.904,0.8683,0.86843
2013.03.14 00:01:33.816,0.86829,0.86842
2013.03.14 00:01:34.345,0.86828,0.86842
2013.03.14 00:01:34.893,0.86829,0.86842
2013.03.14 00:01:40.814,0.86827,0.86841
2013.03.14 00:01:41.686,0.86828,0.86842
2013.03.14 00:01:44.284,0.86828,0.86844
2013.03.14 00:01:49.164,0.86829,0.86845
2013.03.14 00:01:49.704,0.86829,0.86845
2013.03.14 00:01:50.243,0.86832,0.86846
2013.03.14 00:01:50.484,0.86835,0.86848
2013.03.14 00:01:50.784,0.86835,0.86851
2013.03.14 00:01:50.973,0.86838,0.8685
2013.03.14 00:01:51.640,0.86838,0.86853
2013.03.14 00:01:51.944,0.86838,0.86853
2013.03.14 00:01:53.085,0.86839,0.86855
2013.03.14 00:01:53.155,0.86844,0.86856
2013.03.14 00:01:53.525,0.86845,0.86858
2013.03.14 00:01:53.595,0.86845,0.86858
2013.03.14 00:01:53.726,0.86844,0.86858
2013.03.14 00:01:53.853,0.86844,0.86858
2013.03.14 00:01:55.294,0.86843,0.86858
2013.03.14 00:01:56.683,0.86844,0.86857
2013.03.14 00:01:56.807,0.86844,0.86856
2013.03.14 00:01:57.353,0.86844,0.86856
2013.03.14 00:01:57.795,0.86843,0.86856
2013.03.14 00:01:57.925,0.8684,0.86856
2013.03.14 00:01:58.114,0.8684,0.86855
2013.03.14 00:01:58.423,0.8684,0.86854
2013.03.14 00:01:58.483,0.86838,0.86853
2013.03.14 00:01:58.663,0.86837,0.86853
2013.03.14 00:01:58.923,0.86838,0.86851
2013.03.14 00:01:59.873,0.86838,0.86852
2013.03.14 00:02:02.864,0.86834,0.8685
2013.03.14 00:02:04.091,0.86834,0.8685
2013.03.14 00:02:04.360,0.86834,0.86848
2013.03.14 00:02:04.485,0.8683,0.86846
2013.03.14 00:02:05.037,0.86828,0.86844
2013.03.14 00:02:05.669,0.86828,0.86843
2013.03.14 00:02:15.504,0.86829,0.86845
2013.03.14 00:02:15.875,0.86833,0.86847
2013.03.14 00:02:15.944,0.86833,0.86848
2013.03.14 00:02:16.644,0.86833,0.8685
2013.03.14 00:02:16.721,0.86833,0.86849
2013.03.14 00:02:23.622,0.86834,0.8685
2013.03.14 00:03:23.635,0.86834,0.86851
2013.03.14 00:03:25.503,0.86835,0.86851
2013.03.14 00:03:26.751,0.86833,0.86851
2013.03.14 00:03:28.561,0.86835,0.86851
2013.03.14 00:03:36.862,0.86833,0.86851
2013.03.14 00:03:37.921,0.86832,0.8685
2013.03.14 00:03:49.561,0.86833,0.8685
2013.03.14 00:03:50.172,0.86832,0.86848
2013.03.14 00:03:52.723,0.86832,0.8685
2013.03.14 00:03:53.152,0.86833,0.86851
2013.03.14 00:03:57.461,0.86834,0.8685
2013.03.14 00:04:03.715,0.86834,0.86849
2013.03.14 00:04:13.733,0.86833,0.86847
2013.03.14 00:04:18.883,0.86833,0.86847
2013.03.14 00:04:29.273,0.86834,0.86846
2013.03.14 00:04:30.615,0.86833,0.86846
2013.03.14 00:04:34.843,0.86829,0.86845
2013.03.14 00:04:34.974,0.86829,0.86843
2013.03.14 00:04:40.162,0.86829,0.86845
2013.03.14 00:04:41.331,0.86829,0.86845
2013.03.14 00:04:47.623,0.8683,0.86845
2013.03.14 00:04:47.945,0.86832,0.86846
2013.03.14 00:04:48.015,0.86832,0.86846
2013.03.14 00:04:48.865,0.86832,0.86847
2013.03.14 00:04:49.294,0.86828,0.86845
2013.03.14 00:04:49.847,0.86828,0.86845
2013.03.14 00:04:50.253,0.86828,0.86846
2013.03.14 00:04:57.354,0.86831,0.86845
2013.03.14 00:04:58.880,0.86831,0.86847
2013.03.14 00:05:01.643,0.86831,0.86847
2013.03.14 00:05:02.194,0.86831,0.86847
2013.03.14 00:05:03.176,0.86831,0.86847
2013.03.14 00:05:07.994,0.86831,0.86846
2013.03.14 00:05:08.302,0.86831,0.86847
2013.03.14 00:05:11.202,0.86833,0.86849
2013.03.14 00:05:12.197,0.86834,0.86851
2013.03.14 00:05:12.385,0.86835,0.86852
2013.03.14 00:05:12.515,0.86835,0.86852
2013.03.14 00:05:12.966,0.86838,0.86854
2013.03.14 00:05:13.873,0.86838,0.86854
2013.03.14 00:05:14.616,0.86838,0.86852
2013.03.14 00:05:16.793,0.86838,0.86852
2013.03.14 00:05:25.414,0.86837,0.86851
2013.03.14 00:05:26.534,0.86837,0.8685
2013.03.14 00:05:26.843,0.86837,0.8685
2013.03.14 00:05:27.353,0.86837,0.86851
2013.03.14 00:05:28.563,0.86837,0.86851
2013.03.14 00:05:29.083,0.86836,0.86849
2013.03.14 00:05:29.831,0.86835,0.86848
2013.03.14 00:05:34.003,0.86834,0.86848
2013.03.14 00:05:34.126,0.86831,0.86847
2013.03.14 00:05:34.254,0.86831,0.86846
2013.03.14 00:05:34.326,0.86831,0.86846
2013.03.14 00:05:34.455,0.86831,0.86845
2013.03.14 00:05:34.584,0.86828,0.86843
2013.03.14 00:05:35.084,0.86828,0.8684
2013.03.14 00:05:35.215,0.86828,0.8684
2013.03.14 00:05:35.403,0.86828,0.86839
2013.03.14 00:05:35.953,0.86828,0.8684
2013.03.14 00:05:42.044,0.86826,0.86839
2013.03.14 00:05:57.643,0.86826,0.86839
2013.03.14 00:05:59.054,0.86825,0.8684
2013.03.14 00:05:59.566,0.86826,0.86839
2013.03.14 00:05:59.933,0.86826,0.86839
2013.03.14 00:06:00.594,0.86826,0.86839
2013.03.14 00:06:01.133,0.86826,0.8684
2013.03.14 00:06:01.684,0.86825,0.86839
2013.03.14 00:06:02.246,0.86826,0.86838
2013.03.14 00:06:02.804,0.86826,0.86839
2013.03.14 00:06:06.943,0.86825,0.86839
2013.03.14 00:06:07.265,0.86826,0.86839
2013.03.14 00:06:08.052,0.86826,0.86839
2013.03.14 00:06:08.904,0.86826,0.86839
2013.03.14 00:06:09.155,0.86826,0.8684
2013.03.14 00:06:09.584,0.8683,0.86842
2013.03.14 00:06:18.703,0.86829,0.86842
2013.03.14 00:06:19.334,0.86828,0.86842
2013.03.14 00:06:29.435,0.86829,0.86842
2013.03.14 00:06:33.295,0.86829,0.86842
2013.03.14 00:06:42.533,0.86829,0.86842
2013.03.14 00:06:42.654,0.86829,0.86842
2013.03.14 00:06:54.183,0.86829,0.86843
2013.03.14 00:06:57.665,0.86829,0.86843
2013.03.14 00:07:05.376,0.86828,0.86842
2013.03.14 00:07:06.295,0.86828,0.86843
2013.03.14 00:07:06.604,0.86827,0.86843
2013.03.14 00:07:07.203,0.86827,0.86842
2013.03.14 00:07:08.384,0.86827,0.86843
2013.03.14 00:07:10.133,0.86827,0.86843
2013.03.14 00:07:11.993,0.86827,0.86843
2013.03.14 00:07:13.444,0.86827,0.86843
2013.03.14 00:07:21.003,0.86829,0.86843
2013.03.14 00:07:32.132,0.86829,0.86843
2013.03.14 00:07:40.873,0.8683,0.86843
2013.03.14 00:07:43.454,0.8683,0.86843
2013.03.14 00:07:43.846,0.8683,0.86843
2013.03.14 00:07:44.307,0.86833,0.86849
2013.03.14 00:07:44.376,0.86833,0.86849
2013.03.14 00:07:44.924,0.86833,0.86848
2013.03.14 00:07:45.790,0.86833,0.86848
2013.03.14 00:07:51.915,0.86833,0.8685
2013.03.14 00:07:57.134,0.86833,0.86848
2013.03.14 00:07:57.339,0.86833,0.86848
2013.03.14 00:08:02.044,0.86833,0.86849
2013.03.14 00:08:03.923,0.86833,0.86849
2013.03.14 00:08:06.145,0.86833,0.86849
2013.03.14 00:08:06.694,0.86833,0.86849
2013.03.14 00:08:46.264,0.86834,0.86849
2013.03.14 00:08:53.963,0.86833,0.86849
2013.03.14 00:08:56.164,0.86833,0.86849
2013.03.14 00:09:05.863,0.86831,0.86849
2013.03.14 00:09:14.858,0.86831,0.86847
2013.03.14 00:09:14.990,0.86829,0.86847
2013.03.14 00:09:20.155,0.8683,0.86846
2013.03.14 00:09:20.715,0.86831,0.86847
2013.03.14 00:09:24.005,0.86832,0.86847
2013.03.14 00:09:32.610,0.86831,0.86847
2013.03.14 00:09:32.677,0.86831,0.86847
2013.03.14 00:09:35.203,0.86831,0.86847
2013.03.14 00:09:42.073,0.86829,0.86845
2013.03.14 00:09:52.263,0.86831,0.86847
2013.03.14 00:10:29.487,0.86832,0.86847
2013.03.14 00:10:30.302,0.86831,0.86847
2013.03.14 00:10:57.043,0.86833,0.86848
2013.03.14 00:11:12.467,0.86831,0.86847
2013.03.14 00:11:21.164,0.86831,0.86847
2013.03.14 00:11:22.381,0.86829,0.86845
2013.03.14 00:11:22.444,0.86827,0.86844
2013.03.14 00:11:22.698,0.86828,0.86842
2013.03.14 00:11:23.275,0.86829,0.86842
2013.03.14 00:11:23.465,0.8683,0.86842
2013.03.14 00:11:26.743,0.8683,0.86843
2013.03.14 00:11:27.260,0.8683,0.86844
2013.03.14 00:11:29.715,0.8683,0.86844
2013.03.14 00:11:46.434,0.86829,0.86844
2013.03.14 00:11:47.166,0.86828,0.86839
2013.03.14 00:11:47.295,0.86824,0.8684
2013.03.14 00:11:47.365,0.86824,0.86839
2013.03.14 00:11:47.434,0.86823,0.86839
2013.03.14 00:11:47.675,0.86823,0.86837
2013.03.14 00:11:51.424,0.86822,0.86837
2013.03.14 00:11:56.444,0.86821,0.86835
2013.03.14 00:11:57.035,0.86821,0.86835
2013.03.14 00:11:58.268,0.86821,0.86835
2013.03.14 00:11:59.075,0.86821,0.86835
2013.03.14 00:12:01.834,0.86821,0.86835
2013.03.14 00:12:08.204,0.86819,0.86835
2013.03.14 00:12:08.334,0.86819,0.86835
2013.03.14 00:12:16.054,0.86819,0.86835
2013.03.14 00:12:41.065,0.86818,0.86833
2013.03.14 00:12:51.445,0.86817,0.86832
2013.03.14 00:12:51.754,0.86817,0.86832
2013.03.14 00:12:55.022,0.86819,0.86833
2013.03.14 00:12:55.616,0.86821,0.86836
2013.03.14 00:12:55.684,0.86823,0.86836
2013.03.14 00:12:56.165,0.86824,0.86839
2013.03.14 00:12:56.295,0.86825,0.86839
2013.03.14 00:12:59.165,0.86825,0.86838
2013.03.14 00:13:10.384,0.86824,0.8684
2013.03.14 00:13:11.125,0.86824,0.8684
2013.03.14 00:13:13.106,0.86824,0.8684
2013.03.14 00:13:13.653,0.86824,0.86838
2013.03.14 00:13:15.784,0.86823,0.86838
2013.03.14 00:13:25.060,0.86823,0.86837
2013.03.14 00:13:25.478,0.86823,0.86838
2013.03.14 00:13:28.133,0.86823,0.86839
2013.03.14 00:13:29.316,0.86823,0.86838
2013.03.14 00:13:30.233,0.86825,0.86838
2013.03.14 00:13:31.834,0.86824,0.86838
2013.03.14 00:13:32.444,0.86824,0.86838
2013.03.14 00:13:32.985,0.86824,0.86838
2013.03.14 00:13:33.506,0.86825,0.86838
2013.03.14 00:13:51.465,0.86826,0.86841
2013.03.14 00:13:52.287,0.86825,0.86841
2013.03.14 00:13:56.154,0.86826,0.86841
2013.03.14 00:13:56.376,0.86826,0.86841
2013.03.14 00:14:01.985,0.86824,0.86839
2013.03.14 00:14:03.114,0.86824,0.86838
2013.03.14 00:14:06.293,0.86822,0.86836
2013.03.14 00:14:06.414,0.86822,0.86836
2013.03.14 00:14:08.634,0.86822,0.86839
2013.03.14 00:14:09.044,0.86823,0.86839
2013.03.14 00:14:12.550,0.86821,0.86837
2013.03.14 00:14:13.246,0.86822,0.86839
2013.03.14 00:14:17.065,0.86823,0.8684
2013.03.14 00:14:17.385,0.86824,0.8684
2013.03.14 00:14:17.694,0.86826,0.8684
2013.03.14 00:14:18.116,0.86824,0.8684
2013.03.14 00:14:18.186,0.86824,0.8684
2013.03.14 00:14:18.736,0.86825,0.8684
2013.03.14 00:14:19.286,0.86824,0.8684
2013.03.14 00:14:20.615,0.86824,0.8684
2013.03.14 00:14:21.525,0.86825,0.8684
2013.03.14 00:14:22.073,0.86824,0.8684
2013.03.14 00:14:22.614,0.86824,0.8684
2013.03.14 00:14:23.169,0.86825,0.8684
2013.03.14 00:14:24.123,0.86824,0.8684
2013.03.14 00:14:24.663,0.86824,0.8684
2013.03.14 00:14:25.674,0.86824,0.8684
2013.03.14 00:14:26.215,0.86827,0.86842
2013.03.14 00:14:30.624,0.86827,0.86842
2013.03.14 00:14:31.805,0.86827,0.86842
2013.03.14 00:14:33.154,0.86827,0.86842
2013.03.14 00:14:33.599,0.86828,0.86842
2013.03.14 00:14:33.725,0.86828,0.86843
2013.03.14 00:14:34.026,0.86831,0.86844
2013.03.14 00:14:34.219,0.86831,0.86844
2013.03.14 00:14:34.559,0.86824,0.8684
2013.03.14 00:14:43.695,0.86828,0.86842
2013.03.14 00:14:44.245,0.86824,0.86839
2013.03.14 00:14:45.344,0.86824,0.86839
2013.03.14 00:14:45.645,0.86822,0.86835
2013.03.14 00:14:46.135,0.86822,0.86837
2013.03.14 00:14:46.684,0.86822,0.86836
2013.03.14 00:15:00.716,0.86821,0.86835
2013.03.14 00:15:00.845,0.8682,0.86835
2013.03.14 00:15:01.569,0.86821,0.86835
2013.03.14 00:15:04.006,0.86821,0.86835
2013.03.14 00:15:04.565,0.86818,0.86832
2013.03.14 00:15:05.136,0.86818,0.86831
2013.03.14 00:15:05.387,0.86813,0.86828
2013.03.14 00:15:05.456,0.86813,0.86831
2013.03.14 00:15:05.586,0.86813,0.86827
2013.03.14 00:15:05.718,0.86813,0.86827
2013.03.14 00:15:06.265,0.86813,0.86828
2013.03.14 00:15:06.816,0.86813,0.86828
2013.03.14 00:15:10.474,0.86813,0.86825
2013.03.14 00:15:11.145,0.86813,0.86828
2013.03.14 00:15:11.685,0.86816,0.86831
2013.03.14 00:15:12.885,0.86818,0.86831
2013.03.14 00:15:13.444,0.86816,0.86829
2013.03.14 00:15:14.559,0.86816,0.86829
2013.03.14 00:15:16.015,0.86815,0.8683
2013.03.14 00:15:17.225,0.86812,0.86827
2013.03.14 00:15:17.904,0.86811,0.86825
2013.03.14 00:15:18.415,0.86809,0.86824
2013.03.14 00:15:19.614,0.86809,0.86824
2013.03.14 00:15:19.675,0.86809,0.86824
2013.03.14 00:15:20.224,0.86807,0.86822
2013.03.14 00:15:21.365,0.86808,0.86822
2013.03.14 00:15:21.496,0.86808,0.86822
2013.03.14 00:15:21.685,0.86808,0.86824
2013.03.14 00:15:22.054,0.86808,0.86825
2013.03.14 00:15:26.654,0.86808,0.86824
2013.03.14 00:15:30.266,0.86808,0.86824
2013.03.14 00:15:30.635,0.8681,0.86825
2013.03.14 00:15:30.824,0.86809,0.86825
2013.03.14 00:15:31.364,0.86811,0.86824
2013.03.14 00:15:33.163,0.86811,0.86822
2013.03.14 00:15:34.195,0.86808,0.86822
2013.03.14 00:15:34.744,0.86808,0.86822
2013.03.14 00:15:36.635,0.8681,0.86823
2013.03.14 00:15:36.710,0.8681,0.86824
2013.03.14 00:15:37.146,0.86809,0.86823
2013.03.14 00:15:37.726,0.86809,0.86823
2013.03.14 00:15:40.055,0.86809,0.86823
2013.03.14 00:15:48.165,0.86809,0.86823
2013.03.14 00:15:49.441,0.86809,0.86822
2013.03.14 00:16:01.035,0.86809,0.86823
2013.03.14 00:16:01.936,0.86808,0.86821
2013.03.14 00:16:03.225,0.86808,0.8682
2013.03.14 00:16:03.766,0.86808,0.86821
2013.03.14 00:16:04.346,0.86807,0.86822
2013.03.14 00:16:04.895,0.86807,0.86822
2013.03.14 00:16:12.326,0.8681,0.86822
2013.03.14 00:16:12.456,0.86812,0.86825
2013.03.14 00:16:12.885,0.86812,0.86824
2013.03.14 00:16:13.005,0.86812,0.8683
2013.03.14 00:16:13.125,0.86812,0.8683
2013.03.14 00:16:13.444,0.86815,0.86828
2013.03.14 00:16:13.565,0.86815,0.86829
2013.03.14 00:16:13.925,0.86815,0.86829
2013.03.14 00:16:14.165,0.86818,0.86833
2013.03.14 00:16:14.226,0.86818,0.86833
2013.03.14 00:16:14.355,0.86818,0.86833
2013.03.14 00:16:14.475,0.86818,0.86833
2013.03.14 00:16:14.535,0.86819,0.86833
2013.03.14 00:16:14.665,0.86819,0.86833
2013.03.14 00:16:15.186,0.86819,0.86833
2013.03.14 00:16:20.136,0.86822,0.86836
2013.03.14 00:16:20.206,0.86825,0.86836
2013.03.14 00:16:20.515,0.86827,0.8684
2013.03.14 00:16:20.645,0.86827,0.86841
2013.03.14 00:16:20.835,0.86828,0.86841
2013.03.14 00:16:21.085,0.86828,0.86842
2013.03.14 00:16:22.207,0.86825,0.86842
2013.03.14 00:16:22.276,0.86824,0.8684
2013.03.14 00:16:22.346,0.86824,0.86838
2013.03.14 00:16:22.475,0.86826,0.8684
2013.03.14 00:16:22.536,0.86826,0.8684
2013.03.14 00:16:23.886,0.86826,0.86842
2013.03.14 00:16:25.696,0.86828,0.86842
2013.03.14 00:16:41.320,0.86828,0.8684
2013.03.14 00:16:47.716,0.86828,0.86841
2013.03.14 00:16:47.965,0.86827,0.86841
2013.03.14 00:16:50.456,0.86828,0.86843
2013.03.14 00:16:50.764,0.86829,0.86843
2013.03.14 00:16:52.136,0.8683,0.86845
2013.03.14 00:16:52.275,0.8683,0.86845
2013.03.14 00:16:59.634,0.8683,0.86843
2013.03.14 00:17:03.256,0.86831,0.86846
2013.03.14 00:17:10.202,0.86829,0.86843
2013.03.14 00:17:10.813,0.86825,0.86839
2013.03.14 00:17:11.336,0.86825,0.86837
2013.03.14 00:17:13.387,0.86825,0.86837
2013.03.14 00:17:13.825,0.86827,0.86841
2013.03.14 00:17:14.328,0.86825,0.86838
2013.03.14 00:17:14.519,0.86825,0.86837
2013.03.14 00:17:14.646,0.86824,0.86837
2013.03.14 00:17:15.144,0.86824,0.86838
2013.03.14 00:17:15.906,0.86824,0.86837
2013.03.14 00:17:18.369,0.86824,0.86837
2013.03.14 00:17:18.775,0.86824,0.86839
2013.03.14 00:17:18.966,0.86826,0.86839
2013.03.14 00:17:19.479,0.86826,0.86839
2013.03.14 00:17:20.186,0.86826,0.86838
2013.03.14 00:17:21.093,0.86826,0.8684
2013.03.14 00:17:21.785,0.86826,0.8684
2013.03.14 00:17:22.337,0.86826,0.86839
2013.03.14 00:17:22.429,0.86826,0.86841
2013.03.14 00:17:23.535,0.86826,0.8684
2013.03.14 00:17:23.758,0.86826,0.86839
2013.03.14 00:17:32.295,0.86824,0.8684
2013.03.14 00:17:32.380,0.86828,0.86843
2013.03.14 00:17:32.577,0.8683,0.86843
2013.03.14 00:17:33.135,0.8683,0.86843
2013.03.14 00:17:42.756,0.86831,0.86846
2013.03.14 00:17:42.945,0.86832,0.86847
2013.03.14 00:17:43.306,0.86834,0.86849
2013.03.14 00:17:43.501,0.86834,0.86849
2013.03.14 00:17:44.006,0.86834,0.86849
2013.03.14 00:17:44.965,0.86833,0.86849
2013.03.14 00:17:45.027,0.86833,0.86848
2013.03.14 00:17:45.396,0.86831,0.86847
2013.03.14 00:17:46.007,0.86831,0.86844
2013.03.14 00:17:46.565,0.86831,0.86844
2013.03.14 00:17:48.601,0.8683,0.86844
2013.03.14 00:17:49.166,0.8683,0.86843
2013.03.14 00:17:50.295,0.8683,0.86843
2013.03.14 00:17:57.374,0.86828,0.86843
2013.03.14 00:18:02.736,0.86827,0.86842
2013.03.14 00:18:12.205,0.86828,0.86842
2013.03.14 00:18:12.696,0.86828,0.86844
2013.03.14 00:18:13.125,0.86828,0.86844
2013.03.14 00:18:13.640,0.86828,0.86844
2013.03.14 00:18:14.187,0.86828,0.86843
2013.03.14 00:18:18.706,0.86826,0.86843
2013.03.14 00:18:19.085,0.86826,0.86843
2013.03.14 00:18:25.588,0.86826,0.86842
2013.03.14 00:18:26.526,0.86826,0.86842
2013.03.14 00:18:27.915,0.86826,0.86842
2013.03.14 00:18:43.456,0.86825,0.86841
2013.03.14 00:18:44.004,0.86823,0.86841
2013.03.14 00:18:46.995,0.86825,0.86839
2013.03.14 00:18:50.795,0.86823,0.8684
2013.03.14 00:18:54.656,0.86823,0.86839
2013.03.14 00:18:54.726,0.86823,0.8684
2013.03.14 00:19:01.016,0.86824,0.86839
2013.03.14 00:19:02.387,0.86825,0.86841
2013.03.14 00:19:03.215,0.86825,0.86842
2013.03.14 00:19:08.036,0.86825,0.86841
2013.03.14 00:19:08.935,0.86825,0.86841
2013.03.14 00:19:09.497,0.86825,0.86841
2013.03.14 00:19:10.448,0.86826,0.86842
2013.03.14 00:19:43.685,0.86825,0.86842
2013.03.14 00:19:50.516,0.86827,0.86841
2013.03.14 00:19:50.716,0.86827,0.86841
2013.03.14 00:20:03.554,0.86826,0.8684
2013.03.14 00:20:04.075,0.86826,0.8684
2013.03.14 00:20:38.643,0.86826,0.8684
2013.03.14 00:20:40.344,0.86826,0.8684
2013.03.14 00:20:40.526,0.86824,0.86838
2013.03.14 00:20:40.656,0.86824,0.86837
2013.03.14 00:20:41.084,0.86824,0.86836
2013.03.14 00:20:57.344,0.86822,0.86836
2013.03.14 00:20:59.994,0.86822,0.86836
2013.03.14 00:21:00.538,0.86822,0.86836
2013.03.14 00:21:06.220,0.86822,0.86836
2013.03.14 00:21:10.886,0.86819,0.86833
2013.03.14 00:21:11.316,0.86823,0.86837
2013.03.14 00:21:11.841,0.86822,0.86833
2013.03.14 00:21:11.906,0.86822,0.86835
2013.03.14 00:21:11.978,0.86822,0.86832
2013.03.14 00:21:12.535,0.86821,0.86832
2013.03.14 00:21:13.845,0.8682,0.86832
2013.03.14 00:21:15.047,0.8682,0.86832
2013.03.14 00:21:15.355,0.86819,0.86832
2013.03.14 00:21:22.627,0.86819,0.86832
2013.03.14 00:21:27.945,0.86819,0.86832
2013.03.14 00:21:29.405,0.86819,0.86834
2013.03.14 00:21:30.042,0.86818,0.86831
2013.03.14 00:21:31.035,0.86818,0.86831
2013.03.14 00:21:34.135,0.86818,0.86831
2013.03.14 00:21:38.935,0.86818,0.86832
2013.03.14 00:21:40.955,0.86818,0.86832
2013.03.14 00:21:41.496,0.86818,0.86832
2013.03.14 00:21:45.077,0.86818,0.86832
2013.03.14 00:21:45.978,0.8682,0.86833
2013.03.14 00:21:47.286,0.86819,0.86833
2013.03.14 00:21:47.917,0.8682,0.86834
2013.03.14 00:22:06.734,0.8682,0.86834
2013.03.14 00:22:11.275,0.8682,0.86834
2013.03.14 00:22:18.246,0.86821,0.86834
2013.03.14 00:22:18.797,0.8682,0.86832
2013.03.14 00:22:21.485,0.8682,0.86832
2013.03.14 00:22:22.158,0.8682,0.86831
2013.03.14 00:22:22.701,0.8682,0.8683
2013.03.14 00:22:23.725,0.8682,0.8683
2013.03.14 00:22:25.803,0.86818,0.8683
2013.03.14 00:22:25.937,0.86817,0.86831
2013.03.14 00:22:26.068,0.86818,0.86831
2013.03.14 00:22:26.615,0.86817,0.86829
2013.03.14 00:22:28.883,0.86816,0.86829
2013.03.14 00:22:32.844,0.86816,0.86829
2013.03.14 00:22:33.385,0.86816,0.86831
2013.03.14 00:22:34.206,0.86818,0.86832
2013.03.14 00:22:35.315,0.86818,0.8683
2013.03.14 00:22:45.378,0.86818,0.8683
2013.03.14 00:22:47.255,0.86818,0.86832
2013.03.14 00:22:47.783,0.86819,0.86832
2013.03.14 00:22:52.486,0.86819,0.86832
2013.03.14 00:22:52.995,0.86819,0.86832
2013.03.14 00:22:53.754,0.86819,0.86832
2013.03.14 00:22:55.866,0.86818,0.86832
2013.03.14 00:23:00.764,0.86817,0.86832
2013.03.14 00:23:01.006,0.86815,0.8683
2013.03.14 00:23:01.195,0.86813,0.86828
2013.03.14 00:23:01.255,0.86814,0.86828
2013.03.14 00:23:02.235,0.86813,0.86828
2013.03.14 00:23:03.785,0.86814,0.86828
2013.03.14 00:23:04.565,0.86814,0.86828
2013.03.14 00:23:05.994,0.86814,0.86829
2013.03.14 00:23:06.655,0.86814,0.86828
2013.03.14 00:23:07.195,0.86814,0.86828
2013.03.14 00:23:07.736,0.86814,0.86828
2013.03.14 00:23:08.285,0.86814,0.86828
2013.03.14 00:23:08.836,0.86814,0.86828
2013.03.14 00:23:09.394,0.86814,0.86829
2013.03.14 00:23:10.152,0.86814,0.86828
2013.03.14 00:23:10.395,0.86814,0.86828
2013.03.14 00:23:10.707,0.86814,0.86829
2013.03.14 00:23:16.013,0.86814,0.86828
2013.03.14 00:23:16.555,0.86814,0.86828
2013.03.14 00:23:17.095,0.86814,0.86828
2013.03.14 00:23:17.396,0.86814,0.86828
2013.03.14 00:23:17.595,0.86814,0.8683
2013.03.14 00:23:18.146,0.86815,0.8683
2013.03.14 00:23:21.649,0.86814,0.86829
2013.03.14 00:23:22.745,0.86814,0.86829
2013.03.14 00:23:23.316,0.86815,0.86829
2013.03.14 00:23:24.344,0.86815,0.86829
2013.03.14 00:23:25.436,0.86815,0.86829
2013.03.14 00:23:25.565,0.86815,0.86829
2013.03.14 00:23:25.986,0.86815,0.86829
2013.03.14 00:23:26.535,0.86815,0.86829
2013.03.14 00:23:26.716,0.86815,0.86829
2013.03.14 00:23:27.264,0.86815,0.86829
2013.03.14 00:23:27.746,0.86815,0.86829
2013.03.14 00:23:28.056,0.86815,0.86829
2013.03.14 00:23:28.116,0.86817,0.86829
2013.03.14 00:23:28.486,0.86818,0.86832
2013.03.14 00:23:36.975,0.86818,0.86831
2013.03.14 00:23:48.907,0.86819,0.86832
2013.03.14 00:23:49.396,0.86816,0.86833
2013.03.14 00:23:49.945,0.86817,0.86829
2013.03.14 00:24:02.767,0.86817,0.86829
2013.03.14 00:24:03.697,0.86816,0.86829
2013.03.14 00:24:05.356,0.86816,0.86827
2013.03.14 00:24:12.818,0.86815,0.86831
2013.03.14 00:24:14.135,0.86815,0.86831
2013.03.14 00:24:16.724,0.86815,0.86831
2013.03.14 00:24:18.537,0.86815,0.86831
2013.03.14 00:24:20.034,0.86817,0.86831
2013.03.14 00:24:25.986,0.86817,0.86831
2013.03.14 00:24:28.721,0.86817,0.86831
2013.03.14 00:24:36.905,0.86818,0.86831
2013.03.14 00:24:38.500,0.86818,0.86831
2013.03.14 00:24:41.625,0.86819,0.86831
2013.03.14 00:24:42.298,0.86819,0.86832
2013.03.14 00:24:43.446,0.86819,0.86831
2013.03.14 00:24:44.444,0.86818,0.8683
2013.03.14 00:24:44.946,0.86814,0.86827
2013.03.14 00:24:46.447,0.86814,0.86828
2013.03.14 00:24:47.236,0.86814,0.86829
2013.03.14 00:24:47.566,0.86816,0.86831
2013.03.14 00:24:47.698,0.86817,0.86832
2013.03.14 00:24:47.766,0.86818,0.86832
2013.03.14 00:24:47.836,0.8682,0.86832
2013.03.14 00:24:49.971,0.8682,0.86831
2013.03.14 00:24:50.858,0.8682,0.86833
2013.03.14 00:24:57.566,0.8682,0.86833
2013.03.14 00:24:58.329,0.8682,0.86833
2013.03.14 00:25:00.975,0.8682,0.86833
2013.03.14 00:25:04.537,0.8682,0.86833
2013.03.14 00:25:09.321,0.86818,0.86833
2013.03.14 00:25:09.947,0.86818,0.86831
2013.03.14 00:25:20.906,0.86818,0.86832
2013.03.14 00:25:21.445,0.86818,0.86831
2013.03.14 00:25:22.456,0.86818,0.86831
2013.03.14 00:25:28.736,0.86818,0.86831
2013.03.14 00:25:28.806,0.86817,0.86831
2013.03.14 00:25:29.758,0.8682,0.86832
2013.03.14 00:25:30.306,0.8682,0.86833
2013.03.14 00:25:30.808,0.8682,0.86834
2013.03.14 00:25:38.472,0.8682,0.86836
2013.03.14 00:25:39.026,0.8682,0.86836
2013.03.14 00:25:40.260,0.86822,0.86836
2013.03.14 00:25:40.806,0.86822,0.86836
2013.03.14 00:25:47.166,0.86823,0.86836
2013.03.14 00:25:47.297,0.86823,0.86835
2013.03.14 00:25:47.938,0.86826,0.86837
2013.03.14 00:25:48.479,0.86826,0.86838
2013.03.14 00:25:48.546,0.86826,0.86838
2013.03.14 00:25:52.176,0.86826,0.86838
2013.03.14 00:25:53.798,0.86826,0.86838
2013.03.14 00:26:01.216,0.86825,0.86838
2013.03.14 00:26:05.895,0.86825,0.86838
2013.03.14 00:26:08.975,0.86824,0.86838
2013.03.14 00:26:09.726,0.86825,0.86838
2013.03.14 00:26:16.245,0.86826,0.86838
2013.03.14 00:26:30.666,0.86826,0.86838
2013.03.14 00:26:33.407,0.86825,0.86838
2013.03.14 00:26:36.976,0.86825,0.86838
2013.03.14 00:26:40.203,0.86824,0.86839
2013.03.14 00:26:42.771,0.86825,0.86839
2013.03.14 00:26:47.835,0.86825,0.8684
2013.03.14 00:26:48.558,0.86825,0.8684
2013.03.14 00:26:49.605,0.86825,0.8684
2013.03.14 00:26:54.938,0.86826,0.86839
2013.03.14 00:26:56.248,0.86826,0.86839
2013.03.14 00:26:56.796,0.86826,0.86839
2013.03.14 00:26:58.486,0.86826,0.86839
2013.03.14 00:26:59.047,0.86825,0.86839
2013.03.14 00:26:59.502,0.86825,0.86839
2013.03.14 00:26:59.708,0.86823,0.86836
2013.03.14 00:26:59.836,0.86823,0.86835
2013.03.14 00:27:01.126,0.86822,0.86833
2013.03.14 00:27:02.206,0.86819,0.86833
2013.03.14 00:27:02.657,0.86819,0.86833
2013.03.14 00:27:03.205,0.86819,0.86833
2013.03.14 00:27:04.646,0.86819,0.86833
2013.03.14 00:27:04.897,0.86819,0.86833
2013.03.14 00:27:05.086,0.86819,0.86833
2013.03.14 00:27:05.218,0.86819,0.86833
2013.03.14 00:27:05.610,0.86819,0.86834
2013.03.14 00:27:05.857,0.86819,0.86834
2013.03.14 00:27:06.295,0.86819,0.86834
2013.03.14 00:27:06.416,0.86819,0.86834
2013.03.14 00:27:07.745,0.86819,0.86834
2013.03.14 00:27:08.137,0.86819,0.86833
2013.03.14 00:27:08.757,0.86819,0.86834
2013.03.14 00:27:10.826,0.86819,0.86834
2013.03.14 00:27:11.317,0.86819,0.86833
2013.03.14 00:27:15.365,0.86819,0.86834
2013.03.14 00:27:20.907,0.8682,0.86834
2013.03.14 00:27:21.839,0.8682,0.86835
2013.03.14 00:27:22.226,0.86821,0.86836
2013.03.14 00:27:22.776,0.86821,0.86836
2013.03.14 00:27:23.335,0.86821,0.86835
2013.03.14 00:27:23.878,0.86821,0.86835
2013.03.14 00:27:24.425,0.86821,0.86836
2013.03.14 00:27:24.941,0.86822,0.86836
2013.03.14 00:27:25.208,0.86824,0.86839
2013.03.14 00:27:25.518,0.86824,0.86839
2013.03.14 00:27:26.408,0.86824,0.86839
2013.03.14 00:27:27.380,0.86824,0.86839
2013.03.14 00:27:29.137,0.86825,0.86839
2013.03.14 00:27:33.217,0.86824,0.86839
2013.03.14 00:27:38.396,0.86824,0.86839
2013.03.14 00:27:38.538,0.86823,0.86839
2013.03.14 00:27:38.727,0.86823,0.86837
2013.03.14 00:27:39.356,0.86822,0.86837
2013.03.14 00:27:40.329,0.86822,0.86838
2013.03.14 00:27:40.836,0.86822,0.86838
2013.03.14 00:27:41.867,0.86822,0.86838
2013.03.14 00:27:42.425,0.86824,0.86839
2013.03.14 00:27:43.717,0.86825,0.86839
2013.03.14 00:27:43.966,0.86825,0.8684
2013.03.14 00:27:44.455,0.86827,0.86843
2013.03.14 00:27:45.885,0.86827,0.86843
2013.03.14 00:27:46.125,0.86827,0.86843
2013.03.14 00:27:47.328,0.86827,0.86843
2013.03.14 00:27:49.436,0.86827,0.86842
2013.03.14 00:27:50.415,0.86827,0.86844
2013.03.14 00:27:52.646,0.86828,0.86844
2013.03.14 00:27:56.267,0.86827,0.86844
2013.03.14 00:27:57.334,0.86827,0.86844
2013.03.14 00:28:02.407,0.86827,0.86844
2013.03.14 00:28:03.726,0.86827,0.86844
2013.03.14 00:28:08.333,0.86828,0.86844
2013.03.14 00:28:11.657,0.86827,0.86843
2013.03.14 00:28:14.247,0.86827,0.86841
2013.03.14 00:28:14.316,0.86827,0.86841
2013.03.14 00:28:14.436,0.86825,0.86841
2013.03.14 00:28:14.616,0.86825,0.86839
2013.03.14 00:28:15.165,0.86825,0.86841
2013.03.14 00:28:16.286,0.86825,0.8684
2013.03.14 00:28:19.224,0.86825,0.8684
2013.03.14 00:28:24.506,0.86825,0.86841
2013.03.14 00:28:30.376,0.86825,0.86841
2013.03.14 00:28:33.986,0.86826,0.86841
2013.03.14 00:28:43.136,0.86825,0.86841
2013.03.14 00:28:48.157,0.86825,0.8684
2013.03.14 00:28:48.715,0.86825,0.86841
2013.03.14 00:28:49.936,0.86826,0.86841
2013.03.14 00:28:50.305,0.86826,0.8684
2013.03.14 00:28:51.454,0.86825,0.8684
2013.03.14 00:28:59.356,0.86825,0.86839
2013.03.14 00:28:59.536,0.86824,0.86839
2013.03.14 00:29:00.199,0.86824,0.86839
2013.03.14 00:29:22.625,0.86824,0.86839
2013.03.14 00:29:23.176,0.86823,0.86839
2013.03.14 00:29:23.485,0.86823,0.86839
2013.03.14 00:29:29.812,0.86826,0.86839
2013.03.14 00:29:29.997,0.86826,0.86841
2013.03.14 00:29:31.135,0.86826,0.86841
2013.03.14 00:29:31.686,0.86825,0.86842
2013.03.14 00:29:40.577,0.86827,0.86838
2013.03.14 00:29:40.706,0.86823,0.86838
2013.03.14 00:29:40.908,0.86821,0.86838
2013.03.14 00:29:41.157,0.86819,0.86836
2013.03.14 00:29:41.227,0.86821,0.86835
2013.03.14 00:29:44.416,0.86819,0.86836
2013.03.14 00:29:49.505,0.86819,0.86834
2013.03.14 00:29:50.526,0.86819,0.86834
2013.03.14 00:29:58.157,0.86818,0.86833
2013.03.14 00:30:01.739,0.86818,0.86831
2013.03.14 00:30:01.885,0.86818,0.8683
2013.03.14 00:30:02.023,0.86818,0.8683
2013.03.14 00:30:02.167,0.86818,0.8683
2013.03.14 00:30:02.312,0.86814,0.86829
2013.03.14 00:30:02.451,0.86812,0.86828
2013.03.14 00:30:02.521,0.86812,0.86826
2013.03.14 00:30:03.038,0.86812,0.86828
2013.03.14 00:30:03.111,0.86812,0.86826
2013.03.14 00:30:03.248,0.86811,0.86826
2013.03.14 00:30:03.389,0.86808,0.86824
2013.03.14 00:30:03.611,0.86806,0.86825
2013.03.14 00:30:03.740,0.86807,0.86822
2013.03.14 00:30:04.265,0.86814,0.86827
2013.03.14 00:30:06.571,0.86824,0.86843
2013.03.14 00:30:07.423,0.86824,0.86842
2013.03.14 00:30:08.040,0.86824,0.86839
2013.03.14 00:30:08.698,0.86824,0.86841
2013.03.14 00:30:09.038,0.86822,0.86833
2013.03.14 00:30:09.135,0.8682,0.86833
2013.03.14 00:30:09.210,0.86816,0.86833
2013.03.14 00:30:09.735,0.86815,0.8683
2013.03.14 00:30:10.230,0.86815,0.8683
2013.03.14 00:30:10.663,0.86813,0.8683
2013.03.14 00:30:11.204,0.86813,0.86828
2013.03.14 00:30:11.281,0.8681,0.86828
2013.03.14 00:30:11.410,0.86809,0.86826
2013.03.14 00:30:11.547,0.86807,0.86825
2013.03.14 00:30:11.739,0.86805,0.86822
2013.03.14 00:30:12.368,0.86803,0.8682
2013.03.14 00:30:12.747,0.86801,0.86817
2013.03.14 00:30:13.269,0.86801,0.86817
2013.03.14 00:30:13.341,0.868,0.86817
2013.03.14 00:30:13.681,0.86796,0.86814
2013.03.14 00:30:14.304,0.86795,0.86812
2013.03.14 00:30:14.663,0.86794,0.86811
2013.03.14 00:30:15.211,0.86795,0.8681
2013.03.14 00:30:15.490,0.86794,0.8681
2013.03.14 00:30:16.107,0.86792,0.8681
2013.03.14 00:30:16.648,0.86793,0.86809
2013.03.14 00:30:16.969,0.86792,0.86809
2013.03.14 00:30:17.248,0.86792,0.86805
2013.03.14 00:30:17.771,0.8679,0.86804
2013.03.14 00:30:20.097,0.8679,0.86804
2013.03.14 00:30:20.725,0.86791,0.86804
2013.03.14 00:30:20.868,0.86789,0.86804
2013.03.14 00:30:21.888,0.8679,0.86805
2013.03.14 00:30:25.676,0.8679,0.86805
2013.03.14 00:30:25.988,0.86789,0.86803
2013.03.14 00:30:26.318,0.86787,0.86801
2013.03.14 00:30:26.638,0.86786,0.86801
2013.03.14 00:30:27.088,0.86787,0.86802
2013.03.14 00:30:27.158,0.86789,0.86803
2013.03.14 00:30:27.228,0.86792,0.86804
2013.03.14 00:30:27.488,0.86793,0.86808
2013.03.14 00:30:29.738,0.86793,0.86807
2013.03.14 00:30:30.318,0.86794,0.86807
2013.03.14 00:30:32.336,0.86793,0.86807
2013.03.14 00:30:32.828,0.86792,0.86805
2013.03.14 00:30:33.278,0.8679,0.86805
2013.03.14 00:30:33.799,0.86788,0.86804
2013.03.14 00:30:34.547,0.86787,0.86801
2013.03.14 00:30:34.617,0.86787,0.86801
2013.03.14 00:30:34.688,0.8678,0.868
2013.03.14 00:30:34.876,0.86787,0.868
2013.03.14 00:30:35.397,0.86786,0.86802
2013.03.14 00:30:35.719,0.86787,0.86802
2013.03.14 00:30:36.948,0.86782,0.86796
2013.03.14 00:30:37.377,0.86786,0.86798
2013.03.14 00:30:37.509,0.86787,0.868
2013.03.14 00:30:38.104,0.86788,0.86803
2013.03.14 00:30:41.348,0.86786,0.86803
2013.03.14 00:30:41.857,0.86789,0.86804
2013.03.14 00:30:42.437,0.8679,0.86805
2013.03.14 00:30:42.931,0.8679,0.86807
2013.03.14 00:30:44.528,0.8679,0.86804
2013.03.14 00:30:44.968,0.86791,0.86807
2013.03.14 00:30:45.647,0.86791,0.86805
2013.03.14 00:30:46.976,0.86791,0.86805
2013.03.14 00:30:48.778,0.86791,0.86806
2013.03.14 00:30:48.848,0.86791,0.86806
2013.03.14 00:30:49.409,0.86791,0.86806
2013.03.14 00:30:49.657,0.8679,0.86803
2013.03.14 00:30:49.729,0.8679,0.86803
2013.03.14 00:30:50.290,0.8679,0.86805
2013.03.14 00:30:50.797,0.86789,0.86802
2013.03.14 00:30:51.259,0.86787,0.86803
2013.03.14 00:30:51.475,0.86789,0.86803
2013.03.14 00:30:51.618,0.86791,0.86805
2013.03.14 00:30:52.730,0.86791,0.86807
2013.03.14 00:30:53.237,0.86791,0.86806
2013.03.14 00:30:54.011,0.86792,0.86808
2013.03.14 00:30:54.197,0.86792,0.86808
2013.03.14 00:30:54.967,0.86793,0.8681
2013.03.14 00:30:55.620,0.86793,0.8681
2013.03.14 00:30:57.057,0.86793,0.8681
2013.03.14 00:30:57.697,0.86793,0.8681
2013.03.14 00:31:02.066,0.86793,0.86808
2013.03.14 00:31:03.322,0.86794,0.86809
2013.03.14 00:31:03.851,0.86793,0.86809
2013.03.14 00:31:04.554,0.86793,0.86807
2013.03.14 00:31:04.705,0.86794,0.86807
2013.03.14 00:31:06.589,0.86796,0.86811
2013.03.14 00:31:07.311,0.86796,0.86812
2013.03.14 00:31:08.798,0.86794,0.86811
2013.03.14 00:31:09.312,0.86794,0.86811
2013.03.14 00:31:09.862,0.86798,0.86811
2013.03.14 00:31:09.930,0.86798,0.86812
2013.03.14 00:31:09.999,0.86798,0.86814
2013.03.14 00:31:12.099,0.86799,0.86814
2013.03.14 00:31:12.928,0.86799,0.86814
2013.03.14 00:31:13.459,0.86799,0.86815
2013.03.14 00:31:14.427,0.86799,0.86814
2013.03.14 00:31:15.457,0.86799,0.86817
2013.03.14 00:31:15.648,0.868,0.86814
2013.03.14 00:31:16.259,0.868,0.86814
2013.03.14 00:31:16.628,0.86801,0.86814
2013.03.14 00:31:17.139,0.86801,0.86814
2013.03.14 00:31:18.268,0.86799,0.86813
2013.03.14 00:31:20.069,0.86799,0.86814
2013.03.14 00:31:20.387,0.86798,0.86813
2013.03.14 00:31:20.459,0.86796,0.86813
2013.03.14 00:31:21.349,0.86796,0.86813
2013.03.14 00:31:21.898,0.86796,0.86811
2013.03.14 00:31:22.407,0.86796,0.86812
2013.03.14 00:31:24.588,0.86796,0.86812
2013.03.14 00:31:24.718,0.86796,0.86812
2013.03.14 00:31:25.149,0.86796,0.8681
2013.03.14 00:31:25.478,0.86793,0.86809
2013.03.14 00:31:26.028,0.86793,0.86806
2013.03.14 00:31:26.488,0.86793,0.86806
2013.03.14 00:31:27.808,0.86793,0.86806
2013.03.14 00:31:30.284,0.86791,0.86803
2013.03.14 00:31:30.373,0.86789,0.86802
2013.03.14 00:31:32.039,0.86786,0.86802
2013.03.14 00:31:32.109,0.86786,0.86802
2013.03.14 00:31:32.239,0.86786,0.868
2013.03.14 00:31:32.453,0.86784,0.86799
2013.03.14 00:31:32.663,0.86784,0.86798
2013.03.14 00:31:33.040,0.86785,0.86799
2013.03.14 00:31:33.628,0.86783,0.86797
2013.03.14 00:31:33.703,0.86783,0.86796
2013.03.14 00:31:34.228,0.86784,0.86797
2013.03.14 00:31:34.298,0.86785,0.868
2013.03.14 00:31:34.371,0.86784,0.868
2013.03.14 00:31:34.878,0.86786,0.86801
2013.03.14 00:31:35.127,0.86786,0.86801
2013.03.14 00:31:35.641,0.86786,0.86802
2013.03.14 00:31:38.457,0.86787,0.86802
2013.03.14 00:31:39.639,0.86788,0.86804
2013.03.14 00:31:39.958,0.8679,0.86805
2013.03.14 00:31:40.208,0.8679,0.86807
2013.03.14 00:31:40.467,0.86791,0.86807
2013.03.14 00:31:41.080,0.86792,0.86807
2013.03.14 00:31:42.078,0.86793,0.86807
2013.03.14 00:31:42.617,0.86794,0.86808
2013.03.14 00:31:42.938,0.86795,0.86811
2013.03.14 00:31:43.318,0.86795,0.86811
2013.03.14 00:31:44.498,0.86796,0.86811
2013.03.14 00:31:45.050,0.86798,0.86813
2013.03.14 00:31:45.178,0.86798,0.86813
2013.03.14 00:31:45.506,0.86799,0.86813
2013.03.14 00:31:46.712,0.86799,0.86814
2013.03.14 00:31:47.176,0.86801,0.86815
2013.03.14 00:31:52.448,0.868,0.86814
2013.03.14 00:31:52.988,0.86802,0.86814
2013.03.14 00:31:57.438,0.868,0.86814
2013.03.14 00:31:57.757,0.86802,0.86814
2013.03.14 00:31:58.794,0.86802,0.86814
2013.03.14 00:31:59.307,0.86803,0.86818
2013.03.14 00:31:59.377,0.86803,0.86818
2013.03.14 00:32:00.017,0.86803,0.86815
2013.03.14 00:32:00.540,0.86803,0.86817
2013.03.14 00:32:01.757,0.86803,0.86817
2013.03.14 00:32:03.870,0.86803,0.86816
2013.03.14 00:32:05.258,0.86803,0.86817
2013.03.14 00:32:08.029,0.86804,0.86817
2013.03.14 00:32:08.157,0.86803,0.86819
2013.03.14 00:32:08.698,0.86804,0.86819
2013.03.14 00:32:09.137,0.868,0.86814
2013.03.14 00:32:09.338,0.86799,0.86814
2013.03.14 00:32:09.859,0.86799,0.86813
2013.03.14 00:32:10.394,0.86799,0.86813
2013.03.14 00:32:12.336,0.86799,0.86807
2013.03.14 00:32:12.421,0.86788,0.86803
2013.03.14 00:32:14.549,0.86788,0.86804
2013.03.14 00:32:15.165,0.86788,0.86804
2013.03.14 00:32:18.828,0.86788,0.86804
2013.03.14 00:32:19.702,0.86788,0.86804
2013.03.14 00:32:22.476,0.8679,0.86804
2013.03.14 00:32:22.780,0.86792,0.86806
2013.03.14 00:32:23.037,0.86794,0.86807
2013.03.14 00:32:23.363,0.86795,0.86809
2013.03.14 00:32:24.643,0.86793,0.86806
2013.03.14 00:32:25.657,0.86793,0.86806
2013.03.14 00:32:26.948,0.86792,0.86806
2013.03.14 00:32:27.518,0.86791,0.86806
2013.03.14 00:32:31.885,0.86791,0.86805
2013.03.14 00:32:32.508,0.86791,0.86805
2013.03.14 00:32:36.002,0.86794,0.8681
2013.03.14 00:32:36.210,0.86793,0.86806
2013.03.14 00:32:37.847,0.86794,0.86809
2013.03.14 00:32:38.438,0.86794,0.8681
2013.03.14 00:32:38.629,0.86794,0.8681
2013.03.14 00:32:39.184,0.86796,0.86811
2013.03.14 00:32:41.057,0.86796,0.86811
2013.03.14 00:32:41.616,0.86797,0.86811
2013.03.14 00:32:42.097,0.86795,0.86809
2013.03.14 00:32:42.609,0.86796,0.86811
2013.03.14 00:32:42.928,0.86796,0.86808
2013.03.14 00:32:43.189,0.86794,0.86806
2013.03.14 00:32:43.747,0.86793,0.86808
2013.03.14 00:32:43.959,0.86794,0.86805
2013.03.14 00:32:44.032,0.86793,0.86807
2013.03.14 00:32:45.565,0.86792,0.86805
2013.03.14 00:32:45.708,0.86793,0.86807
2013.03.14 00:32:46.019,0.86792,0.86809
2013.03.14 00:32:46.088,0.86792,0.86806
2013.03.14 00:32:46.158,0.86792,0.86805
2013.03.14 00:32:46.477,0.86791,0.86805
2013.03.14 00:32:46.846,0.86788,0.86803
2013.03.14 00:32:49.228,0.86787,0.86803
2013.03.14 00:32:49.557,0.86787,0.86803
2013.03.14 00:32:50.111,0.86787,0.86803
2013.03.14 00:32:50.628,0.86787,0.86803
2013.03.14 00:32:51.177,0.86787,0.86803
2013.03.14 00:32:51.249,0.86787,0.86803
2013.03.14 00:32:51.318,0.86787,0.86803
2013.03.14 00:32:52.177,0.86788,0.86805
2013.03.14 00:32:52.547,0.86788,0.86802
2013.03.14 00:32:53.987,0.86788,0.86802
2013.03.14 00:32:54.968,0.86788,0.86802
2013.03.14 00:32:56.208,0.86788,0.86802
2013.03.14 00:32:58.178,0.86784,0.86801
2013.03.14 00:32:58.716,0.86784,0.86801
2013.03.14 00:32:59.676,0.86784,0.86801
2013.03.14 00:33:00.238,0.86787,0.86801
2013.03.14 00:33:01.850,0.86787,0.86799
2013.03.14 00:33:02.808,0.86788,0.86799
2013.03.14 00:33:03.309,0.86787,0.86799
2013.03.14 00:33:05.646,0.86787,0.86799
2013.03.14 00:33:06.097,0.86788,0.86802
2013.03.14 00:33:06.529,0.86788,0.86802
2013.03.14 00:33:08.495,0.86785,0.868
2013.03.14 00:33:09.267,0.86785,0.868
2013.03.14 00:33:09.826,0.86785,0.86799
2013.03.14 00:33:12.774,0.86784,0.86799
2013.03.14 00:33:13.276,0.86784,0.86799
2013.03.14 00:33:14.508,0.86785,0.86799
2013.03.14 00:33:18.576,0.86786,0.868
2013.03.14 00:33:19.082,0.86786,0.868
2013.03.14 00:33:19.801,0.86786,0.868
2013.03.14 00:33:29.198,0.86787,0.86801
2013.03.14 00:33:29.938,0.86788,0.86801
2013.03.14 00:33:30.748,0.86786,0.86801
2013.03.14 00:33:30.877,0.86786,0.868
2013.03.14 00:33:35.144,0.86785,0.86799
2013.03.14 00:33:35.218,0.86783,0.86798
2013.03.14 00:33:35.289,0.86783,0.86797
2013.03.14 00:33:35.629,0.86779,0.86794
2013.03.14 00:33:36.518,0.86778,0.86792
2013.03.14 00:33:39.357,0.86778,0.86792
2013.03.14 00:33:40.385,0.86779,0.86794
2013.03.14 00:33:43.467,0.8678,0.86794
2013.03.14 00:33:45.198,0.8678,0.86794
2013.03.14 00:33:45.798,0.8678,0.86793
2013.03.14 00:33:46.069,0.86778,0.86792
2013.03.14 00:33:46.137,0.86776,0.8679
2013.03.14 00:33:46.208,0.86776,0.86791
2013.03.14 00:33:46.343,0.86776,0.86791
2013.03.14 00:33:46.906,0.86775,0.86791
2013.03.14 00:33:50.106,0.86776,0.86792
2013.03.14 00:33:57.017,0.86778,0.86793
2013.03.14 00:33:57.438,0.86779,0.86794
2013.03.14 00:33:57.769,0.86782,0.86797
2013.03.14 00:33:57.898,0.86782,0.86798
2013.03.14 00:34:00.999,0.86782,0.86797
2013.03.14 00:34:04.316,0.86782,0.86798
2013.03.14 00:34:04.921,0.86787,0.86801
2013.03.14 00:34:05.111,0.86786,0.86799
2013.03.14 00:34:05.237,0.86786,0.86799
2013.03.14 00:34:05.379,0.86786,0.86801
2013.03.14 00:34:05.759,0.86787,0.86799
2013.03.14 00:34:06.280,0.86787,0.868
2013.03.14 00:34:06.967,0.86788,0.86803
2013.03.14 00:34:08.648,0.86789,0.86803
2013.03.14 00:34:08.718,0.8679,0.86803
2013.03.14 00:34:09.830,0.86789,0.86804
2013.03.14 00:34:09.901,0.86788,0.868
2013.03.14 00:34:12.189,0.86788,0.868
2013.03.14 00:34:16.277,0.86786,0.86802
2013.03.14 00:34:16.768,0.86788,0.86803
2013.03.14 00:34:17.798,0.86788,0.86802
2013.03.14 00:34:21.168,0.8679,0.86803
2013.03.14 00:34:25.948,0.86789,0.86804
2013.03.14 00:34:27.217,0.86792,0.86807
2013.03.14 00:34:27.468,0.86794,0.8681
2013.03.14 00:34:27.538,0.86796,0.8681
2013.03.14 00:34:27.667,0.86797,0.86812
2013.03.14 00:34:27.737,0.86799,0.86813
2013.03.14 00:34:27.867,0.86799,0.86813
2013.03.14 00:34:27.996,0.86799,0.86815
2013.03.14 00:34:28.428,0.868,0.86815
2013.03.14 00:34:28.868,0.868,0.86815
2013.03.14 00:34:29.117,0.86801,0.86813
2013.03.14 00:34:29.308,0.86801,0.86813
2013.03.14 00:34:31.059,0.86803,0.86817
2013.03.14 00:34:31.461,0.86801,0.86816
2013.03.14 00:34:32.308,0.868,0.86816
2013.03.14 00:34:32.868,0.868,0.86816
2013.03.14 00:34:33.546,0.86802,0.86816
2013.03.14 00:34:34.769,0.86802,0.86815
2013.03.14 00:34:34.897,0.86799,0.86814
2013.03.14 00:34:34.967,0.86799,0.86813
2013.03.14 00:34:35.639,0.86799,0.86813
2013.03.14 00:34:39.217,0.86798,0.86811
2013.03.14 00:34:42.656,0.86799,0.86813
2013.03.14 00:34:44.416,0.86799,0.86813
2013.03.14 00:34:45.349,0.86798,0.86812
2013.03.14 00:34:45.627,0.86796,0.8681
2013.03.14 00:34:45.949,0.86794,0.86808
2013.03.14 00:34:46.150,0.86794,0.86808
2013.03.14 00:34:46.468,0.86795,0.86809
2013.03.14 00:34:47.263,0.86795,0.86809
2013.03.14 00:34:50.047,0.86795,0.86809
2013.03.14 00:34:50.539,0.86795,0.86809
2013.03.14 00:34:50.760,0.86795,0.86809
2013.03.14 00:34:51.266,0.86796,0.86812
2013.03.14 00:34:52.119,0.86798,0.86811
2013.03.14 00:34:52.666,0.86798,0.86812
2013.03.14 00:34:53.308,0.86796,0.86812
2013.03.14 00:34:53.377,0.86794,0.86809
2013.03.14 00:34:53.449,0.86793,0.86807
2013.03.14 00:34:54.007,0.86793,0.86805
2013.03.14 00:34:54.077,0.86791,0.86805
2013.03.14 00:34:54.628,0.86793,0.86806
2013.03.14 00:34:57.707,0.86793,0.86807
2013.03.14 00:35:01.066,0.86792,0.86807
2013.03.14 00:35:02.669,0.86791,0.86803
2013.03.14 00:35:02.917,0.86789,0.86801
2013.03.14 00:35:03.050,0.86788,0.86801
2013.03.14 00:35:03.437,0.86785,0.86801
2013.03.14 00:35:03.509,0.86787,0.86801
2013.03.14 00:35:03.699,0.86784,0.86798
2013.03.14 00:35:03.893,0.86783,0.86797
2013.03.14 00:35:04.030,0.8678,0.86796
2013.03.14 00:35:04.098,0.8678,0.86796
2013.03.14 00:35:04.418,0.86779,0.86793
2013.03.14 00:35:04.728,0.86779,0.86793
2013.03.14 00:35:04.797,0.86779,0.86793
2013.03.14 00:35:06.259,0.86778,0.86792
2013.03.14 00:35:06.577,0.86778,0.8679
2013.03.14 00:35:06.709,0.86776,0.86789
2013.03.14 00:35:06.779,0.86775,0.86789
2013.03.14 00:35:06.907,0.86775,0.86789
2013.03.14 00:35:07.466,0.86775,0.86789
2013.03.14 00:35:10.247,0.86778,0.86788
2013.03.14 00:35:11.619,0.86776,0.86788
2013.03.14 00:35:12.167,0.86775,0.86787
2013.03.14 00:35:13.728,0.86773,0.86787
2013.03.14 00:35:13.798,0.86772,0.86787
2013.03.14 00:35:14.347,0.8677,0.86786
2013.03.14 00:35:15.598,0.8677,0.86786
2013.03.14 00:35:16.138,0.8677,0.86786
2013.03.14 00:35:16.929,0.8677,0.86786
2013.03.14 00:35:17.498,0.8677,0.86786
2013.03.14 00:35:18.688,0.86769,0.86785
2013.03.14 00:35:19.936,0.86769,0.86785
2013.03.14 00:35:21.385,0.86769,0.86785
2013.03.14 00:35:22.448,0.86768,0.86782
2013.03.14 00:35:23.989,0.86768,0.86782
2013.03.14 00:35:26.268,0.86768,0.86782
2013.03.14 00:35:26.929,0.86767,0.86781
2013.03.14 00:35:27.508,0.86767,0.86781
2013.03.14 00:35:28.326,0.86767,0.86781
2013.03.14 00:35:29.687,0.86768,0.86781
2013.03.14 00:35:33.069,0.86769,0.86782
2013.03.14 00:35:35.177,0.8677,0.86784
2013.03.14 00:35:35.547,0.86773,0.86786
2013.03.14 00:35:38.461,0.86773,0.86788
2013.03.14 00:35:40.957,0.86773,0.86788
2013.03.14 00:35:41.519,0.86771,0.86784
2013.03.14 00:35:41.648,0.86773,0.86784
2013.03.14 00:35:42.113,0.8677,0.86784
2013.03.14 00:35:42.652,0.86768,0.86784
2013.03.14 00:35:43.407,0.86769,0.86782
2013.03.14 00:35:43.559,0.86766,0.86781
2013.03.14 00:35:44.268,0.86766,0.86781
2013.03.14 00:35:45.376,0.86767,0.86781
2013.03.14 00:35:45.523,0.86767,0.86781
2013.03.14 00:35:45.887,0.86767,0.8678
2013.03.14 00:35:47.090,0.86767,0.8678
2013.03.14 00:35:47.399,0.86765,0.86778
2013.03.14 00:35:47.728,0.86767,0.86779
2013.03.14 00:35:48.047,0.86767,0.86782
2013.03.14 00:35:48.367,0.86767,0.86782
2013.03.14 00:35:48.687,0.8677,0.86783
2013.03.14 00:35:49.207,0.8677,0.86783
2013.03.14 00:35:50.778,0.86772,0.86785
2013.03.14 00:35:51.087,0.86776,0.86788
2013.03.14 00:35:51.458,0.86771,0.86786
2013.03.14 00:35:51.527,0.86771,0.86786
2013.03.14 00:35:51.659,0.86768,0.86783
2013.03.14 00:35:52.217,0.86768,0.86783
2013.03.14 00:35:52.987,0.86768,0.86782
2013.03.14 00:35:54.727,0.86768,0.86782
2013.03.14 00:35:56.545,0.86771,0.86786
2013.03.14 00:35:57.007,0.86773,0.86787
2013.03.14 00:35:57.078,0.86773,0.86787
2013.03.14 00:35:57.518,0.86775,0.86787
2013.03.14 00:35:57.592,0.86777,0.86793
2013.03.14 00:35:57.779,0.86778,0.86793
2013.03.14 00:35:58.029,0.86776,0.86789
2013.03.14 00:35:58.102,0.86774,0.86788
2013.03.14 00:35:58.441,0.86774,0.86788
2013.03.14 00:35:59.166,0.86774,0.86788
2013.03.14 00:35:59.406,0.86772,0.86787
2013.03.14 00:36:03.717,0.86772,0.86788
2013.03.14 00:36:04.146,0.86772,0.86788
2013.03.14 00:36:04.762,0.86772,0.86787
2013.03.14 00:36:05.358,0.86772,0.86787
2013.03.14 00:36:05.488,0.86773,0.86786
2013.03.14 00:36:06.019,0.86772,0.86783
2013.03.14 00:36:06.520,0.86771,0.86783
2013.03.14 00:36:06.778,0.86767,0.86782
2013.03.14 00:36:06.849,0.86767,0.86782
2013.03.14 00:36:09.268,0.86767,0.86782
2013.03.14 00:36:09.400,0.86767,0.8678
2013.03.14 00:36:10.789,0.86769,0.86783
2013.03.14 00:36:13.441,0.86771,0.86786
2013.03.14 00:36:13.868,0.86773,0.86786
2013.03.14 00:36:14.757,0.86773,0.86788
2013.03.14 00:36:18.818,0.86772,0.86788
2013.03.14 00:36:19.341,0.86772,0.86788
2013.03.14 00:36:25.207,0.86772,0.86788
2013.03.14 00:36:26.417,0.86774,0.86789
2013.03.14 00:36:26.538,0.86775,0.86789
2013.03.14 00:36:26.980,0.86777,0.86793
2013.03.14 00:36:29.187,0.86778,0.86793
2013.03.14 00:36:29.526,0.86778,0.86793
2013.03.14 00:36:30.059,0.86778,0.86793
2013.03.14 00:36:32.060,0.86778,0.86793
2013.03.14 00:36:32.248,0.86778,0.86793
2013.03.14 00:36:32.798,0.86778,0.86791
2013.03.14 00:36:33.230,0.86775,0.86788
2013.03.14 00:36:33.808,0.86775,0.8679
2013.03.14 00:36:34.260,0.86777,0.86792
2013.03.14 00:36:38.397,0.86779,0.86793
2013.03.14 00:36:38.947,0.86778,0.86793
2013.03.14 00:36:39.497,0.86776,0.86789
2013.03.14 00:36:39.687,0.86775,0.8679
2013.03.14 00:36:43.532,0.86776,0.86792
2013.03.14 00:36:53.968,0.86776,0.86791
2013.03.14 00:36:54.748,0.86775,0.86791
2013.03.14 00:36:55.358,0.86776,0.86788
2013.03.14 00:36:56.281,0.86776,0.86788
2013.03.14 00:36:57.150,0.86776,0.86788
2013.03.14 00:36:57.488,0.86776,0.86788
2013.03.14 00:36:59.157,0.86776,0.86788
2013.03.14 00:37:00.497,0.86776,0.86789
2013.03.14 00:37:00.702,0.8678,0.8679
2013.03.14 00:37:01.198,0.86781,0.86793
2013.03.14 00:37:03.677,0.86781,0.86793
2013.03.14 00:37:06.229,0.8678,0.86793
2013.03.14 00:37:06.729,0.86782,0.86796
2013.03.14 00:37:07.279,0.86784,0.86797
2013.03.14 00:37:07.587,0.86786,0.86798
2013.03.14 00:37:08.828,0.86786,0.86798
2013.03.14 00:37:09.388,0.86789,0.86798
2013.03.14 00:37:09.658,0.86789,0.868
2013.03.14 00:37:09.727,0.86789,0.868
2013.03.14 00:37:10.276,0.8679,0.868
2013.03.14 00:37:10.777,0.86788,0.86801
2013.03.14 00:37:10.907,0.86789,0.86801
2013.03.14 00:37:11.732,0.86789,0.86801
2013.03.14 00:37:11.869,0.86791,0.86801
2013.03.14 00:37:13.289,0.86788,0.868
2013.03.14 00:37:13.656,0.86785,0.868
2013.03.14 00:37:18.524,0.86788,0.86801
2013.03.14 00:37:19.026,0.86788,0.86801
2013.03.14 00:37:27.436,0.86789,0.86801
2013.03.14 00:37:27.557,0.86789,0.86805
2013.03.14 00:37:27.626,0.8679,0.86804
2013.03.14 00:37:28.127,0.8679,0.86804
2013.03.14 00:37:28.527,0.86789,0.86803
2013.03.14 00:37:35.057,0.86786,0.86803
2013.03.14 00:37:35.187,0.86785,0.868
2013.03.14 00:37:36.176,0.86785,0.86798
2013.03.14 00:37:39.697,0.86785,0.86798
2013.03.14 00:37:39.888,0.86785,0.86798
2013.03.14 00:37:42.468,0.86789,0.868
2013.03.14 00:37:42.537,0.86789,0.86801
2013.03.14 00:37:42.668,0.86789,0.86802
2013.03.14 00:37:43.478,0.86789,0.86802
2013.03.14 00:37:43.550,0.86791,0.86802
2013.03.14 00:37:43.810,0.86793,0.86807
2013.03.14 00:37:44.544,0.86793,0.86807
2013.03.14 00:37:45.526,0.86795,0.86807
2013.03.14 00:37:46.406,0.86796,0.86807
2013.03.14 00:37:46.533,0.86796,0.86807
2013.03.14 00:37:47.177,0.86796,0.86807
2013.03.14 00:37:49.206,0.86796,0.86808
2013.03.14 00:37:51.078,0.86796,0.86808
2013.03.14 00:37:51.533,0.86791,0.86805
2013.03.14 00:37:51.877,0.86792,0.86807
2013.03.14 00:37:52.322,0.86795,0.86807
2013.03.14 00:37:54.461,0.86798,0.86813
2013.03.14 00:37:54.648,0.868,0.86814
2013.03.14 00:37:54.776,0.868,0.86816
2013.03.14 00:37:54.847,0.868,0.86817
2013.03.14 00:37:54.917,0.868,0.86817
2013.03.14 00:37:55.236,0.86803,0.86817
2013.03.14 00:37:55.356,0.86803,0.86817
2013.03.14 00:37:55.925,0.86805,0.86817
2013.03.14 00:37:56.927,0.86802,0.86814
2013.03.14 00:37:57.057,0.868,0.86814
2013.03.14 00:37:57.187,0.868,0.86813
2013.03.14 00:37:59.727,0.86798,0.86813
2013.03.14 00:38:05.007,0.86796,0.86811
2013.03.14 00:38:05.387,0.86794,0.86809
2013.03.14 00:38:17.038,0.86799,0.86812
2013.03.14 00:38:17.166,0.86798,0.86812
2013.03.14 00:38:17.478,0.868,0.86813
2013.03.14 00:38:17.607,0.86802,0.86817
2013.03.14 00:38:17.856,0.86802,0.86817
2013.03.14 00:38:18.277,0.86802,0.86817
2013.03.14 00:38:18.787,0.86807,0.8682
2013.03.14 00:38:21.315,0.86803,0.86819
2013.03.14 00:38:23.996,0.86804,0.8682
2013.03.14 00:38:26.408,0.86808,0.86821
2013.03.14 00:38:26.967,0.86805,0.8682
2013.03.14 00:38:27.486,0.86805,0.8682
2013.03.14 00:38:27.737,0.86805,0.8682
2013.03.14 00:38:28.287,0.86805,0.86818
2013.03.14 00:38:30.208,0.86802,0.86817
2013.03.14 00:38:30.337,0.86801,0.86816
2013.03.14 00:38:30.886,0.86799,0.86815
2013.03.14 00:38:31.396,0.86799,0.86815
2013.03.14 00:38:33.627,0.86799,0.86812
2013.03.14 00:38:33.758,0.86796,0.86805
2013.03.14 00:38:33.949,0.86795,0.86805
2013.03.14 00:38:34.198,0.86795,0.86805
2013.03.14 00:38:34.829,0.86798,0.86811
2013.03.14 00:38:34.897,0.86798,0.86814
2013.03.14 00:38:35.086,0.86799,0.86814
2013.03.14 00:38:35.227,0.86799,0.86815
2013.03.14 00:38:35.478,0.86799,0.86816
2013.03.14 00:38:36.287,0.86802,0.86818
2013.03.14 00:38:36.607,0.86802,0.86818
2013.03.14 00:38:37.348,0.86803,0.86818
2013.03.14 00:38:39.347,0.86804,0.86819
2013.03.14 00:38:39.719,0.868,0.86808
2013.03.14 00:38:39.791,0.86797,0.86808
2013.03.14 00:38:39.917,0.86796,0.86808
2013.03.14 00:38:40.168,0.86798,0.86809
2013.03.14 00:38:40.300,0.868,0.86812
2013.03.14 00:38:40.438,0.86799,0.86809
2013.03.14 00:38:40.757,0.86799,0.86811
2013.03.14 00:38:41.280,0.868,0.86815
2013.03.14 00:38:41.347,0.86801,0.86815
2013.03.14 00:38:42.317,0.86801,0.86815
2013.03.14 00:38:42.627,0.86805,0.86819
2013.03.14 00:38:42.697,0.86805,0.86818
2013.03.14 00:38:43.736,0.86803,0.86816
2013.03.14 00:38:45.399,0.86802,0.86816
2013.03.14 00:38:47.716,0.86802,0.86816
2013.03.14 00:38:48.246,0.86802,0.86816
2013.03.14 00:38:48.950,0.86802,0.86816
2013.03.14 00:38:54.908,0.86803,0.86816
2013.03.14 00:38:54.977,0.86804,0.86816
2013.03.14 00:38:55.108,0.86805,0.86821
2013.03.14 00:38:55.177,0.86805,0.8682
2013.03.14 00:38:55.617,0.86805,0.86818
2013.03.14 00:38:56.697,0.86803,0.86818
2013.03.14 00:39:02.486,0.86803,0.86818
2013.03.14 00:39:04.524,0.86801,0.86816
2013.03.14 00:39:08.108,0.86802,0.86816
2013.03.14 00:39:08.178,0.86802,0.86816
2013.03.14 00:39:09.218,0.86802,0.86816
2013.03.14 00:39:10.320,0.86801,0.86815
2013.03.14 00:39:12.658,0.868,0.86815
2013.03.14 00:39:17.226,0.86799,0.86814
2013.03.14 00:39:17.778,0.86799,0.86812
2013.03.14 00:39:23.660,0.86796,0.8681
2013.03.14 00:39:24.777,0.86795,0.86809
2013.03.14 00:39:25.608,0.86795,0.86809
2013.03.14 00:39:26.427,0.86795,0.86809
2013.03.14 00:39:26.617,0.86795,0.86809
2013.03.14 00:39:27.108,0.86794,0.86807
2013.03.14 00:39:27.418,0.86793,0.86805
2013.03.14 00:39:28.086,0.86793,0.86807
2013.03.14 00:39:29.155,0.86792,0.86805
2013.03.14 00:39:29.677,0.86791,0.86805
2013.03.14 00:39:29.986,0.8679,0.86805
2013.03.14 00:39:30.647,0.8679,0.86805
2013.03.14 00:39:35.577,0.8679,0.86801
2013.03.14 00:39:38.007,0.86789,0.86803
2013.03.14 00:39:38.556,0.8679,0.86804
2013.03.14 00:39:43.198,0.8679,0.86804
2013.03.14 00:39:43.268,0.86791,0.86804
2013.03.14 00:39:43.940,0.86795,0.86808
2013.03.14 00:39:44.138,0.86796,0.86808
2013.03.14 00:39:44.209,0.86796,0.8681
2013.03.14 00:39:44.757,0.86798,0.86811
2013.03.14 00:39:45.308,0.86798,0.8681
2013.03.14 00:39:54.757,0.86796,0.86809
2013.03.14 00:40:02.847,0.86797,0.86811
2013.03.14 00:40:03.206,0.86797,0.86811
2013.03.14 00:40:08.366,0.86793,0.86809
2013.03.14 00:40:13.078,0.86794,0.8681
2013.03.14 00:40:16.496,0.86794,0.8681
2013.03.14 00:40:21.028,0.86794,0.8681
2013.03.14 00:40:21.996,0.86794,0.8681
2013.03.14 00:40:28.387,0.86795,0.86808
2013.03.14 00:40:28.529,0.86793,0.86808
2013.03.14 00:40:28.598,0.86793,0.86807
2013.03.14 00:40:28.966,0.86794,0.86806
2013.03.14 00:40:35.127,0.86791,0.86806
2013.03.14 00:40:35.199,0.86791,0.86806
2013.03.14 00:40:36.170,0.86794,0.86806
2013.03.14 00:40:36.717,0.86793,0.86806
2013.03.14 00:40:37.671,0.86793,0.86806
2013.03.14 00:40:39.238,0.86792,0.86807
2013.03.14 00:40:41.077,0.86791,0.86806
2013.03.14 00:40:41.588,0.86793,0.86805
2013.03.14 00:40:41.657,0.86789,0.86803
2013.03.14 00:40:41.731,0.86788,0.86803
2013.03.14 00:40:41.800,0.86786,0.86803
2013.03.14 00:40:42.047,0.86787,0.86802
2013.03.14 00:40:42.369,0.86787,0.86801
2013.03.14 00:40:42.898,0.86787,0.868
2013.03.14 00:40:44.937,0.86786,0.86801
2013.03.14 00:40:45.697,0.86785,0.868
2013.03.14 00:40:47.066,0.86787,0.868
2013.03.14 00:40:47.943,0.86787,0.868
2013.03.14 00:40:49.659,0.86785,0.868
2013.03.14 00:40:52.849,0.86785,0.868
2013.03.14 00:41:00.729,0.86785,0.86801
2013.03.14 00:41:02.107,0.86785,0.86801
2013.03.14 00:41:10.648,0.86787,0.86801
2013.03.14 00:41:11.149,0.86786,0.86801
2013.03.14 00:41:11.225,0.86786,0.86801
2013.03.14 00:41:11.537,0.86789,0.86802
2013.03.14 00:41:12.026,0.86791,0.86804
2013.03.14 00:41:12.577,0.86791,0.86805
2013.03.14 00:41:12.767,0.86792,0.86805
2013.03.14 00:41:15.899,0.86792,0.86807
2013.03.14 00:41:16.908,0.86792,0.86805
2013.03.14 00:41:17.792,0.86793,0.86807
2013.03.14 00:41:20.702,0.86792,0.86804
2013.03.14 00:41:21.267,0.86789,0.86803
2013.03.14 00:41:21.480,0.8679,0.86804
2013.03.14 00:41:22.214,0.86789,0.86803
2013.03.14 00:41:22.768,0.86788,0.86802
2013.03.14 00:41:23.751,0.86788,0.86801
2013.03.14 00:41:24.675,0.8679,0.86803
2013.03.14 00:41:25.218,0.86789,0.86802
2013.03.14 00:41:26.988,0.86789,0.86803
2013.03.14 00:41:27.748,0.86789,0.86802
2013.03.14 00:41:28.296,0.8679,0.86804
2013.03.14 00:41:29.078,0.8679,0.86805
2013.03.14 00:41:29.389,0.8679,0.86805
2013.03.14 00:41:29.517,0.8679,0.86805
2013.03.14 00:41:30.176,0.8679,0.86805
2013.03.14 00:41:32.308,0.8679,0.86805
2013.03.14 00:41:32.858,0.8679,0.86804
2013.03.14 00:41:35.907,0.86792,0.86804
2013.03.14 00:41:37.027,0.86793,0.86805
2013.03.14 00:41:38.746,0.86793,0.86807
2013.03.14 00:41:42.488,0.86792,0.86806
2013.03.14 00:41:50.087,0.86792,0.86805
2013.03.14 00:41:55.527,0.86792,0.86805
2013.03.14 00:41:56.206,0.8679,0.86806
2013.03.14 00:41:58.007,0.8679,0.86806
2013.03.14 00:41:58.517,0.8679,0.86806
2013.03.14 00:41:59.807,0.8679,0.86806
2013.03.14 00:42:02.199,0.86792,0.86807
2013.03.14 00:42:02.537,0.86793,0.86807
2013.03.14 00:42:05.297,0.86794,0.86809
2013.03.14 00:42:11.909,0.86794,0.86809
2013.03.14 00:42:12.417,0.86795,0.86809
2013.03.14 00:42:13.566,0.86795,0.86809
2013.03.14 00:42:17.410,0.86795,0.8681
2013.03.14 00:42:19.672,0.86794,0.86809
2013.03.14 00:42:20.938,0.86793,0.86809
2013.03.14 00:42:21.449,0.86793,0.86807
2013.03.14 00:42:21.976,0.86794,0.86807
2013.03.14 00:42:25.282,0.86793,0.86807
2013.03.14 00:42:35.318,0.86794,0.86807
2013.03.14 00:42:36.426,0.86794,0.86807
2013.03.14 00:42:36.738,0.86794,0.86807
2013.03.14 00:42:37.459,0.86796,0.86808
2013.03.14 00:42:40.147,0.86795,0.8681
2013.03.14 00:42:41.068,0.86794,0.8681
2013.03.14 00:42:41.136,0.86794,0.86811
2013.03.14 00:42:41.379,0.86797,0.86811
2013.03.14 00:42:41.451,0.86797,0.86812
2013.03.14 00:42:41.697,0.86799,0.86812
2013.03.14 00:42:42.257,0.868,0.86815
2013.03.14 00:42:42.818,0.86801,0.86815
2013.03.14 00:42:43.470,0.86801,0.86818
2013.03.14 00:42:43.544,0.86802,0.86818
2013.03.14 00:42:44.087,0.86804,0.8682
2013.03.14 00:42:45.229,0.86805,0.8682
2013.03.14 00:42:45.907,0.86806,0.8682
2013.03.14 00:42:47.006,0.86806,0.86821
2013.03.14 00:42:47.547,0.86806,0.86821
2013.03.14 00:42:48.457,0.86804,0.86819
2013.03.14 00:42:48.998,0.86804,0.86819
2013.03.14 00:42:49.187,0.86805,0.8682
2013.03.14 00:42:49.438,0.86805,0.86822
2013.03.14 00:42:49.746,0.86807,0.86823
2013.03.14 00:42:52.058,0.86807,0.86823
2013.03.14 00:42:52.197,0.86806,0.86822
2013.03.14 00:42:52.639,0.86808,0.86824
2013.03.14 00:42:52.719,0.86808,0.86824
2013.03.14 00:42:52.861,0.86808,0.86824
2013.03.14 00:42:53.833,0.86809,0.86826
2013.03.14 00:42:54.268,0.86809,0.86824
2013.03.14 00:42:54.589,0.86808,0.86823
2013.03.14 00:42:54.838,0.86807,0.86823
2013.03.14 00:42:58.188,0.86807,0.86823
2013.03.14 00:42:59.657,0.8681,0.86825
2013.03.14 00:43:00.205,0.8681,0.86825
2013.03.14 00:43:01.197,0.8681,0.86825
2013.03.14 00:43:02.276,0.86811,0.86826
2013.03.14 00:43:07.027,0.86809,0.86826
2013.03.14 00:43:18.088,0.86809,0.86823
2013.03.14 00:43:18.157,0.86808,0.86822
2013.03.14 00:43:18.397,0.86804,0.86817
2013.03.14 00:43:18.648,0.86803,0.86816
2013.03.14 00:43:19.017,0.86802,0.86814
2013.03.14 00:43:19.567,0.86802,0.86814
2013.03.14 00:43:20.516,0.86802,0.86814
2013.03.14 00:43:24.196,0.86802,0.86815
2013.03.14 00:43:26.478,0.86802,0.86817
2013.03.14 00:43:26.547,0.86802,0.86817
2013.03.14 00:43:26.738,0.86804,0.86818
2013.03.14 00:43:26.988,0.86802,0.86818
2013.03.14 00:43:27.387,0.86802,0.86814
2013.03.14 00:43:27.936,0.86799,0.86814
2013.03.14 00:43:28.237,0.86798,0.86811
2013.03.14 00:43:29.226,0.86798,0.86811
2013.03.14 00:43:29.777,0.86797,0.86811
2013.03.14 00:43:31.198,0.86797,0.86811
2013.03.14 00:43:34.288,0.86798,0.86811
2013.03.14 00:43:34.919,0.86799,0.86811
2013.03.14 00:43:37.697,0.86797,0.86811
2013.03.14 00:43:43.844,0.86797,0.86811
2013.03.14 00:43:44.518,0.86798,0.86811
2013.03.14 00:43:47.959,0.86794,0.86809
2013.03.14 00:43:48.147,0.86794,0.86806
2013.03.14 00:43:48.699,0.86792,0.86804
2013.03.14 00:43:48.948,0.86789,0.86803
2013.03.14 00:43:49.077,0.86789,0.86802
2013.03.14 00:43:49.148,0.86789,0.86803
2013.03.14 00:43:49.709,0.86791,0.86805
2013.03.14 00:43:50.098,0.86792,0.86805
2013.03.14 00:43:50.480,0.86794,0.86809
2013.03.14 00:43:50.678,0.86797,0.86808
2013.03.14 00:43:50.869,0.86798,0.8681
2013.03.14 00:43:51.177,0.86798,0.86813
2013.03.14 00:43:51.250,0.868,0.86812
2013.03.14 00:43:51.692,0.868,0.86812
2013.03.14 00:43:51.830,0.86798,0.86812
2013.03.14 00:43:52.650,0.86797,0.86809
2013.03.14 00:43:52.930,0.86796,0.86809
2013.03.14 00:43:53.680,0.86795,0.86808
2013.03.14 00:43:53.987,0.86795,0.86806
2013.03.14 00:43:54.068,0.86794,0.86806
2013.03.14 00:43:54.493,0.86788,0.86802
2013.03.14 00:43:55.238,0.86788,0.86799
2013.03.14 00:43:55.448,0.86787,0.868
2013.03.14 00:43:55.640,0.86787,0.86799
2013.03.14 00:43:55.948,0.86787,0.86799
2013.03.14 00:43:56.509,0.86788,0.86802
2013.03.14 00:43:56.577,0.86789,0.86802
2013.03.14 00:43:56.647,0.86789,0.86802
2013.03.14 00:43:57.196,0.86791,0.86805
2013.03.14 00:43:57.268,0.86792,0.86805
2013.03.14 00:43:57.937,0.86789,0.86804
2013.03.14 00:43:58.006,0.86789,0.86804
2013.03.14 00:43:58.307,0.86791,0.86803
2013.03.14 00:43:58.846,0.86792,0.86803
2013.03.14 00:43:59.148,0.86789,0.86803
2013.03.14 00:43:59.697,0.86789,0.86802
2013.03.14 00:43:59.827,0.86789,0.86803
2013.03.14 00:44:01.018,0.86789,0.86803
2013.03.14 00:44:01.228,0.86788,0.86802
2013.03.14 00:44:01.596,0.86787,0.86804
2013.03.14 00:44:01.657,0.86786,0.86804
2013.03.14 00:44:02.099,0.86786,0.86804
2013.03.14 00:44:05.406,0.86788,0.86803
2013.03.14 00:44:06.046,0.86788,0.86803
2013.03.14 00:44:06.597,0.86788,0.86803
2013.03.14 00:44:07.046,0.86789,0.86803
2013.03.14 00:44:09.507,0.86791,0.86804
2013.03.14 00:44:11.096,0.86791,0.86804
2013.03.14 00:44:11.585,0.86789,0.86803
2013.03.14 00:44:12.148,0.86789,0.86802
2013.03.14 00:44:13.348,0.86789,0.868
2013.03.14 00:44:14.546,0.86789,0.86801
2013.03.14 00:44:15.120,0.86789,0.868
2013.03.14 00:44:15.676,0.86789,0.868
2013.03.14 00:44:16.527,0.86789,0.86801
2013.03.14 00:44:17.077,0.86789,0.86802
2013.03.14 00:44:18.504,0.86789,0.86802
2013.03.14 00:44:20.649,0.86789,0.86804
2013.03.14 00:44:21.078,0.86793,0.86806
2013.03.14 00:44:21.328,0.86795,0.86808
2013.03.14 00:44:21.579,0.86795,0.86808
2013.03.14 00:44:21.828,0.86796,0.86811
2013.03.14 00:44:22.330,0.86796,0.86808
2013.03.14 00:44:22.398,0.86796,0.86808
2013.03.14 00:44:24.917,0.86796,0.86809
2013.03.14 00:44:25.249,0.86798,0.86809
2013.03.14 00:44:25.450,0.86802,0.86811
2013.03.14 00:44:25.876,0.86803,0.86814
2013.03.14 00:44:26.176,0.86803,0.86815
2013.03.14 00:44:27.940,0.86803,0.86814
2013.03.14 00:44:28.013,0.86802,0.86813
2013.03.14 00:44:28.197,0.86802,0.86813
2013.03.14 00:44:28.328,0.86801,0.86813
2013.03.14 00:44:28.461,0.868,0.86813
2013.03.14 00:44:28.529,0.86799,0.86811
2013.03.14 00:44:28.789,0.86797,0.86811
2013.03.14 00:44:28.862,0.86797,0.86811
2013.03.14 00:44:28.990,0.86793,0.86807
2013.03.14 00:44:29.356,0.86793,0.86806
2013.03.14 00:44:29.896,0.86792,0.86804
2013.03.14 00:44:30.957,0.86793,0.86804
2013.03.14 00:44:32.888,0.86791,0.86804
2013.03.14 00:44:33.448,0.8679,0.86801
2013.03.14 00:44:35.117,0.8679,0.86802
2013.03.14 00:44:35.636,0.8679,0.86802
2013.03.14 00:44:43.483,0.86791,0.86803
2013.03.14 00:44:50.966,0.8679,0.86802
2013.03.14 00:44:53.727,0.86791,0.86804
2013.03.14 00:44:56.648,0.86791,0.86802
2013.03.14 00:45:03.297,0.86791,0.86803
2013.03.14 00:45:07.658,0.86791,0.86803
2013.03.14 00:45:08.348,0.8679,0.86802
2013.03.14 00:45:08.898,0.8679,0.86802
2013.03.14 00:45:09.218,0.8679,0.86802
2013.03.14 00:45:09.908,0.8679,0.86806
2013.03.14 00:45:10.897,0.86794,0.86808
2013.03.14 00:45:11.259,0.86794,0.86809
2013.03.14 00:45:11.328,0.86794,0.86809
2013.03.14 00:45:11.577,0.86794,0.86806
2013.03.14 00:45:11.908,0.86792,0.86806
2013.03.14 00:45:12.042,0.86792,0.86806
2013.03.14 00:45:12.996,0.86792,0.86806
2013.03.14 00:45:18.488,0.8679,0.86804
2013.03.14 00:45:19.304,0.86789,0.86804
2013.03.14 00:45:19.626,0.86789,0.86804
2013.03.14 00:45:19.928,0.86788,0.86802
2013.03.14 00:45:20.477,0.86787,0.868
2013.03.14 00:45:21.137,0.86787,0.868
2013.03.14 00:45:25.037,0.86787,0.86799
2013.03.14 00:45:26.777,0.86787,0.86799
2013.03.14 00:45:27.517,0.86787,0.868
2013.03.14 00:45:34.180,0.86786,0.86798
2013.03.14 00:45:35.667,0.86783,0.86794
2013.03.14 00:45:35.907,0.8678,0.86796
2013.03.14 00:45:35.977,0.8678,0.86796
2013.03.14 00:45:36.097,0.86781,0.86795
2013.03.14 00:45:36.526,0.86779,0.86793
2013.03.14 00:45:45.568,0.86781,0.86795
2013.03.14 00:45:46.337,0.86782,0.86796
2013.03.14 00:45:47.237,0.86782,0.86798
2013.03.14 00:45:57.516,0.86781,0.86795
2013.03.14 00:45:58.046,0.86781,0.86793
2013.03.14 00:45:58.506,0.86781,0.86792
2013.03.14 00:46:07.028,0.86779,0.86792
2013.03.14 00:46:14.300,0.86778,0.86794
2013.03.14 00:46:14.429,0.86778,0.86794
2013.03.14 00:46:15.167,0.86777,0.86793
2013.03.14 00:46:15.717,0.86777,0.86793
2013.03.14 00:46:19.267,0.86781,0.86793
2013.03.14 00:46:25.769,0.86781,0.86794
2013.03.14 00:46:26.781,0.86781,0.86794
2013.03.14 00:46:26.849,0.86782,0.86795
2013.03.14 00:46:27.310,0.86781,0.86795
2013.03.14 00:46:29.145,0.86781,0.86795
2013.03.14 00:46:30.707,0.86779,0.86795
2013.03.14 00:46:33.820,0.86781,0.86795
2013.03.14 00:46:34.339,0.86781,0.86796
2013.03.14 00:46:36.174,0.86783,0.86796
2013.03.14 00:46:38.599,0.86781,0.86797
2013.03.14 00:46:43.177,0.86782,0.86797
2013.03.14 00:46:51.617,0.86781,0.86798
2013.03.14 00:46:52.571,0.86784,0.86798
2013.03.14 00:46:52.669,0.86786,0.86801
2013.03.14 00:46:53.386,0.86786,0.86801
2013.03.14 00:46:53.688,0.86789,0.86803
2013.03.14 00:46:54.087,0.86789,0.86804
2013.03.14 00:46:58.109,0.86789,0.86803
2013.03.14 00:47:01.969,0.86787,0.86801
2013.03.14 00:47:02.289,0.86789,0.86804
2013.03.14 00:47:02.988,0.86787,0.86801
2013.03.14 00:47:07.267,0.86788,0.86801
2013.03.14 00:47:12.117,0.86788,0.86801
2013.03.14 00:47:12.359,0.86787,0.86801
2013.03.14 00:47:21.589,0.86787,0.86801
2013.03.14 00:47:22.957,0.86787,0.86801
2013.03.14 00:47:24.288,0.86786,0.868
2013.03.14 00:47:34.078,0.86784,0.86796
2013.03.14 00:47:35.098,0.86783,0.86795
2013.03.14 00:47:41.597,0.86782,0.86795
2013.03.14 00:47:41.908,0.8678,0.86794
2013.03.14 00:47:42.481,0.8678,0.86794
2013.03.14 00:47:43.753,0.8678,0.86795
2013.03.14 00:47:44.778,0.86781,0.86796
2013.03.14 00:47:52.288,0.86783,0.86797
2013.03.14 00:47:52.843,0.86783,0.86797
2013.03.14 00:48:02.350,0.86783,0.86797
2013.03.14 00:48:02.429,0.86782,0.86796
2013.03.14 00:48:02.808,0.86782,0.86795
2013.03.14 00:48:06.827,0.86781,0.86795
2013.03.14 00:48:14.579,0.86783,0.86795
2013.03.14 00:48:15.009,0.86782,0.86794
2013.03.14 00:48:15.213,0.86779,0.86793
2013.03.14 00:48:15.469,0.86779,0.86794
2013.03.14 00:48:19.658,0.86779,0.86795
2013.03.14 00:48:19.908,0.86779,0.86795
2013.03.14 00:48:20.640,0.86781,0.86798
2013.03.14 00:48:24.568,0.86784,0.86798
2013.03.14 00:48:24.878,0.86786,0.868
2013.03.14 00:48:26.768,0.86786,0.868
2013.03.14 00:48:32.828,0.86786,0.86798
2013.03.14 00:48:33.098,0.86785,0.86798
2013.03.14 00:48:33.172,0.86785,0.86798
2013.03.14 00:48:33.501,0.86783,0.86797
2013.03.14 00:48:34.057,0.86783,0.86799
2013.03.14 00:48:34.597,0.86783,0.86799
2013.03.14 00:48:40.036,0.86783,0.86798
2013.03.14 00:48:48.229,0.86786,0.868
2013.03.14 00:49:07.041,0.86787,0.86802
2013.03.14 00:49:07.169,0.86789,0.86803
2013.03.14 00:49:07.238,0.86791,0.86803
2013.03.14 00:49:07.752,0.86794,0.86809
2013.03.14 00:49:07.948,0.86795,0.86809
2013.03.14 00:49:09.387,0.86794,0.86808
2013.03.14 00:49:18.007,0.8679,0.86806
2013.03.14 00:49:18.142,0.8679,0.86805
2013.03.14 00:49:18.517,0.8679,0.86803
2013.03.14 00:49:18.588,0.86788,0.86803
2013.03.14 00:49:27.058,0.86788,0.86803
2013.03.14 00:49:42.095,0.8679,0.86804
2013.03.14 00:49:42.429,0.86791,0.86804
2013.03.14 00:49:42.617,0.86793,0.86808
2013.03.14 00:49:42.749,0.86793,0.86807
2013.03.14 00:49:43.378,0.86793,0.86806
2013.03.14 00:49:47.561,0.86793,0.86807
2013.03.14 00:49:50.188,0.86793,0.86807
2013.03.14 00:49:52.736,0.86793,0.86805
2013.03.14 00:50:01.368,0.86792,0.86806
2013.03.14 00:50:01.678,0.86792,0.86805
2013.03.14 00:50:01.808,0.86792,0.86805
2013.03.14 00:50:02.888,0.86792,0.86805
2013.03.14 00:50:11.578,0.86792,0.86805
2013.03.14 00:50:17.829,0.86792,0.86805
2013.03.14 00:50:20.314,0.86792,0.86805
2013.03.14 00:50:22.434,0.8679,0.86805
2013.03.14 00:50:22.962,0.8679,0.86802
2013.03.14 00:50:23.517,0.86787,0.86802
2013.03.14 00:50:24.759,0.86787,0.86802
2013.03.14 00:50:29.859,0.86788,0.86802
2013.03.14 00:50:39.240,0.86788,0.86801
2013.03.14 00:50:54.643,0.86788,0.86802
2013.03.14 00:51:05.110,0.86789,0.86803
2013.03.14 00:51:06.757,0.86789,0.86803
2013.03.14 00:51:07.798,0.86789,0.86805
2013.03.14 00:51:07.869,0.86789,0.86806
2013.03.14 00:51:08.180,0.86791,0.86806
2013.03.14 00:51:09.832,0.86793,0.86807
2013.03.14 00:51:14.421,0.86798,0.86812
2013.03.14 00:51:15.349,0.86797,0.86812
2013.03.14 00:51:15.539,0.86798,0.86812
2013.03.14 00:51:15.669,0.86798,0.86816
2013.03.14 00:51:15.799,0.868,0.86816
2013.03.14 00:51:15.869,0.868,0.86816
2013.03.14 00:51:16.000,0.86802,0.86818
2013.03.14 00:51:16.129,0.86802,0.86817
2013.03.14 00:51:16.197,0.86802,0.86817
2013.03.14 00:51:16.438,0.86803,0.86817
2013.03.14 00:51:17.850,0.86803,0.86819
2013.03.14 00:51:18.784,0.86802,0.86816
2013.03.14 00:51:19.136,0.86798,0.86813
2013.03.14 00:51:19.658,0.86797,0.8681
2013.03.14 00:51:21.069,0.868,0.8681
2013.03.14 00:51:25.281,0.86797,0.86813
2013.03.14 00:51:25.352,0.86797,0.86813
2013.03.14 00:51:25.623,0.86796,0.86812
2013.03.14 00:51:33.188,0.86796,0.8681
2013.03.14 00:51:40.698,0.86794,0.86809
2013.03.14 00:52:01.307,0.86796,0.86809
2013.03.14 00:52:01.670,0.86796,0.86811
2013.03.14 00:52:02.518,0.86797,0.86812
2013.03.14 00:52:03.067,0.86797,0.86813
2013.03.14 00:52:03.853,0.86797,0.86813
2013.03.14 00:52:04.359,0.86797,0.86813
2013.03.14 00:52:04.917,0.86797,0.86813
2013.03.14 00:52:05.229,0.86797,0.86813
2013.03.14 00:52:05.778,0.86797,0.86813
2013.03.14 00:52:06.318,0.86797,0.86813
2013.03.14 00:52:07.192,0.86797,0.86813
2013.03.14 00:52:07.739,0.86795,0.86809
2013.03.14 00:52:07.892,0.86795,0.86809
2013.03.14 00:52:09.840,0.86794,0.86806
2013.03.14 00:52:10.406,0.86793,0.86805
2013.03.14 00:52:10.670,0.86794,0.86808
2013.03.14 00:52:14.762,0.86792,0.86805
2013.03.14 00:52:14.891,0.86791,0.86805
2013.03.14 00:52:15.495,0.86792,0.86806
2013.03.14 00:52:16.078,0.86792,0.86806
2013.03.14 00:52:17.058,0.86791,0.86806
2013.03.14 00:52:17.599,0.8679,0.86806
2013.03.14 00:52:18.147,0.8679,0.86806
2013.03.14 00:52:20.149,0.86791,0.86806
2013.03.14 00:52:22.109,0.86792,0.86806
2013.03.14 00:52:22.857,0.86793,0.86806
2013.03.14 00:52:23.550,0.86793,0.86807
2013.03.14 00:52:23.742,0.86792,0.86807
2013.03.14 00:52:24.380,0.86792,0.86807
2013.03.14 00:52:27.817,0.86793,0.86806
2013.03.14 00:52:33.299,0.86795,0.86808
2013.03.14 00:52:35.188,0.86796,0.86809
2013.03.14 00:52:35.444,0.86796,0.86811
2013.03.14 00:52:35.699,0.86798,0.86811
2013.03.14 00:52:36.008,0.86799,0.86814
2013.03.14 00:52:36.128,0.868,0.86814
2013.03.14 00:52:39.548,0.86799,0.86815
2013.03.14 00:52:45.282,0.868,0.86813
2013.03.14 00:52:46.957,0.86798,0.86813
2013.03.14 00:52:47.668,0.86798,0.86813
2013.03.14 00:52:50.618,0.86797,0.86813
2013.03.14 00:52:53.009,0.86799,0.86813
2013.03.14 00:52:53.264,0.868,0.86815
2013.03.14 00:52:53.403,0.868,0.86815
2013.03.14 00:52:53.718,0.868,0.86818
2013.03.14 00:52:54.267,0.86801,0.86818
2013.03.14 00:52:59.819,0.86802,0.86819
2013.03.14 00:53:02.891,0.86802,0.86817
2013.03.14 00:53:03.431,0.86802,0.86816
2013.03.14 00:53:04.607,0.86802,0.86815
2013.03.14 00:53:04.669,0.86803,0.86817
2013.03.14 00:53:08.669,0.86804,0.86815
2013.03.14 00:53:09.338,0.86801,0.86814
2013.03.14 00:53:14.128,0.86798,0.86814
2013.03.14 00:53:14.368,0.86797,0.86811
2013.03.14 00:53:14.917,0.86798,0.8681
2013.03.14 00:53:15.606,0.86798,0.86811
2013.03.14 00:53:16.908,0.86798,0.8681
2013.03.14 00:53:17.219,0.86796,0.86811
2013.03.14 00:53:17.768,0.86796,0.86811
2013.03.14 00:53:18.449,0.86793,0.86808
2013.03.14 00:53:18.950,0.86794,0.86808
2013.03.14 00:53:19.507,0.86794,0.86807
2013.03.14 00:53:22.561,0.86794,0.86807
2013.03.14 00:53:23.108,0.86794,0.86807
2013.03.14 00:53:23.168,0.86794,0.86807
2013.03.14 00:53:23.408,0.86795,0.86809
2013.03.14 00:53:23.958,0.86796,0.86809
2013.03.14 00:53:24.628,0.86795,0.8681
2013.03.14 00:53:27.271,0.86796,0.8681
2013.03.14 00:53:28.768,0.86796,0.86809
2013.03.14 00:53:29.459,0.86796,0.86809
2013.03.14 00:53:34.661,0.86795,0.86809
2013.03.14 00:53:35.180,0.86796,0.8681
2013.03.14 00:53:44.108,0.86796,0.86811
2013.03.14 00:53:44.649,0.86795,0.86809
2013.03.14 00:53:46.839,0.86795,0.8681
2013.03.14 00:53:50.188,0.86795,0.8681
2013.03.14 00:53:50.307,0.86795,0.8681
2013.03.14 00:53:50.849,0.86795,0.86808
2013.03.14 00:53:52.309,0.86794,0.86809
2013.03.14 00:53:52.738,0.86797,0.86812
2013.03.14 00:54:00.149,0.86798,0.86812
2013.03.14 00:54:00.698,0.86797,0.86811
2013.03.14 00:54:01.885,0.86796,0.86811
2013.03.14 00:54:06.320,0.86796,0.8681
2013.03.14 00:54:09.030,0.86795,0.8681
2013.03.14 00:54:11.083,0.86791,0.86806
2013.03.14 00:54:11.600,0.86791,0.86807
2013.03.14 00:54:14.041,0.86792,0.86809
2013.03.14 00:54:15.948,0.86792,0.86807
2013.03.14 00:54:19.919,0.8679,0.86803
2013.03.14 00:54:20.423,0.8679,0.86803
2013.03.14 00:54:25.361,0.86793,0.86807
2013.03.14 00:54:31.160,0.86792,0.86805
2013.03.14 00:54:31.707,0.8679,0.86803
2013.03.14 00:54:41.338,0.86786,0.86803
2013.03.14 00:54:41.468,0.86785,0.86799
2013.03.14 00:54:41.838,0.86786,0.86799
2013.03.14 00:54:43.209,0.86786,0.868
2013.03.14 00:54:44.718,0.86785,0.86798
2013.03.14 00:54:46.249,0.86784,0.86798
2013.03.14 00:54:48.860,0.86784,0.86798
2013.03.14 00:54:49.348,0.86785,0.86798
2013.03.14 00:54:50.087,0.86785,0.86798
2013.03.14 00:54:50.638,0.86784,0.86798
2013.03.14 00:54:53.516,0.86784,0.86798
2013.03.14 00:54:54.052,0.86785,0.86799
2013.03.14 00:54:54.518,0.86785,0.86801
2013.03.14 00:54:54.580,0.86786,0.86801
2013.03.14 00:54:54.710,0.86788,0.86804
2013.03.14 00:54:55.257,0.86789,0.86804
2013.03.14 00:54:55.378,0.86789,0.86804
2013.03.14 00:54:55.510,0.86788,0.86801
2013.03.14 00:54:56.382,0.86788,0.868
2013.03.14 00:54:56.459,0.86786,0.86799
2013.03.14 00:54:56.531,0.86786,0.86799
2013.03.14 00:54:57.259,0.86787,0.86802
2013.03.14 00:54:57.689,0.86788,0.86802
2013.03.14 00:54:58.969,0.86784,0.868
2013.03.14 00:54:59.398,0.86784,0.86799
2013.03.14 00:54:59.849,0.86786,0.86799
2013.03.14 00:54:59.918,0.86788,0.86802
2013.03.14 00:55:00.259,0.86789,0.86794
2013.03.14 00:55:00.519,0.86787,0.86799
2013.03.14 00:55:01.053,0.86787,0.86803
2013.03.14 00:55:01.190,0.86793,0.86806
2013.03.14 00:55:01.518,0.86793,0.86807
2013.03.14 00:55:01.663,0.86796,0.86805
2013.03.14 00:55:01.800,0.86796,0.86812
2013.03.14 00:55:01.870,0.86796,0.86812
2013.03.14 00:55:02.309,0.86798,0.86814
2013.03.14 00:55:03.160,0.868,0.86814
2013.03.14 00:55:04.140,0.868,0.86814
2013.03.14 00:55:04.690,0.86798,0.86813
2013.03.14 00:55:05.209,0.86798,0.86812
2013.03.14 00:55:07.340,0.86796,0.86809
2013.03.14 00:55:07.470,0.86795,0.86809
2013.03.14 00:55:08.018,0.86794,0.86809
2013.03.14 00:55:09.787,0.86794,0.8681
2013.03.14 00:55:10.458,0.86798,0.86811
2013.03.14 00:55:11.058,0.86798,0.86812
2013.03.14 00:55:11.549,0.86798,0.86813
2013.03.14 00:55:11.869,0.86801,0.86814
2013.03.14 00:55:17.689,0.86803,0.86816
2013.03.14 00:55:18.177,0.86805,0.86819
2013.03.14 00:55:18.477,0.86806,0.86819
2013.03.14 00:55:20.228,0.86807,0.86821
2013.03.14 00:55:20.781,0.86808,0.86821
2013.03.14 00:55:23.910,0.86809,0.86822
2013.03.14 00:55:24.368,0.86807,0.86821
2013.03.14 00:55:24.487,0.86807,0.86822
2013.03.14 00:55:28.317,0.86807,0.86823
2013.03.14 00:55:28.738,0.86807,0.86823
2013.03.14 00:55:29.318,0.86807,0.8682
2013.03.14 00:55:30.749,0.86805,0.8682
2013.03.14 00:55:31.960,0.86807,0.8682
2013.03.14 00:55:32.029,0.86808,0.8682
2013.03.14 00:55:32.577,0.86808,0.86823
2013.03.14 00:55:33.034,0.86808,0.86823
2013.03.14 00:55:33.823,0.8681,0.86825
2013.03.14 00:55:35.427,0.86811,0.86825
2013.03.14 00:55:42.021,0.86811,0.86825
2013.03.14 00:55:44.019,0.86811,0.86825
2013.03.14 00:55:59.730,0.8681,0.86824
2013.03.14 00:56:02.938,0.8681,0.86824
2013.03.14 00:56:04.342,0.86809,0.86824
2013.03.14 00:56:04.610,0.86809,0.86824
2013.03.14 00:56:06.880,0.86809,0.86824
2013.03.14 00:56:21.660,0.86807,0.8682
2013.03.14 00:56:21.849,0.86805,0.8682
2013.03.14 00:56:21.989,0.86805,0.86819
2013.03.14 00:56:22.182,0.86803,0.86818
2013.03.14 00:56:26.998,0.86805,0.86818
2013.03.14 00:56:27.368,0.86805,0.86818
2013.03.14 00:56:29.499,0.86805,0.8682
2013.03.14 00:56:29.930,0.86807,0.86821
2013.03.14 00:56:35.549,0.86807,0.86821
2013.03.14 00:56:37.770,0.86806,0.86821
2013.03.14 00:56:38.139,0.86804,0.86817
2013.03.14 00:56:38.270,0.86801,0.86815
2013.03.14 00:56:38.458,0.86802,0.86815
2013.03.14 00:56:42.519,0.868,0.86815
2013.03.14 00:56:45.318,0.868,0.86815
2013.03.14 00:56:45.859,0.868,0.86815
2013.03.14 00:56:46.308,0.868,0.86815
2013.03.14 00:56:46.548,0.868,0.86815
2013.03.14 00:56:46.669,0.868,0.86815
2013.03.14 00:56:46.861,0.86802,0.86816
2013.03.14 00:56:46.989,0.86803,0.86815
2013.03.14 00:56:47.540,0.86805,0.86815
2013.03.14 00:56:48.273,0.86806,0.86818
2013.03.14 00:56:48.401,0.86805,0.86816
2013.03.14 00:56:48.587,0.86806,0.86816
2013.03.14 00:56:48.708,0.86804,0.86816
2013.03.14 00:56:48.945,0.86802,0.86812
2013.03.14 00:56:49.209,0.86801,0.86813
2013.03.14 00:56:51.890,0.86802,0.86815
2013.03.14 00:56:54.828,0.86801,0.86815
2013.03.14 00:56:58.598,0.868,0.86814
2013.03.14 00:56:59.160,0.868,0.86815
2013.03.14 00:56:59.790,0.86801,0.86815
2013.03.14 00:57:01.897,0.86802,0.86815
2013.03.14 00:57:03.738,0.868,0.86812
2013.03.14 00:57:05.518,0.86799,0.86812
2013.03.14 00:57:06.838,0.86799,0.86811
2013.03.14 00:57:08.783,0.86799,0.86811
2013.03.14 00:57:09.571,0.86799,0.86812
2013.03.14 00:57:09.699,0.86801,0.86812
2013.03.14 00:57:15.741,0.86802,0.86814
2013.03.14 00:57:16.280,0.86801,0.86814
2013.03.14 00:57:16.699,0.868,0.86814
2013.03.14 00:57:18.079,0.868,0.86814
2013.03.14 00:57:21.619,0.868,0.86812
2013.03.14 00:57:23.390,0.868,0.86812
2013.03.14 00:57:28.888,0.86798,0.86812
2013.03.14 00:57:30.871,0.86798,0.86813
2013.03.14 00:57:32.857,0.868,0.86813
2013.03.14 00:57:33.408,0.86802,0.86814
2013.03.14 00:57:40.542,0.86801,0.86809
2013.03.14 00:57:40.668,0.86794,0.86809
2013.03.14 00:57:40.979,0.86791,0.86805
2013.03.14 00:57:41.048,0.86792,0.86804
2013.03.14 00:57:41.168,0.86792,0.86805
2013.03.14 00:57:41.707,0.86792,0.86804
2013.03.14 00:57:42.259,0.86792,0.86804
2013.03.14 00:57:43.048,0.86792,0.86805
2013.03.14 00:57:43.298,0.86793,0.86804
2013.03.14 00:57:43.503,0.86793,0.86803
2013.03.14 00:57:44.260,0.86793,0.86803
2013.03.14 00:57:47.299,0.86793,0.86803
2013.03.14 00:57:47.849,0.86793,0.86805
2013.03.14 00:57:48.352,0.86788,0.86801
2013.03.14 00:57:54.159,0.8679,0.86803
2013.03.14 00:57:54.291,0.86795,0.86805
2013.03.14 00:57:54.433,0.86796,0.86809
2013.03.14 00:57:54.503,0.86796,0.86807
2013.03.14 00:57:54.839,0.86797,0.86806
2013.03.14 00:57:55.039,0.86797,0.86805
2013.03.14 00:57:55.293,0.86797,0.86809
2013.03.14 00:57:55.360,0.86797,0.86809
2013.03.14 00:57:55.868,0.86795,0.86807
2013.03.14 00:57:56.123,0.86798,0.86812
2013.03.14 00:57:56.191,0.86799,0.86816
2013.03.14 00:57:56.260,0.86801,0.86817
2013.03.14 00:57:56.402,0.86801,0.86815
2013.03.14 00:57:56.769,0.86803,0.86814
2013.03.14 00:57:57.308,0.86802,0.86815
2013.03.14 00:57:58.519,0.86801,0.86815
2013.03.14 00:57:58.648,0.86805,0.86817
2013.03.14 00:57:58.890,0.86806,0.86817
2013.03.14 00:58:00.233,0.86803,0.86816
2013.03.14 00:58:00.315,0.86796,0.86809
2013.03.14 00:58:00.451,0.86796,0.86808
2013.03.14 00:58:00.758,0.86797,0.86808
2013.03.14 00:58:01.072,0.86795,0.86808
2013.03.14 00:58:01.202,0.86797,0.86813
2013.03.14 00:58:01.273,0.86799,0.86812
2013.03.14 00:58:01.599,0.86803,0.86812
2013.03.14 00:58:02.181,0.86806,0.86814
2013.03.14 00:58:02.370,0.86806,0.86816
2013.03.14 00:58:02.920,0.86808,0.86817
2013.03.14 00:58:02.989,0.86808,0.86818
2013.03.14 00:58:03.500,0.86809,0.86818
2013.03.14 00:58:04.048,0.86809,0.86819
2013.03.14 00:58:05.809,0.86809,0.86819
2013.03.14 00:58:06.389,0.86811,0.86819
2013.03.14 00:58:06.939,0.8681,0.86819
2013.03.14 00:58:07.370,0.86807,0.86817
2013.03.14 00:58:08.544,0.86802,0.86817
2013.03.14 00:58:08.669,0.86802,0.86814
2013.03.14 00:58:10.821,0.86803,0.86814
2013.03.14 00:58:11.140,0.86799,0.86811
2013.03.14 00:58:11.389,0.86797,0.86809
2013.03.14 00:58:11.939,0.86797,0.86809
2013.03.14 00:58:12.129,0.868,0.86809
2013.03.14 00:58:12.689,0.86795,0.8681
2013.03.14 00:58:13.239,0.86795,0.8681
2013.03.14 00:58:13.490,0.86799,0.8681
2013.03.14 00:58:14.050,0.86797,0.8681
2013.03.14 00:58:15.338,0.86797,0.8681
2013.03.14 00:58:15.471,0.86797,0.8681
2013.03.14 00:58:16.022,0.86795,0.86809
2013.03.14 00:58:16.149,0.86794,0.86809
2013.03.14 00:58:21.084,0.86794,0.86808
2013.03.14 00:58:21.668,0.86793,0.86806
2013.03.14 00:58:22.679,0.86793,0.86805
2013.03.14 00:58:24.546,0.86793,0.86806
2013.03.14 00:58:27.610,0.86792,0.86805
2013.03.14 00:58:28.569,0.86792,0.86805
2013.03.14 00:58:31.201,0.86792,0.86805
2013.03.14 00:58:31.738,0.86789,0.86802
2013.03.14 00:58:35.268,0.8679,0.86807
2013.03.14 00:58:37.271,0.86793,0.86807
2013.03.14 00:58:39.918,0.86795,0.86808
2013.03.14 00:58:50.758,0.86793,0.86807
2013.03.14 00:58:50.878,0.86793,0.86807
2013.03.14 00:58:50.940,0.86793,0.86807
2013.03.14 00:58:51.566,0.86794,0.86809
2013.03.14 00:58:53.579,0.86795,0.86808
2013.03.14 00:58:54.080,0.86794,0.86808
2013.03.14 00:58:59.336,0.86795,0.86808
2013.03.14 00:59:09.772,0.86794,0.86806
2013.03.14 00:59:11.658,0.86793,0.86807
2013.03.14 00:59:14.328,0.86794,0.86807
2013.03.14 00:59:15.078,0.86794,0.86807
2013.03.14 00:59:15.389,0.86802,0.86812
2013.03.14 00:59:15.462,0.86802,0.86814
2013.03.14 00:59:15.589,0.86802,0.86814
2013.03.14 00:59:15.899,0.86806,0.86818
2013.03.14 00:59:16.090,0.86806,0.86818
2013.03.14 00:59:16.479,0.86807,0.86818
2013.03.14 00:59:16.908,0.86807,0.86822
2013.03.14 00:59:22.854,0.86809,0.86824
2013.03.14 00:59:23.359,0.86809,0.86818
2013.03.14 00:59:24.208,0.86809,0.86818
2013.03.14 00:59:24.451,0.86808,0.86818
2013.03.14 00:59:25.388,0.86808,0.86818
2013.03.14 00:59:25.983,0.86808,0.86818
2013.03.14 00:59:26.498,0.86808,0.86822
2013.03.14 00:59:26.870,0.86808,0.86822
2013.03.14 00:59:27.180,0.86808,0.86823
2013.03.14 00:59:27.700,0.86808,0.86826
2013.03.14 00:59:28.488,0.86809,0.86824
2013.03.14 00:59:30.139,0.8681,0.86826
2013.03.14 00:59:30.451,0.86813,0.86828
2013.03.14 00:59:30.699,0.86813,0.86828
2013.03.14 00:59:31.317,0.86814,0.86828
2013.03.14 00:59:31.918,0.86814,0.86828
2013.03.14 00:59:32.038,0.86813,0.86826
2013.03.14 00:59:32.098,0.86813,0.86826
2013.03.14 00:59:32.339,0.86813,0.86828
2013.03.14 00:59:33.729,0.86813,0.86828
2013.03.14 00:59:34.280,0.86812,0.86828
2013.03.14 00:59:34.348,0.86812,0.86829
2013.03.14 00:59:34.858,0.86812,0.86828
2013.03.14 00:59:37.019,0.86812,0.86829
2013.03.14 00:59:40.557,0.86814,0.86829
2013.03.14 00:59:40.889,0.86808,0.86823
2013.03.14 00:59:41.140,0.86808,0.8682
2013.03.14 00:59:41.271,0.86805,0.86819
2013.03.14 00:59:41.784,0.86805,0.86818
2013.03.14 00:59:42.168,0.86805,0.86818
2013.03.14 00:59:43.648,0.86805,0.86818
2013.03.14 00:59:46.539,0.86805,0.86818
2013.03.14 00:59:50.929,0.86805,0.8682
2013.03.14 00:59:51.060,0.86805,0.8682
2013.03.14 00:59:51.550,0.86806,0.86823
2013.03.14 00:59:53.379,0.86806,0.86823
2013.03.14 00:59:53.938,0.86806,0.86823
2013.03.14 00:59:54.249,0.86806,0.86823
2013.03.14 00:59:55.148,0.86808,0.86823
2013.03.14 00:59:58.129,0.8681,0.86823
2013.03.14 01:00:01.499,0.8681,0.86823
2013.03.14 01:00:02.728,0.8681,0.86823
2013.03.14 01:00:03.699,0.8681,0.86825
2013.03.14 01:00:04.821,0.8681,0.86825
2013.03.14 01:00:05.479,0.86813,0.86827
2013.03.14 01:00:05.809,0.86814,0.86827
2013.03.14 01:00:06.310,0.86813,0.86825
2013.03.14 01:00:07.039,0.86814,0.86825
2013.03.14 01:00:07.490,0.86815,0.86827
2013.03.14 01:00:07.869,0.86815,0.86828
2013.03.14 01:00:08.420,0.86815,0.86828
2013.03.14 01:00:10.708,0.86818,0.86833
2013.03.14 01:00:11.428,0.86818,0.86833
2013.03.14 01:00:11.968,0.86823,0.86836
2013.03.14 01:00:12.328,0.86823,0.86836
2013.03.14 01:00:13.128,0.86824,0.86839
2013.03.14 01:00:13.251,0.86825,0.86839
2013.03.14 01:00:13.378,0.86826,0.86839
2013.03.14 01:00:14.049,0.86826,0.86839
2013.03.14 01:00:14.618,0.86827,0.86839
2013.03.14 01:00:14.802,0.86829,0.86842
2013.03.14 01:00:15.002,0.8683,0.86843
2013.03.14 01:00:15.549,0.8683,0.86841
2013.03.14 01:00:15.619,0.8683,0.86841
2013.03.14 01:00:15.978,0.86829,0.86842
2013.03.14 01:00:17.299,0.86829,0.86843
2013.03.14 01:00:18.849,0.86829,0.86843
2013.03.14 01:00:19.160,0.86833,0.86845
2013.03.14 01:00:19.228,0.86832,0.86844
2013.03.14 01:00:19.288,0.86829,0.86844
2013.03.14 01:00:19.420,0.86829,0.86844
2013.03.14 01:00:19.938,0.86828,0.86842
2013.03.14 01:00:20.060,0.86826,0.86841
2013.03.14 01:00:20.190,0.86826,0.8684
2013.03.14 01:00:20.738,0.86826,0.8684
2013.03.14 01:00:21.170,0.86825,0.8684
2013.03.14 01:00:21.369,0.86825,0.8684
2013.03.14 01:00:24.449,0.86824,0.86839
2013.03.14 01:00:28.179,0.86825,0.86838
2013.03.14 01:00:28.609,0.86823,0.86839
2013.03.14 01:00:29.177,0.86823,0.86838
2013.03.14 01:00:30.927,0.86821,0.86835
2013.03.14 01:00:31.071,0.8682,0.86835
2013.03.14 01:00:31.199,0.8682,0.86834
2013.03.14 01:00:31.759,0.8682,0.86831
2013.03.14 01:00:32.308,0.86819,0.86831
2013.03.14 01:00:34.159,0.86819,0.86834
2013.03.14 01:00:34.648,0.86819,0.86833
2013.03.14 01:00:35.188,0.86819,0.86833
2013.03.14 01:00:35.499,0.86819,0.86832
2013.03.14 01:00:35.689,0.86819,0.86833
2013.03.14 01:00:35.999,0.86819,0.86833
2013.03.14 01:00:36.570,0.86822,0.86834
2013.03.14 01:00:40.748,0.86821,0.86833
2013.03.14 01:00:43.141,0.86821,0.86834
2013.03.14 01:00:44.605,0.8682,0.86833
2013.03.14 01:00:44.744,0.86822,0.86835
2013.03.14 01:00:45.680,0.86822,0.86836
2013.03.14 01:00:45.809,0.86822,0.86836
2013.03.14 01:00:46.409,0.86822,0.86836
2013.03.14 01:00:47.809,0.86822,0.86836
2013.03.14 01:00:47.879,0.86822,0.86834
2013.03.14 01:00:48.189,0.8682,0.86834
2013.03.14 01:00:48.258,0.8682,0.86834
2013.03.14 01:00:48.806,0.86821,0.86835
2013.03.14 01:00:50.209,0.86821,0.86834
2013.03.14 01:00:51.992,0.86821,0.86835
2013.03.14 01:00:56.822,0.86821,0.86834
2013.03.14 01:00:57.738,0.86821,0.86834
2013.03.14 01:00:58.739,0.86821,0.86833
2013.03.14 01:01:01.680,0.86821,0.86832
2013.03.14 01:01:02.122,0.86816,0.86829
2013.03.14 01:01:02.192,0.86817,0.86828
2013.03.14 01:01:02.840,0.86816,0.8683
2013.03.14 01:01:03.688,0.86815,0.86829
2013.03.14 01:01:03.929,0.86815,0.8683
2013.03.14 01:01:04.360,0.86817,0.86832
2013.03.14 01:01:04.432,0.86817,0.8683
2013.03.14 01:01:04.700,0.86819,0.86833
2013.03.14 01:01:04.828,0.86819,0.86831
2013.03.14 01:01:05.500,0.86821,0.86832
2013.03.14 01:01:05.630,0.86821,0.86833
2013.03.14 01:01:05.939,0.86821,0.86832
2013.03.14 01:01:06.189,0.86821,0.86836
2013.03.14 01:01:06.380,0.86821,0.86834
2013.03.14 01:01:06.689,0.86821,0.86836
2013.03.14 01:01:06.833,0.86821,0.86836
2013.03.14 01:01:07.650,0.86826,0.8684
2013.03.14 01:01:07.721,0.86829,0.86841
2013.03.14 01:01:08.321,0.86827,0.8684
2013.03.14 01:01:20.509,0.86824,0.86839
2013.03.14 01:01:29.192,0.86825,0.86839
2013.03.14 01:01:29.503,0.86825,0.86839
2013.03.14 01:01:30.110,0.86825,0.86839
2013.03.14 01:01:32.400,0.86825,0.86839
2013.03.14 01:01:32.619,0.86825,0.86839
2013.03.14 01:01:35.379,0.86824,0.86837
2013.03.14 01:01:37.138,0.86825,0.86838
2013.03.14 01:01:43.109,0.86825,0.86838
2013.03.14 01:01:43.540,0.86825,0.86837
2013.03.14 01:01:44.294,0.86825,0.86838
2013.03.14 01:01:44.621,0.8683,0.86844
2013.03.14 01:01:44.692,0.86831,0.86844
2013.03.14 01:01:44.758,0.8683,0.86844
2013.03.14 01:01:45.070,0.8683,0.86844
2013.03.14 01:01:45.624,0.86825,0.86837
2013.03.14 01:01:46.000,0.86825,0.86837
2013.03.14 01:01:46.130,0.86825,0.86837
2013.03.14 01:01:48.298,0.86822,0.86837
2013.03.14 01:01:49.672,0.86822,0.86836
2013.03.14 01:01:50.258,0.86821,0.86836
2013.03.14 01:01:50.379,0.86821,0.86836
2013.03.14 01:01:50.509,0.86821,0.86836
2013.03.14 01:01:51.051,0.86821,0.86836
2013.03.14 01:01:51.181,0.86821,0.86836
2013.03.14 01:01:51.630,0.86822,0.86834
2013.03.14 01:01:51.772,0.86822,0.86836
2013.03.14 01:01:51.840,0.86822,0.86836
2013.03.14 01:01:52.162,0.86824,0.86838
2013.03.14 01:01:52.532,0.86823,0.86836
2013.03.14 01:01:52.981,0.86824,0.86835
2013.03.14 01:01:53.410,0.86822,0.86835
2013.03.14 01:01:53.724,0.86822,0.86835
2013.03.14 01:01:54.702,0.86821,0.86835
2013.03.14 01:01:58.702,0.86827,0.86842
2013.03.14 01:01:58.771,0.86827,0.86842
2013.03.14 01:01:59.081,0.86827,0.86838
2013.03.14 01:01:59.629,0.86823,0.86836
2013.03.14 01:01:59.950,0.86823,0.86839
2013.03.14 01:02:00.021,0.86823,0.86839
2013.03.14 01:02:00.579,0.86826,0.86841
2013.03.14 01:02:01.139,0.86825,0.86839
2013.03.14 01:02:01.690,0.86827,0.86842
2013.03.14 01:02:02.220,0.86826,0.86838
2013.03.14 01:02:03.763,0.86824,0.86837
2013.03.14 01:02:04.019,0.86824,0.86837
2013.03.14 01:02:04.690,0.86821,0.86836
2013.03.14 01:02:04.762,0.86819,0.86833
2013.03.14 01:02:04.891,0.86819,0.86833
2013.03.14 01:02:05.140,0.86819,0.86833
2013.03.14 01:02:05.685,0.86823,0.86837
2013.03.14 01:02:08.729,0.86822,0.86837
2013.03.14 01:02:13.010,0.86819,0.86833
2013.03.14 01:02:13.659,0.86819,0.86834
2013.03.14 01:02:13.861,0.86819,0.86834
2013.03.14 01:02:14.169,0.86819,0.86833
2013.03.14 01:02:15.561,0.86818,0.86833
2013.03.14 01:02:16.110,0.86818,0.86833
2013.03.14 01:02:16.661,0.86816,0.8683
2013.03.14 01:02:17.600,0.86816,0.86831
2013.03.14 01:02:18.416,0.86816,0.86831
2013.03.14 01:02:18.919,0.86816,0.8683
2013.03.14 01:02:19.421,0.86814,0.86829
2013.03.14 01:02:20.180,0.86814,0.86829
2013.03.14 01:02:20.489,0.86818,0.8683
2013.03.14 01:02:20.931,0.86817,0.86832
2013.03.14 01:02:21.600,0.86817,0.86832
2013.03.14 01:02:22.126,0.86817,0.86833
2013.03.14 01:02:22.502,0.86817,0.86834
2013.03.14 01:02:23.065,0.86819,0.86834
2013.03.14 01:02:23.470,0.86819,0.86834
2013.03.14 01:02:23.779,0.86819,0.86833
2013.03.14 01:02:24.631,0.86817,0.86831
2013.03.14 01:02:25.290,0.86817,0.86831
2013.03.14 01:02:25.799,0.86817,0.8683
2013.03.14 01:02:27.030,0.86818,0.86832
2013.03.14 01:02:27.578,0.86818,0.86832
2013.03.14 01:02:28.130,0.86819,0.86832
2013.03.14 01:02:28.440,0.86819,0.86835
2013.03.14 01:02:29.261,0.86819,0.86835
2013.03.14 01:02:30.629,0.86819,0.86835
2013.03.14 01:02:32.284,0.86819,0.86835
2013.03.14 01:02:33.664,0.86819,0.86835
2013.03.14 01:02:33.981,0.86817,0.86831
2013.03.14 01:02:34.111,0.86817,0.86832
2013.03.14 01:02:34.181,0.86817,0.86831
2013.03.14 01:02:34.499,0.86815,0.8683
2013.03.14 01:02:34.560,0.86815,0.86831
2013.03.14 01:02:34.632,0.86815,0.86829
2013.03.14 01:02:36.651,0.86816,0.86829
2013.03.14 01:02:37.196,0.86815,0.86829
2013.03.14 01:02:38.895,0.86816,0.8683
2013.03.14 01:02:39.650,0.86816,0.86829
2013.03.14 01:02:40.610,0.86817,0.86831
2013.03.14 01:02:43.400,0.86821,0.86834
2013.03.14 01:02:44.128,0.86818,0.86833
2013.03.14 01:02:44.489,0.86818,0.86832
2013.03.14 01:02:45.042,0.86819,0.86832
2013.03.14 01:02:47.836,0.86817,0.8683
2013.03.14 01:02:48.151,0.86814,0.86827
2013.03.14 01:02:48.399,0.86813,0.86826
2013.03.14 01:02:48.904,0.86813,0.86826
2013.03.14 01:02:51.050,0.86815,0.8683
2013.03.14 01:02:51.242,0.86815,0.8683
2013.03.14 01:02:51.548,0.86818,0.86832
2013.03.14 01:02:53.402,0.86818,0.86831
2013.03.14 01:02:53.476,0.86818,0.86832
2013.03.14 01:02:53.612,0.86818,0.86831
2013.03.14 01:02:53.930,0.86821,0.86834
2013.03.14 01:02:54.000,0.86821,0.86838
2013.03.14 01:02:54.133,0.86824,0.86838
2013.03.14 01:02:54.442,0.86823,0.86838
2013.03.14 01:02:54.511,0.86823,0.86838
2013.03.14 01:02:54.580,0.86823,0.86838
2013.03.14 01:02:54.713,0.86825,0.86841
2013.03.14 01:02:54.909,0.86829,0.86842
2013.03.14 01:02:57.378,0.86826,0.86842
2013.03.14 01:02:57.438,0.86827,0.86842
2013.03.14 01:02:57.918,0.86826,0.86842
2013.03.14 01:02:59.605,0.86826,0.86842
2013.03.14 01:03:01.149,0.86826,0.86839
2013.03.14 01:03:01.638,0.86826,0.86839
2013.03.14 01:03:02.249,0.86826,0.86839
2013.03.14 01:03:04.571,0.86827,0.86838
2013.03.14 01:03:06.076,0.86824,0.86838
2013.03.14 01:03:07.920,0.86824,0.86839
2013.03.14 01:03:08.237,0.86823,0.86839
2013.03.14 01:03:08.560,0.86821,0.86836
2013.03.14 01:03:08.632,0.8682,0.86835
2013.03.14 01:03:10.597,0.8682,0.86834
2013.03.14 01:03:11.159,0.86821,0.86834
2013.03.14 01:03:11.749,0.86821,0.86834
2013.03.14 01:03:12.036,0.86821,0.86834
2013.03.14 01:03:16.040,0.86822,0.86834
2013.03.14 01:03:16.169,0.86822,0.86834
2013.03.14 01:03:16.649,0.86825,0.86836
2013.03.14 01:03:16.769,0.86825,0.86836
2013.03.14 01:03:17.489,0.86825,0.86836
2013.03.14 01:03:17.932,0.86819,0.86833
2013.03.14 01:03:18.125,0.86819,0.86831
2013.03.14 01:03:18.491,0.86816,0.8683
2013.03.14 01:03:18.634,0.86816,0.86829
2013.03.14 01:03:18.704,0.86816,0.86828
2013.03.14 01:03:18.771,0.86813,0.86828
2013.03.14 01:03:18.912,0.86813,0.86827
2013.03.14 01:03:19.469,0.86815,0.86827
2013.03.14 01:03:20.721,0.86815,0.86828
2013.03.14 01:03:20.982,0.8682,0.8683
2013.03.14 01:03:21.419,0.8682,0.86834
2013.03.14 01:03:21.493,0.8682,0.86834
2013.03.14 01:03:21.619,0.86821,0.86834
2013.03.14 01:03:22.399,0.8682,0.86833
2013.03.14 01:03:23.299,0.8682,0.86833
2013.03.14 01:03:23.728,0.8682,0.86833
2013.03.14 01:03:25.053,0.8682,0.86834
2013.03.14 01:03:31.771,0.86822,0.86838
2013.03.14 01:03:32.080,0.86823,0.86838
2013.03.14 01:03:32.569,0.86826,0.86839
2013.03.14 01:03:33.131,0.86826,0.86839
2013.03.14 01:03:36.148,0.86827,0.86842
2013.03.14 01:03:37.221,0.86829,0.86846
2013.03.14 01:03:37.409,0.8683,0.86846
2013.03.14 01:03:37.479,0.86832,0.86844
2013.03.14 01:03:43.752,0.86831,0.86846
2013.03.14 01:03:43.999,0.86831,0.86846
2013.03.14 01:03:44.453,0.86829,0.86843
2013.03.14 01:03:45.104,0.86827,0.86843
2013.03.14 01:03:53.059,0.86826,0.86839
2013.03.14 01:03:53.759,0.86825,0.86839
2013.03.14 01:03:56.567,0.86825,0.86838
2013.03.14 01:03:59.323,0.86824,0.8684
2013.03.14 01:04:00.216,0.86824,0.86839
2013.03.14 01:04:00.720,0.86824,0.86839
2013.03.14 01:04:10.258,0.86824,0.86839
2013.03.14 01:04:10.802,0.86823,0.86838
2013.03.14 01:04:10.869,0.86823,0.86836
2013.03.14 01:04:13.024,0.86824,0.86838
2013.03.14 01:04:13.538,0.86824,0.86839
2013.03.14 01:04:14.078,0.86824,0.8684
2013.03.14 01:04:14.379,0.86824,0.86838
2013.03.14 01:04:15.122,0.86824,0.86838
2013.03.14 01:04:16.500,0.86828,0.8684
2013.03.14 01:04:16.689,0.8683,0.86843
2013.03.14 01:04:17.240,0.86828,0.86843
2013.03.14 01:04:17.492,0.86828,0.86839
2013.03.14 01:04:17.918,0.86826,0.86839
2013.03.14 01:04:18.479,0.86826,0.86836
2013.03.14 01:04:32.209,0.86826,0.86838
2013.03.14 01:04:34.872,0.86825,0.86838
2013.03.14 01:04:36.050,0.86827,0.86838
2013.03.14 01:04:36.241,0.86829,0.86841
2013.03.14 01:04:36.791,0.86829,0.86841
2013.03.14 01:04:37.004,0.86827,0.86842
2013.03.14 01:04:41.319,0.86823,0.86839
2013.03.14 01:04:41.394,0.86821,0.86837
2013.03.14 01:04:41.532,0.86822,0.86837
2013.03.14 01:04:41.840,0.86822,0.86836
2013.03.14 01:04:42.849,0.86822,0.86836
2013.03.14 01:04:44.078,0.86822,0.86836
2013.03.14 01:04:44.799,0.86822,0.86836
2013.03.14 01:04:44.990,0.86822,0.86835
2013.03.14 01:04:46.903,0.86822,0.86833
2013.03.14 01:04:48.830,0.8682,0.86834
2013.03.14 01:04:51.448,0.86817,0.86833
2013.03.14 01:04:52.227,0.86818,0.86831
2013.03.14 01:04:55.769,0.86818,0.86832
2013.03.14 01:04:57.591,0.86821,0.86832
2013.03.14 01:04:57.660,0.86821,0.86834
2013.03.14 01:05:05.941,0.86822,0.86835
2013.03.14 01:05:06.081,0.86822,0.86835
2013.03.14 01:05:09.468,0.86822,0.86835
2013.03.14 01:05:10.933,0.8682,0.86834
2013.03.14 01:05:12.066,0.86819,0.86833
2013.03.14 01:05:16.282,0.86819,0.86833
2013.03.14 01:05:16.601,0.86819,0.86835
2013.03.14 01:05:16.730,0.86822,0.86835
2013.03.14 01:05:19.241,0.86819,0.86835
2013.03.14 01:05:19.311,0.86819,0.86834
2013.03.14 01:05:20.273,0.86819,0.86833
2013.03.14 01:05:20.807,0.86819,0.86833
2013.03.14 01:05:21.531,0.86819,0.86834
2013.03.14 01:05:21.990,0.86819,0.86833
2013.03.14 01:05:22.181,0.86819,0.86834
2013.03.14 01:05:22.369,0.86819,0.86833
2013.03.14 01:05:22.440,0.86817,0.86832
2013.03.14 01:05:22.570,0.86817,0.86831
2013.03.14 01:05:22.770,0.86815,0.8683
2013.03.14 01:05:25.950,0.86815,0.8683
2013.03.14 01:05:26.261,0.86821,0.86831
2013.03.14 01:05:27.470,0.86823,0.86833
2013.03.14 01:05:27.780,0.86819,0.86833
2013.03.14 01:05:28.030,0.86816,0.86832
2013.03.14 01:05:30.583,0.86816,0.86832
2013.03.14 01:05:30.903,0.86823,0.86832
2013.03.14 01:05:31.040,0.86823,0.86835
2013.03.14 01:05:31.349,0.86823,0.86839
2013.03.14 01:05:31.479,0.86823,0.86839
2013.03.14 01:05:31.539,0.86824,0.86839
2013.03.14 01:05:32.217,0.86823,0.86839
2013.03.14 01:05:32.351,0.86823,0.86837
2013.03.14 01:05:32.422,0.86821,0.86837
2013.03.14 01:05:32.491,0.86821,0.86835
2013.03.14 01:05:32.798,0.86821,0.86835
2013.03.14 01:05:36.659,0.86824,0.86836
2013.03.14 01:05:37.818,0.86823,0.86836
2013.03.14 01:05:38.120,0.86823,0.86836
2013.03.14 01:05:39.781,0.86821,0.86836
2013.03.14 01:05:39.850,0.86821,0.86835
2013.03.14 01:05:40.595,0.86821,0.86834
2013.03.14 01:05:40.732,0.86821,0.86836
2013.03.14 01:05:41.048,0.86825,0.86838
2013.03.14 01:05:41.709,0.86821,0.86838
2013.03.14 01:05:42.020,0.86821,0.86838
2013.03.14 01:05:42.569,0.86821,0.86837
2013.03.14 01:05:46.665,0.86824,0.86837
2013.03.14 01:05:46.737,0.86823,0.8684
2013.03.14 01:05:49.920,0.86824,0.86839
2013.03.14 01:05:50.049,0.86822,0.86839
2013.03.14 01:05:50.112,0.86822,0.86839
2013.03.14 01:05:50.179,0.86826,0.86839
2013.03.14 01:05:50.961,0.86823,0.86838
2013.03.14 01:05:51.469,0.86822,0.86837
2013.03.14 01:05:52.102,0.86823,0.86837
2013.03.14 01:05:52.289,0.86824,0.8684
2013.03.14 01:05:52.349,0.86825,0.8684
2013.03.14 01:05:52.481,0.86825,0.8684
2013.03.14 01:05:52.611,0.86825,0.8684
2013.03.14 01:05:53.099,0.86825,0.8684
2013.03.14 01:05:59.500,0.86825,0.8684
2013.03.14 01:06:00.940,0.86825,0.8684
2013.03.14 01:06:03.221,0.86825,0.86839
2013.03.14 01:06:03.291,0.86825,0.86837
2013.03.14 01:06:03.661,0.8682,0.86834
2013.03.14 01:06:04.269,0.8682,0.86834
2013.03.14 01:06:05.209,0.8682,0.86833
2013.03.14 01:06:05.760,0.86819,0.86833
2013.03.14 01:06:06.651,0.8682,0.86834
2013.03.14 01:06:07.970,0.86822,0.86835
2013.03.14 01:06:09.150,0.86823,0.86835
2013.03.14 01:06:09.589,0.86824,0.86836
2013.03.14 01:06:12.013,0.86824,0.86837
2013.03.14 01:06:12.598,0.86824,0.86837
2013.03.14 01:06:14.280,0.86824,0.86836
2013.03.14 01:06:28.932,0.86825,0.86837
2013.03.14 01:06:29.130,0.86828,0.8684
2013.03.14 01:06:29.200,0.86828,0.86841
2013.03.14 01:06:29.751,0.86829,0.86841
2013.03.14 01:06:31.945,0.86829,0.86842
2013.03.14 01:06:32.259,0.86833,0.86842
2013.03.14 01:06:32.463,0.86831,0.86846
2013.03.14 01:06:32.532,0.86831,0.86844
2013.03.14 01:06:32.840,0.86828,0.86844
2013.03.14 01:06:32.910,0.86828,0.86842
2013.03.14 01:06:33.231,0.86831,0.86842
2013.03.14 01:06:33.419,0.86831,0.86845
2013.03.14 01:06:34.049,0.86827,0.86843
2013.03.14 01:06:34.191,0.86827,0.86843
2013.03.14 01:06:34.813,0.86827,0.86841
2013.03.14 01:06:34.939,0.86827,0.86841
2013.03.14 01:06:35.953,0.86827,0.86841
2013.03.14 01:06:36.501,0.86827,0.86839
2013.03.14 01:06:39.060,0.86825,0.86838
2013.03.14 01:06:39.192,0.86823,0.86838
2013.03.14 01:06:39.322,0.86822,0.86838
2013.03.14 01:06:39.831,0.86823,0.86836
2013.03.14 01:06:40.920,0.86823,0.86835
2013.03.14 01:06:42.299,0.86823,0.86835
2013.03.14 01:06:46.979,0.8682,0.86835
2013.03.14 01:06:49.044,0.86822,0.86835
2013.03.14 01:06:50.390,0.86823,0.86839
2013.03.14 01:06:50.476,0.86824,0.8684
2013.03.14 01:06:50.549,0.86827,0.8684
2013.03.14 01:06:50.879,0.86828,0.86837
2013.03.14 01:06:50.952,0.86828,0.86837
2013.03.14 01:06:51.261,0.86823,0.86837
2013.03.14 01:06:51.869,0.86823,0.86835
2013.03.14 01:06:51.931,0.86821,0.86835
2013.03.14 01:06:52.191,0.86817,0.86834
2013.03.14 01:06:52.388,0.8682,0.86834
2013.03.14 01:07:07.261,0.86821,0.86834
2013.03.14 01:07:08.790,0.86821,0.86833
2013.03.14 01:07:12.409,0.86821,0.86834
2013.03.14 01:07:13.370,0.86819,0.86832
2013.03.14 01:07:13.443,0.86816,0.86832
2013.03.14 01:07:13.957,0.86816,0.86829
2013.03.14 01:07:14.161,0.86816,0.86829
2013.03.14 01:07:14.531,0.86817,0.86828
2013.03.14 01:07:21.640,0.86817,0.8683
2013.03.14 01:07:26.184,0.86813,0.86828
2013.03.14 01:07:26.491,0.86812,0.86824
2013.03.14 01:07:27.039,0.86815,0.86827
2013.03.14 01:07:31.556,0.86815,0.86827
2013.03.14 01:07:32.691,0.86815,0.86829
2013.03.14 01:07:41.959,0.86815,0.86829
2013.03.14 01:07:54.291,0.86814,0.86828
2013.03.14 01:07:55.740,0.86814,0.86827
2013.03.14 01:07:57.101,0.86815,0.86828
2013.03.14 01:08:05.270,0.8681,0.86826
2013.03.14 01:08:05.779,0.8681,0.86823
