Time,Bid,Ask
2013.03.21 00:00:00.540,0.85718,0.8573
2013.03.21 00:00:00.790,0.85716,0.85729
2013.03.21 00:00:01.159,0.85717,0.85729
2013.03.21 00:00:02.789,0.85716,0.85729
2013.03.21 00:00:03.339,0.85718,0.8573
2013.03.21 00:00:03.878,0.85718,0.85729
2013.03.21 00:00:04.929,0.85716,0.85729
2013.03.21 00:00:05.429,0.85717,0.8573
2013.03.21 00:00:05.969,0.85717,0.8573
2013.03.21 00:00:08.679,0.85716,0.8573
2013.03.21 00:00:09.110,0.85716,0.85727
2013.03.21 00:00:11.605,0.85715,0.85728
2013.03.21 00:00:12.409,0.85715,0.85728
2013.03.21 00:00:19.679,0.85715,0.85728
2013.03.21 00:00:20.187,0.85715,0.85728
2013.03.21 00:00:21.690,0.85715,0.85729
2013.03.21 00:00:22.002,0.85715,0.85728
2013.03.21 00:00:24.254,0.85713,0.85727
2013.03.21 00:00:24.778,0.85714,0.85727
2013.03.21 00:00:28.588,0.85715,0.85728
2013.03.21 00:00:30.729,0.85714,0.85728
2013.03.21 00:00:32.130,0.85716,0.85728
2013.03.21 00:00:32.259,0.85716,0.8573
2013.03.21 00:00:32.808,0.85717,0.85732
2013.03.21 00:00:32.929,0.85717,0.85732
2013.03.21 00:00:34.638,0.8572,0.85733
2013.03.21 00:00:35.190,0.85718,0.85732
2013.03.21 00:00:35.249,0.85715,0.85728
2013.03.21 00:00:35.624,0.85714,0.85727
2013.03.21 00:00:39.719,0.85713,0.85727
2013.03.21 00:00:40.240,0.8571,0.85725
2013.03.21 00:00:40.381,0.8571,0.85724
2013.03.21 00:00:41.440,0.85709,0.85722
2013.03.21 00:00:41.950,0.85708,0.8572
2013.03.21 00:00:42.452,0.85706,0.85718
2013.03.21 00:00:43.019,0.85706,0.85718
2013.03.21 00:00:45.130,0.85706,0.85717
2013.03.21 00:00:45.669,0.85708,0.85721
2013.03.21 00:00:46.031,0.85708,0.85721
2013.03.21 00:00:48.320,0.85709,0.85722
2013.03.21 00:00:48.860,0.8571,0.85723
2013.03.21 00:00:48.920,0.85712,0.85723
2013.03.21 00:00:49.111,0.85713,0.85724
2013.03.21 00:00:49.183,0.85716,0.85725
2013.03.21 00:00:49.251,0.85716,0.85727
2013.03.21 00:00:49.321,0.85717,0.8573
2013.03.21 00:00:49.392,0.85714,0.8573
2013.03.21 00:00:49.710,0.85714,0.85728
2013.03.21 00:00:49.892,0.85714,0.85728
2013.03.21 00:00:49.961,0.85712,0.85725
2013.03.21 00:00:50.211,0.8571,0.85723
2013.03.21 00:00:50.913,0.85707,0.85723
2013.03.21 00:00:51.820,0.85709,0.85725
2013.03.21 00:00:52.482,0.85707,0.85722
2013.03.21 00:00:53.000,0.85706,0.85718
2013.03.21 00:00:53.889,0.85706,0.85719
2013.03.21 00:00:56.559,0.85706,0.85719
2013.03.21 00:00:58.151,0.85705,0.85719
2013.03.21 00:00:58.941,0.85705,0.85719
2013.03.21 00:00:59.691,0.85705,0.85719
2013.03.21 00:01:01.780,0.85707,0.85721
2013.03.21 00:01:02.210,0.85707,0.85722
2013.03.21 00:01:03.230,0.85707,0.85722
2013.03.21 00:01:03.749,0.85707,0.85722
2013.03.21 00:01:04.125,0.85707,0.85723
2013.03.21 00:01:04.830,0.85707,0.85722
2013.03.21 00:01:05.648,0.85707,0.85722
2013.03.21 00:01:05.723,0.85707,0.85723
2013.03.21 00:01:05.909,0.85707,0.85723
2013.03.21 00:01:06.151,0.85707,0.85722
2013.03.21 00:01:06.921,0.85704,0.8572
2013.03.21 00:01:08.720,0.85705,0.85721
2013.03.21 00:01:10.110,0.85705,0.85721
2013.03.21 00:01:10.611,0.85705,0.85721
2013.03.21 00:01:11.159,0.85705,0.85721
2013.03.21 00:01:11.700,0.85705,0.85721
2013.03.21 00:01:12.401,0.85706,0.85721
2013.03.21 00:01:12.532,0.85708,0.85724
2013.03.21 00:01:12.661,0.85706,0.85723
2013.03.21 00:01:13.298,0.85706,0.85722
2013.03.21 00:01:15.491,0.8571,0.85725
2013.03.21 00:01:15.620,0.8571,0.85726
2013.03.21 00:01:32.861,0.85711,0.85727
2013.03.21 00:01:34.501,0.85711,0.85727
2013.03.21 00:01:34.982,0.85711,0.85727
2013.03.21 00:01:35.624,0.85709,0.85724
2013.03.21 00:01:37.852,0.85709,0.85725
2013.03.21 00:01:48.971,0.85711,0.85726
2013.03.21 00:01:49.292,0.85712,0.85727
2013.03.21 00:01:49.810,0.85716,0.85727
2013.03.21 00:01:50.821,0.85716,0.85728
2013.03.21 00:01:51.251,0.85716,0.8573
2013.03.21 00:01:51.571,0.85716,0.8573
2013.03.21 00:01:57.650,0.85717,0.85729
2013.03.21 00:01:59.304,0.85714,0.85727
2013.03.21 00:01:59.741,0.85716,0.85729
2013.03.21 00:02:02.741,0.85716,0.85729
2013.03.21 00:02:03.059,0.85715,0.85729
2013.03.21 00:02:03.850,0.85715,0.85729
2013.03.21 00:02:05.171,0.85715,0.85729
2013.03.21 00:02:07.001,0.85715,0.85728
2013.03.21 00:02:07.552,0.85715,0.85727
2013.03.21 00:02:08.129,0.85714,0.85727
2013.03.21 00:02:09.973,0.8571,0.85726
2013.03.21 00:02:10.981,0.8571,0.85726
2013.03.21 00:02:11.861,0.85708,0.85725
2013.03.21 00:02:12.371,0.85708,0.85722
2013.03.21 00:02:12.681,0.85706,0.85721
2013.03.21 00:02:14.320,0.85706,0.8572
2013.03.21 00:02:16.431,0.85706,0.85722
2013.03.21 00:02:19.891,0.85706,0.8572
2013.03.21 00:02:20.402,0.85706,0.8572
2013.03.21 00:02:20.920,0.85706,0.8572
2013.03.21 00:02:21.810,0.85706,0.85721
2013.03.21 00:02:23.321,0.85706,0.85721
2013.03.21 00:02:23.692,0.85706,0.8572
2013.03.21 00:02:24.000,0.85706,0.85721
2013.03.21 00:02:24.541,0.8571,0.85723
2013.03.21 00:02:28.390,0.85709,0.85722
2013.03.21 00:02:28.691,0.85706,0.85722
2013.03.21 00:02:28.950,0.85706,0.85719
2013.03.21 00:02:30.742,0.85706,0.85719
2013.03.21 00:02:31.138,0.85706,0.85719
2013.03.21 00:02:31.330,0.85706,0.85721
2013.03.21 00:02:31.571,0.85709,0.85721
2013.03.21 00:02:34.103,0.85709,0.85721
2013.03.21 00:02:37.016,0.85708,0.85721
2013.03.21 00:03:26.511,0.85708,0.85722
2013.03.21 00:03:27.061,0.8571,0.85722
2013.03.21 00:03:28.655,0.8571,0.85722
2013.03.21 00:03:28.840,0.85712,0.85725
2013.03.21 00:03:29.531,0.85714,0.85728
2013.03.21 00:03:31.110,0.85714,0.85726
2013.03.21 00:03:31.173,0.85713,0.85726
2013.03.21 00:03:31.312,0.85713,0.85726
2013.03.21 00:03:31.859,0.85713,0.85726
2013.03.21 00:03:32.421,0.85713,0.85726
2013.03.21 00:03:34.622,0.85713,0.85726
2013.03.21 00:03:34.820,0.85715,0.85727
2013.03.21 00:03:35.325,0.85715,0.85726
2013.03.21 00:03:36.881,0.85714,0.85726
2013.03.21 00:03:37.011,0.85714,0.85726
2013.03.21 00:03:37.141,0.8571,0.85726
2013.03.21 00:03:37.392,0.8571,0.85725
2013.03.21 00:03:37.644,0.8571,0.85724
2013.03.21 00:03:38.151,0.8571,0.85725
2013.03.21 00:03:39.507,0.85709,0.85725
2013.03.21 00:03:39.901,0.85708,0.85722
2013.03.21 00:03:40.032,0.85706,0.85721
2013.03.21 00:03:41.131,0.85706,0.85721
2013.03.21 00:03:56.650,0.85702,0.85719
2013.03.21 00:03:58.461,0.85707,0.85719
2013.03.21 00:03:58.931,0.85706,0.85721
2013.03.21 00:03:59.302,0.85709,0.85722
2013.03.21 00:03:59.610,0.85709,0.85725
2013.03.21 00:04:00.720,0.8571,0.85725
2013.03.21 00:04:12.380,0.8571,0.85725
2013.03.21 00:04:13.571,0.8571,0.85725
2013.03.21 00:04:22.583,0.85709,0.85725
2013.03.21 00:04:23.111,0.85708,0.85725
2013.03.21 00:04:23.305,0.85708,0.85725
2013.03.21 00:04:23.691,0.85708,0.85723
2013.03.21 00:04:26.240,0.85705,0.85721
2013.03.21 00:04:34.030,0.85705,0.8572
2013.03.21 00:04:37.884,0.85705,0.8572
2013.03.21 00:04:38.431,0.85708,0.85723
2013.03.21 00:04:38.979,0.85709,0.85723
2013.03.21 00:04:39.613,0.85709,0.85723
2013.03.21 00:04:39.681,0.85709,0.85723
2013.03.21 00:04:40.262,0.85709,0.85723
2013.03.21 00:04:45.106,0.8571,0.85723
2013.03.21 00:04:46.100,0.85711,0.85723
2013.03.21 00:04:47.180,0.85711,0.85725
2013.03.21 00:04:54.411,0.85712,0.85725
2013.03.21 00:04:54.552,0.85714,0.85728
2013.03.21 00:04:54.708,0.85713,0.85729
2013.03.21 00:04:54.841,0.85715,0.85731
2013.03.21 00:04:55.210,0.85717,0.85732
2013.03.21 00:04:55.842,0.85718,0.85732
2013.03.21 00:04:57.330,0.85718,0.85732
2013.03.21 00:04:57.572,0.85721,0.85733
2013.03.21 00:04:57.942,0.85722,0.85735
2013.03.21 00:04:58.381,0.85724,0.85738
2013.03.21 00:04:58.751,0.85724,0.85738
2013.03.21 00:04:59.200,0.85727,0.85739
2013.03.21 00:04:59.559,0.85724,0.85739
2013.03.21 00:05:00.109,0.85723,0.85739
2013.03.21 00:05:01.801,0.85724,0.85742
2013.03.21 00:05:02.350,0.85723,0.85742
2013.03.21 00:05:02.651,0.85725,0.85741
2013.03.21 00:05:02.900,0.85725,0.85741
2013.03.21 00:05:03.460,0.85724,0.85738
2013.03.21 00:05:04.179,0.85724,0.85738
2013.03.21 00:05:06.703,0.85722,0.85736
2013.03.21 00:05:06.892,0.85719,0.85736
2013.03.21 00:05:07.243,0.85718,0.85733
2013.03.21 00:05:07.491,0.85717,0.85731
2013.03.21 00:05:07.623,0.85717,0.85731
2013.03.21 00:05:07.811,0.85717,0.85731
2013.03.21 00:05:08.255,0.85711,0.85728
2013.03.21 00:05:08.810,0.85711,0.85728
2013.03.21 00:05:09.113,0.85711,0.85726
2013.03.21 00:05:15.193,0.85711,0.85726
2013.03.21 00:05:15.321,0.8571,0.85725
2013.03.21 00:05:15.517,0.85707,0.8572
2013.03.21 00:05:16.179,0.85707,0.8572
2013.03.21 00:05:16.672,0.85704,0.85722
2013.03.21 00:05:17.204,0.85704,0.85722
2013.03.21 00:05:17.750,0.85706,0.85719
2013.03.21 00:05:18.300,0.85704,0.8572
2013.03.21 00:05:18.482,0.85708,0.85723
2013.03.21 00:05:18.612,0.85707,0.85723
2013.03.21 00:05:19.131,0.85709,0.85723
2013.03.21 00:05:20.691,0.85709,0.85723
2013.03.21 00:05:21.531,0.8571,0.85725
2013.03.21 00:05:28.520,0.85711,0.85724
2013.03.21 00:05:29.981,0.85711,0.85724
2013.03.21 00:05:30.522,0.85711,0.85725
2013.03.21 00:05:31.070,0.85712,0.85725
2013.03.21 00:05:31.661,0.85712,0.85725
2013.03.21 00:05:32.961,0.85713,0.85725
2013.03.21 00:05:33.150,0.85714,0.85727
2013.03.21 00:05:33.746,0.85714,0.85727
2013.03.21 00:05:33.823,0.85715,0.8573
2013.03.21 00:05:34.412,0.85716,0.85731
2013.03.21 00:05:34.735,0.85716,0.85731
2013.03.21 00:05:35.259,0.85715,0.85728
2013.03.21 00:05:42.369,0.85715,0.85728
2013.03.21 00:05:42.489,0.85715,0.85728
2013.03.21 00:05:43.175,0.85715,0.85728
2013.03.21 00:05:47.422,0.85715,0.85728
2013.03.21 00:05:53.421,0.85717,0.85731
2013.03.21 00:05:53.970,0.85717,0.85731
2013.03.21 00:06:00.584,0.85716,0.85731
2013.03.21 00:06:08.190,0.85717,0.85731
2013.03.21 00:06:08.397,0.85717,0.85731
2013.03.21 00:06:08.939,0.85719,0.85733
2013.03.21 00:06:09.623,0.85718,0.85733
2013.03.21 00:06:10.174,0.85719,0.85734
2013.03.21 00:06:10.486,0.8572,0.85732
2013.03.21 00:06:10.613,0.85718,0.85732
2013.03.21 00:06:10.741,0.85718,0.85732
2013.03.21 00:06:11.290,0.85718,0.85732
2013.03.21 00:06:20.330,0.85718,0.85732
2013.03.21 00:06:20.870,0.85717,0.85731
2013.03.21 00:06:27.670,0.85716,0.85731
2013.03.21 00:06:30.972,0.85716,0.85732
2013.03.21 00:06:32.812,0.85718,0.85734
2013.03.21 00:06:43.961,0.85717,0.85732
2013.03.21 00:06:44.511,0.85714,0.8573
2013.03.21 00:07:00.901,0.85714,0.85731
2013.03.21 00:07:01.461,0.85714,0.85731
2013.03.21 00:07:06.072,0.85714,0.8573
2013.03.21 00:07:18.511,0.85713,0.85728
2013.03.21 00:07:26.421,0.85713,0.85727
2013.03.21 00:07:26.662,0.85716,0.8573
2013.03.21 00:07:27.210,0.85714,0.8573
2013.03.21 00:07:28.649,0.85714,0.85731
2013.03.21 00:07:32.419,0.85716,0.85731
2013.03.21 00:07:32.498,0.85714,0.85727
2013.03.21 00:07:33.042,0.85713,0.85727
2013.03.21 00:07:38.570,0.85713,0.85726
2013.03.21 00:07:39.110,0.85713,0.85726
2013.03.21 00:07:39.352,0.85713,0.85726
2013.03.21 00:07:47.772,0.85713,0.85726
2013.03.21 00:07:48.282,0.85715,0.85728
2013.03.21 00:07:49.960,0.85715,0.85727
2013.03.21 00:07:50.322,0.85714,0.85726
2013.03.21 00:07:50.930,0.85713,0.85726
2013.03.21 00:07:52.442,0.85713,0.85727
2013.03.21 00:07:52.633,0.85714,0.85727
2013.03.21 00:07:57.822,0.85714,0.85728
2013.03.21 00:07:59.722,0.85714,0.85728
2013.03.21 00:08:00.582,0.85713,0.85728
2013.03.21 00:08:01.132,0.85712,0.85725
2013.03.21 00:08:01.709,0.85712,0.85725
2013.03.21 00:08:04.651,0.85711,0.85727
2013.03.21 00:08:05.201,0.85712,0.85725
2013.03.21 00:08:06.221,0.85713,0.85726
2013.03.21 00:08:06.541,0.85711,0.85724
2013.03.21 00:08:07.141,0.85711,0.85726
2013.03.21 00:08:07.630,0.85714,0.85727
2013.03.21 00:08:09.942,0.85714,0.85727
2013.03.21 00:08:18.134,0.85714,0.85727
2013.03.21 00:08:35.095,0.85715,0.85727
2013.03.21 00:08:41.300,0.85715,0.85728
2013.03.21 00:08:43.880,0.85716,0.85728
2013.03.21 00:08:44.689,0.85716,0.8573
2013.03.21 00:08:46.362,0.85717,0.8573
2013.03.21 00:08:46.492,0.85716,0.8573
2013.03.21 00:08:53.367,0.85717,0.85731
2013.03.21 00:08:58.171,0.85718,0.85731
2013.03.21 00:09:00.833,0.85718,0.85731
2013.03.21 00:09:04.964,0.85717,0.85731
2013.03.21 00:09:13.521,0.85715,0.85731
2013.03.21 00:09:18.631,0.85714,0.85729
2013.03.21 00:09:18.702,0.85714,0.85728
2013.03.21 00:09:18.832,0.85711,0.85727
2013.03.21 00:09:18.962,0.85711,0.85727
2013.03.21 00:09:19.471,0.85711,0.85726
2013.03.21 00:09:20.048,0.85708,0.85725
2013.03.21 00:09:20.290,0.85708,0.85723
2013.03.21 00:09:21.553,0.85708,0.8572
2013.03.21 00:09:21.681,0.85707,0.8572
2013.03.21 00:09:21.876,0.85705,0.85719
2013.03.21 00:09:22.421,0.85702,0.85717
2013.03.21 00:09:23.278,0.85704,0.85717
2013.03.21 00:09:23.621,0.85704,0.85717
2013.03.21 00:09:27.291,0.85703,0.85717
2013.03.21 00:09:27.424,0.85703,0.85717
2013.03.21 00:09:27.971,0.85704,0.85719
2013.03.21 00:09:29.062,0.85705,0.85719
2013.03.21 00:09:29.384,0.85705,0.85717
2013.03.21 00:09:29.630,0.85705,0.85718
2013.03.21 00:09:30.060,0.85706,0.85721
2013.03.21 00:09:30.602,0.85706,0.85721
2013.03.21 00:09:32.266,0.85706,0.85721
2013.03.21 00:09:33.912,0.85707,0.8572
2013.03.21 00:09:34.712,0.85709,0.85722
2013.03.21 00:09:37.218,0.8571,0.85721
2013.03.21 00:09:40.665,0.85708,0.85721
2013.03.21 00:09:42.112,0.85708,0.8572
2013.03.21 00:09:48.850,0.85707,0.8572
2013.03.21 00:09:49.521,0.85707,0.8572
2013.03.21 00:09:50.061,0.85709,0.85722
2013.03.21 00:10:13.391,0.8571,0.85723
2013.03.21 00:10:13.930,0.8571,0.85724
2013.03.21 00:10:15.563,0.85711,0.85724
2013.03.21 00:10:18.632,0.85711,0.85722
2013.03.21 00:10:20.092,0.85711,0.85722
2013.03.21 00:10:21.971,0.85712,0.85724
2013.03.21 00:10:22.510,0.8571,0.85723
2013.03.21 00:10:27.801,0.8571,0.85723
2013.03.21 00:10:27.862,0.85713,0.85725
2013.03.21 00:10:27.930,0.85713,0.85726
2013.03.21 00:10:28.712,0.85714,0.85726
2013.03.21 00:10:29.971,0.85713,0.85726
2013.03.21 00:10:30.102,0.85709,0.85725
2013.03.21 00:10:30.433,0.85709,0.85722
2013.03.21 00:10:30.622,0.85708,0.85722
2013.03.21 00:10:31.303,0.85708,0.85721
2013.03.21 00:10:31.842,0.85706,0.8572
2013.03.21 00:10:31.972,0.85706,0.85718
2013.03.21 00:10:32.222,0.85706,0.8572
2013.03.21 00:10:32.474,0.85704,0.85718
2013.03.21 00:10:32.984,0.85704,0.85719
2013.03.21 00:10:36.454,0.85702,0.85717
2013.03.21 00:10:36.523,0.85701,0.85715
2013.03.21 00:10:36.652,0.857,0.85715
2013.03.21 00:10:36.723,0.85699,0.85712
2013.03.21 00:10:36.931,0.85697,0.85712
2013.03.21 00:10:37.171,0.85697,0.85712
2013.03.21 00:10:39.720,0.85695,0.85711
2013.03.21 00:10:43.883,0.85695,0.8571
2013.03.21 00:10:44.131,0.85699,0.85713
2013.03.21 00:10:44.192,0.85699,0.85714
2013.03.21 00:10:44.620,0.85702,0.85715
2013.03.21 00:10:45.161,0.85704,0.85715
2013.03.21 00:10:47.891,0.85704,0.85716
2013.03.21 00:10:51.502,0.85704,0.85716
2013.03.21 00:10:52.181,0.85707,0.85719
2013.03.21 00:10:52.253,0.85707,0.85719
2013.03.21 00:10:52.900,0.85707,0.85719
2013.03.21 00:10:54.010,0.85707,0.85719
2013.03.21 00:10:54.561,0.85709,0.85719
2013.03.21 00:10:54.861,0.85709,0.85721
2013.03.21 00:10:55.421,0.85711,0.85721
2013.03.21 00:10:56.823,0.8571,0.85721
2013.03.21 00:10:57.370,0.85708,0.8572
2013.03.21 00:10:58.496,0.85708,0.8572
2013.03.21 00:10:59.181,0.85706,0.85721
2013.03.21 00:10:59.303,0.85706,0.85718
2013.03.21 00:10:59.373,0.85707,0.85718
2013.03.21 00:10:59.504,0.85703,0.85718
2013.03.21 00:10:59.823,0.85703,0.85716
2013.03.21 00:11:00.823,0.85703,0.85716
2013.03.21 00:11:01.424,0.85703,0.85716
2013.03.21 00:11:03.422,0.85702,0.85716
2013.03.21 00:11:03.925,0.857,0.85715
2013.03.21 00:11:04.481,0.85699,0.85714
2013.03.21 00:11:05.912,0.857,0.85715
2013.03.21 00:11:52.100,0.85702,0.85715
2013.03.21 00:12:02.883,0.85702,0.85716
2013.03.21 00:12:02.953,0.85702,0.85716
2013.03.21 00:12:03.096,0.85702,0.85716
2013.03.21 00:12:03.413,0.85703,0.85717
2013.03.21 00:12:03.720,0.85705,0.85717
2013.03.21 00:12:04.052,0.85705,0.85717
2013.03.21 00:12:04.657,0.85705,0.85717
2013.03.21 00:12:07.593,0.85705,0.85717
2013.03.21 00:12:10.863,0.85704,0.85719
2013.03.21 00:12:10.993,0.85704,0.85718
2013.03.21 00:12:11.303,0.85704,0.85715
2013.03.21 00:12:13.653,0.85703,0.85714
2013.03.21 00:12:15.194,0.85701,0.85714
2013.03.21 00:12:15.264,0.85701,0.85714
2013.03.21 00:12:17.032,0.85701,0.85714
2013.03.21 00:12:29.662,0.857,0.85714
2013.03.21 00:12:29.913,0.85696,0.85712
2013.03.21 00:12:30.352,0.85698,0.8571
2013.03.21 00:12:30.902,0.85698,0.8571
2013.03.21 00:12:32.982,0.85696,0.8571
2013.03.21 00:12:34.682,0.85696,0.8571
2013.03.21 00:12:35.191,0.85695,0.85709
2013.03.21 00:12:36.391,0.85695,0.85709
2013.03.21 00:12:39.500,0.85695,0.85709
2013.03.21 00:12:41.652,0.85695,0.85709
2013.03.21 00:12:41.712,0.85696,0.8571
2013.03.21 00:12:41.952,0.85696,0.8571
2013.03.21 00:12:42.548,0.85696,0.85711
2013.03.21 00:12:44.694,0.85696,0.85711
2013.03.21 00:12:45.082,0.85699,0.85711
2013.03.21 00:12:45.214,0.85698,0.85712
2013.03.21 00:12:45.853,0.85698,0.85713
2013.03.21 00:12:45.923,0.857,0.85716
2013.03.21 00:12:48.371,0.85702,0.85716
2013.03.21 00:12:48.491,0.85702,0.85716
2013.03.21 00:12:49.011,0.85701,0.85716
2013.03.21 00:12:50.731,0.85701,0.85716
2013.03.21 00:12:51.292,0.85701,0.85716
2013.03.21 00:12:52.501,0.85701,0.85716
2013.03.21 00:12:53.023,0.85702,0.85716
2013.03.21 00:12:55.012,0.85701,0.85716
2013.03.21 00:12:58.543,0.85701,0.85716
2013.03.21 00:12:58.731,0.85702,0.85716
2013.03.21 00:12:59.253,0.85701,0.85716
2013.03.21 00:13:02.421,0.85702,0.85716
2013.03.21 00:13:03.381,0.85701,0.85716
2013.03.21 00:13:03.451,0.857,0.85716
2013.03.21 00:13:04.011,0.857,0.85716
2013.03.21 00:13:07.801,0.857,0.85714
2013.03.21 00:13:08.613,0.85699,0.85714
2013.03.21 00:13:08.685,0.85699,0.85714
2013.03.21 00:13:08.883,0.85699,0.85714
2013.03.21 00:13:10.972,0.85699,0.85714
2013.03.21 00:13:11.786,0.85699,0.85714
2013.03.21 00:13:12.303,0.85698,0.85714
2013.03.21 00:13:13.121,0.85698,0.85714
2013.03.21 00:13:17.812,0.85696,0.85711
2013.03.21 00:13:18.123,0.85695,0.85709
2013.03.21 00:13:18.764,0.85695,0.85709
2013.03.21 00:13:24.862,0.85696,0.8571
2013.03.21 00:13:32.253,0.85696,0.8571
2013.03.21 00:13:47.142,0.85697,0.85711
2013.03.21 00:13:47.212,0.85697,0.85712
2013.03.21 00:13:47.401,0.85696,0.85712
2013.03.21 00:13:47.522,0.85696,0.85712
2013.03.21 00:13:47.857,0.85699,0.85713
2013.03.21 00:13:48.460,0.857,0.85713
2013.03.21 00:13:51.251,0.85698,0.85711
2013.03.21 00:13:51.905,0.85698,0.85711
2013.03.21 00:13:52.452,0.85698,0.85711
2013.03.21 00:13:58.361,0.85699,0.85713
2013.03.21 00:14:06.674,0.85699,0.85714
2013.03.21 00:14:06.862,0.85699,0.85714
2013.03.21 00:14:07.721,0.857,0.85714
2013.03.21 00:14:09.083,0.85699,0.85714
2013.03.21 00:14:24.121,0.85698,0.85713
2013.03.21 00:14:35.540,0.85699,0.85713
2013.03.21 00:15:35.643,0.85697,0.85713
2013.03.21 00:15:40.372,0.85695,0.85714
2013.03.21 00:15:42.528,0.85695,0.85714
2013.03.21 00:15:46.950,0.85697,0.85715
2013.03.21 00:15:51.646,0.85697,0.85714
2013.03.21 00:15:51.713,0.85695,0.85712
2013.03.21 00:15:51.924,0.85693,0.85706
2013.03.21 00:15:52.113,0.85692,0.85706
2013.03.21 00:15:52.602,0.85692,0.85705
2013.03.21 00:15:53.037,0.85693,0.85706
2013.03.21 00:15:53.581,0.8569,0.85705
2013.03.21 00:15:56.383,0.8569,0.85704
2013.03.21 00:15:56.517,0.85688,0.85702
2013.03.21 00:15:56.884,0.85688,0.85701
2013.03.21 00:15:57.014,0.85685,0.85699
2013.03.21 00:15:57.441,0.85685,0.85698
2013.03.21 00:15:57.981,0.85685,0.85699
2013.03.21 00:16:00.682,0.85684,0.85699
2013.03.21 00:16:01.462,0.85686,0.857
2013.03.21 00:16:01.793,0.85686,0.85699
2013.03.21 00:16:02.342,0.85686,0.85699
2013.03.21 00:16:02.927,0.85686,0.85699
2013.03.21 00:16:08.146,0.85686,0.85699
2013.03.21 00:16:08.815,0.85685,0.857
2013.03.21 00:16:09.360,0.85686,0.857
2013.03.21 00:16:11.583,0.85685,0.85699
2013.03.21 00:16:13.146,0.85684,0.85699
2013.03.21 00:16:13.681,0.85684,0.85699
2013.03.21 00:16:14.686,0.85686,0.85701
2013.03.21 00:16:15.001,0.85686,0.85701
2013.03.21 00:16:34.582,0.85686,0.85702
2013.03.21 00:16:51.562,0.85686,0.85702
2013.03.21 00:17:00.482,0.85686,0.857
2013.03.21 00:17:05.553,0.85688,0.85699
2013.03.21 00:17:05.840,0.85696,0.85711
2013.03.21 00:17:06.113,0.85697,0.85711
2013.03.21 00:17:06.673,0.85696,0.85709
2013.03.21 00:17:07.227,0.85697,0.8571
2013.03.21 00:17:07.422,0.85697,0.8571
2013.03.21 00:17:08.297,0.85697,0.8571
2013.03.21 00:17:10.862,0.85695,0.8571
2013.03.21 00:17:11.292,0.85695,0.8571
2013.03.21 00:17:11.831,0.85693,0.85707
2013.03.21 00:17:13.352,0.85693,0.85707
2013.03.21 00:17:15.471,0.85691,0.85707
2013.03.21 00:17:16.522,0.8569,0.85705
2013.03.21 00:17:16.592,0.8569,0.85705
2013.03.21 00:17:16.652,0.8569,0.85705
2013.03.21 00:17:20.454,0.85693,0.85708
2013.03.21 00:17:20.892,0.85695,0.85708
2013.03.21 00:17:23.581,0.85693,0.85707
2013.03.21 00:17:24.064,0.85696,0.85711
2013.03.21 00:17:24.613,0.85698,0.85712
2013.03.21 00:17:25.534,0.85697,0.85712
2013.03.21 00:17:25.603,0.85697,0.85712
2013.03.21 00:17:25.674,0.85697,0.85712
2013.03.21 00:17:26.191,0.85698,0.85712
2013.03.21 00:17:27.703,0.85697,0.85712
2013.03.21 00:17:28.236,0.85697,0.85712
2013.03.21 00:17:29.964,0.85697,0.85711
2013.03.21 00:17:30.469,0.85696,0.8571
2013.03.21 00:17:30.675,0.85694,0.85709
2013.03.21 00:17:31.191,0.85694,0.85709
2013.03.21 00:17:32.172,0.85694,0.85707
2013.03.21 00:17:32.721,0.85693,0.85707
2013.03.21 00:17:34.031,0.85691,0.85705
2013.03.21 00:17:34.503,0.85693,0.85707
2013.03.21 00:17:36.931,0.85692,0.85706
2013.03.21 00:17:40.521,0.85693,0.85708
2013.03.21 00:17:40.824,0.85694,0.85709
2013.03.21 00:17:41.363,0.85697,0.8571
2013.03.21 00:17:43.113,0.85693,0.85708
2013.03.21 00:17:43.673,0.85693,0.85706
2013.03.21 00:17:46.524,0.85692,0.85705
2013.03.21 00:17:46.714,0.85692,0.8571
2013.03.21 00:17:46.783,0.85692,0.85707
2013.03.21 00:17:47.284,0.85693,0.85707
2013.03.21 00:17:47.935,0.85698,0.85711
2013.03.21 00:17:48.453,0.85698,0.85713
2013.03.21 00:17:49.230,0.85698,0.85713
2013.03.21 00:17:53.882,0.85698,0.85713
2013.03.21 00:17:58.973,0.857,0.85714
2013.03.21 00:18:00.635,0.85701,0.85714
2013.03.21 00:18:01.417,0.85701,0.85717
2013.03.21 00:18:01.500,0.85706,0.8572
2013.03.21 00:18:01.647,0.85706,0.85722
2013.03.21 00:18:02.082,0.85707,0.85723
2013.03.21 00:18:02.203,0.85709,0.85722
2013.03.21 00:18:04.433,0.85708,0.85722
2013.03.21 00:18:04.502,0.85708,0.85722
2013.03.21 00:18:04.632,0.85708,0.85722
2013.03.21 00:18:06.961,0.85707,0.85723
2013.03.21 00:18:08.241,0.85709,0.85724
2013.03.21 00:18:08.423,0.85708,0.85722
2013.03.21 00:18:11.971,0.85706,0.85721
2013.03.21 00:18:12.753,0.85706,0.85721
2013.03.21 00:18:12.824,0.85706,0.85719
2013.03.21 00:18:13.382,0.85704,0.85717
2013.03.21 00:18:17.332,0.85705,0.85721
2013.03.21 00:18:17.841,0.85705,0.85721
2013.03.21 00:18:21.334,0.85705,0.85719
2013.03.21 00:18:21.924,0.85703,0.85718
2013.03.21 00:18:22.003,0.857,0.85716
2013.03.21 00:18:22.524,0.85701,0.85716
2013.03.21 00:18:23.028,0.85701,0.85716
2013.03.21 00:18:25.882,0.85701,0.85713
2013.03.21 00:18:28.139,0.85701,0.85713
2013.03.21 00:18:29.253,0.85701,0.85713
2013.03.21 00:18:29.803,0.85697,0.85712
2013.03.21 00:18:31.352,0.85697,0.85712
2013.03.21 00:18:31.892,0.85698,0.85714
2013.03.21 00:18:32.561,0.85698,0.85714
2013.03.21 00:18:34.254,0.85698,0.85713
2013.03.21 00:18:34.443,0.85698,0.85713
2013.03.21 00:18:34.852,0.85696,0.85712
2013.03.21 00:18:35.571,0.85696,0.85712
2013.03.21 00:18:35.632,0.85696,0.85712
2013.03.21 00:18:35.871,0.85699,0.85713
2013.03.21 00:18:36.411,0.85699,0.85713
2013.03.21 00:18:37.182,0.85699,0.85713
2013.03.21 00:18:37.552,0.85699,0.85713
2013.03.21 00:18:39.172,0.85698,0.85712
2013.03.21 00:18:39.412,0.85698,0.85712
2013.03.21 00:18:40.667,0.85698,0.85713
2013.03.21 00:18:44.584,0.85701,0.85715
2013.03.21 00:18:48.843,0.85701,0.85717
2013.03.21 00:18:50.953,0.85702,0.85717
2013.03.21 00:18:52.012,0.857,0.85716
2013.03.21 00:18:52.668,0.857,0.85715
2013.03.21 00:18:54.117,0.857,0.85715
2013.03.21 00:18:54.892,0.857,0.85715
2013.03.21 00:18:55.013,0.857,0.85715
2013.03.21 00:18:55.142,0.857,0.85715
2013.03.21 00:18:55.323,0.857,0.85715
2013.03.21 00:18:55.872,0.85703,0.85717
2013.03.21 00:19:03.693,0.85703,0.85717
2013.03.21 00:19:04.361,0.85701,0.85717
2013.03.21 00:19:08.729,0.85701,0.85717
2013.03.21 00:19:09.472,0.85702,0.85717
2013.03.21 00:19:09.653,0.85703,0.85717
2013.03.21 00:19:12.284,0.85704,0.85718
2013.03.21 00:19:12.354,0.85704,0.8572
2013.03.21 00:19:12.565,0.85706,0.8572
2013.03.21 00:19:12.813,0.85707,0.85723
2013.03.21 00:19:13.361,0.85707,0.85723
2013.03.21 00:19:15.562,0.85708,0.85723
2013.03.21 00:19:15.883,0.8571,0.85723
2013.03.21 00:19:15.952,0.85709,0.85723
2013.03.21 00:19:16.461,0.8571,0.85723
2013.03.21 00:19:17.672,0.85711,0.85723
2013.03.21 00:19:17.793,0.85707,0.85722
2013.03.21 00:19:18.041,0.85708,0.85722
2013.03.21 00:19:18.585,0.85705,0.85721
2013.03.21 00:19:19.086,0.85707,0.85721
2013.03.21 00:19:20.172,0.85704,0.8572
2013.03.21 00:19:20.683,0.85706,0.8572
2013.03.21 00:19:26.239,0.85705,0.8572
2013.03.21 00:19:26.852,0.85702,0.85717
2013.03.21 00:19:27.242,0.85702,0.85717
2013.03.21 00:19:27.751,0.85702,0.85717
2013.03.21 00:19:28.595,0.85701,0.85715
2013.03.21 00:19:29.264,0.857,0.85713
2013.03.21 00:19:29.958,0.85699,0.85713
2013.03.21 00:19:33.661,0.857,0.85715
2013.03.21 00:19:34.201,0.85699,0.85714
2013.03.21 00:19:34.562,0.85697,0.85711
2013.03.21 00:19:36.534,0.85697,0.85712
2013.03.21 00:19:37.114,0.85697,0.85713
2013.03.21 00:19:40.557,0.85697,0.85713
2013.03.21 00:19:45.511,0.85697,0.85712
2013.03.21 00:19:46.061,0.85697,0.85709
2013.03.21 00:19:47.646,0.85698,0.85713
2013.03.21 00:19:47.773,0.85699,0.85714
2013.03.21 00:19:47.843,0.85699,0.85714
2013.03.21 00:20:01.588,0.85699,0.8571
2013.03.21 00:20:02.092,0.85699,0.8571
2013.03.21 00:20:03.373,0.85699,0.85714
2013.03.21 00:20:03.502,0.85699,0.85714
2013.03.21 00:20:03.684,0.85699,0.85714
2013.03.21 00:20:07.673,0.85699,0.85712
2013.03.21 00:20:08.232,0.85699,0.85712
2013.03.21 00:20:10.013,0.85699,0.85709
2013.03.21 00:20:10.143,0.85698,0.85708
2013.03.21 00:20:10.512,0.85699,0.8571
2013.03.21 00:20:10.702,0.85699,0.8571
2013.03.21 00:20:11.228,0.85699,0.85711
2013.03.21 00:20:12.252,0.85699,0.85711
2013.03.21 00:20:12.492,0.85695,0.8571
2013.03.21 00:20:12.562,0.85694,0.85708
2013.03.21 00:20:12.748,0.85694,0.85706
2013.03.21 00:20:13.052,0.8569,0.85704
2013.03.21 00:20:13.474,0.8569,0.85702
2013.03.21 00:20:13.602,0.85688,0.85702
2013.03.21 00:20:13.915,0.85687,0.85701
2013.03.21 00:20:14.463,0.85687,0.85699
2013.03.21 00:20:15.074,0.85687,0.85699
2013.03.21 00:20:18.884,0.85688,0.85701
2013.03.21 00:20:19.539,0.85688,0.85701
2013.03.21 00:20:19.744,0.85687,0.85699
2013.03.21 00:20:22.263,0.85683,0.85697
2013.03.21 00:20:22.332,0.85683,0.85696
2013.03.21 00:20:22.392,0.85682,0.85697
2013.03.21 00:20:22.514,0.85683,0.85697
2013.03.21 00:20:23.062,0.85683,0.85696
2013.03.21 00:20:23.422,0.85683,0.85695
2013.03.21 00:20:23.542,0.85681,0.85695
2013.03.21 00:20:24.101,0.85681,0.85693
2013.03.21 00:20:24.621,0.85681,0.85693
2013.03.21 00:20:31.212,0.85683,0.85695
2013.03.21 00:20:31.752,0.85683,0.85696
2013.03.21 00:20:33.973,0.8568,0.85694
2013.03.21 00:20:34.501,0.8568,0.85694
2013.03.21 00:20:45.862,0.85678,0.85692
2013.03.21 00:20:46.041,0.85678,0.85692
2013.03.21 00:20:46.163,0.85677,0.85691
2013.03.21 00:20:46.674,0.85675,0.85689
2013.03.21 00:20:47.203,0.85675,0.85688
2013.03.21 00:20:49.143,0.85675,0.85688
2013.03.21 00:20:51.872,0.85675,0.85688
2013.03.21 00:20:56.933,0.85676,0.85689
2013.03.21 00:20:57.461,0.85676,0.8569
2013.03.21 00:20:58.792,0.85676,0.8569
2013.03.21 00:20:59.493,0.85676,0.8569
2013.03.21 00:21:00.413,0.85676,0.85687
2013.03.21 00:21:00.484,0.85674,0.85687
2013.03.21 00:21:00.552,0.85673,0.85686
2013.03.21 00:21:00.674,0.85672,0.85685
2013.03.21 00:21:01.222,0.85671,0.85684
2013.03.21 00:21:01.762,0.85671,0.85684
2013.03.21 00:21:03.705,0.85671,0.85684
2013.03.21 00:21:04.373,0.85671,0.85685
2013.03.21 00:21:04.983,0.85671,0.85685
2013.03.21 00:21:18.415,0.85672,0.85686
2013.03.21 00:21:19.012,0.85672,0.85685
2013.03.21 00:21:26.101,0.85672,0.85684
2013.03.21 00:21:32.826,0.85674,0.85685
2013.03.21 00:21:32.912,0.85679,0.85694
2013.03.21 00:21:33.164,0.8568,0.85694
2013.03.21 00:21:33.727,0.8568,0.85694
2013.03.21 00:21:34.311,0.8568,0.85694
2013.03.21 00:21:35.473,0.85679,0.85692
2013.03.21 00:21:35.545,0.85676,0.85691
2013.03.21 00:21:35.673,0.85676,0.85692
2013.03.21 00:21:36.222,0.85676,0.8569
2013.03.21 00:21:37.535,0.85676,0.8569
2013.03.21 00:21:38.094,0.85676,0.8569
2013.03.21 00:21:39.334,0.85675,0.8569
2013.03.21 00:21:39.823,0.85674,0.8569
2013.03.21 00:21:40.382,0.85674,0.8569
2013.03.21 00:21:41.056,0.85674,0.8569
2013.03.21 00:21:44.243,0.85674,0.8569
2013.03.21 00:21:44.373,0.85673,0.85689
2013.03.21 00:21:44.922,0.85673,0.85689
2013.03.21 00:21:45.933,0.85673,0.85686
2013.03.21 00:21:46.244,0.85673,0.85686
2013.03.21 00:21:47.585,0.85673,0.85684
2013.03.21 00:21:48.933,0.85671,0.85684
2013.03.21 00:21:49.544,0.85671,0.85685
2013.03.21 00:21:49.732,0.85671,0.85683
2013.03.21 00:21:50.252,0.85671,0.85683
2013.03.21 00:21:51.292,0.85671,0.85683
2013.03.21 00:21:51.933,0.85669,0.85683
2013.03.21 00:22:10.532,0.85668,0.85681
2013.03.21 00:22:10.892,0.85668,0.85681
2013.03.21 00:22:17.992,0.85671,0.85685
2013.03.21 00:22:18.053,0.85671,0.85685
2013.03.21 00:22:18.233,0.8567,0.85685
2013.03.21 00:22:18.363,0.85671,0.85685
2013.03.21 00:22:19.022,0.85672,0.85685
2013.03.21 00:22:20.322,0.8567,0.85683
2013.03.21 00:22:21.177,0.8567,0.85683
2013.03.21 00:22:21.727,0.8567,0.85683
2013.03.21 00:22:22.742,0.8567,0.85683
2013.03.21 00:22:23.502,0.85668,0.85681
2013.03.21 00:22:24.004,0.85668,0.85681
2013.03.21 00:22:31.782,0.85668,0.85683
2013.03.21 00:22:55.132,0.85668,0.85682
2013.03.21 00:22:55.193,0.85667,0.85681
2013.03.21 00:22:55.253,0.85664,0.8568
2013.03.21 00:22:55.623,0.85663,0.8568
2013.03.21 00:22:55.694,0.85664,0.8568
2013.03.21 00:22:56.072,0.85666,0.8568
2013.03.21 00:22:56.313,0.85669,0.85684
2013.03.21 00:22:56.817,0.85671,0.85684
2013.03.21 00:22:57.122,0.85668,0.85682
2013.03.21 00:22:59.192,0.85669,0.85682
2013.03.21 00:23:22.313,0.85667,0.85683
2013.03.21 00:23:22.494,0.85666,0.85683
2013.03.21 00:23:22.742,0.85665,0.8568
2013.03.21 00:23:23.291,0.85665,0.8568
2013.03.21 00:23:24.812,0.85665,0.8568
2013.03.21 00:23:40.722,0.85664,0.85678
2013.03.21 00:23:41.272,0.85663,0.85677
2013.03.21 00:23:48.673,0.85663,0.85677
2013.03.21 00:23:54.984,0.85663,0.85678
2013.03.21 00:23:55.115,0.85667,0.8568
2013.03.21 00:23:55.313,0.85667,0.85683
2013.03.21 00:23:55.683,0.85667,0.85683
2013.03.21 00:23:56.193,0.8567,0.85684
2013.03.21 00:23:56.510,0.8567,0.85683
2013.03.21 00:24:04.613,0.8567,0.85686
2013.03.21 00:24:09.086,0.85671,0.85686
2013.03.21 00:24:09.623,0.85672,0.85686
2013.03.21 00:24:12.384,0.8567,0.85684
2013.03.21 00:24:12.893,0.85672,0.85686
2013.03.21 00:24:13.442,0.85672,0.85686
2013.03.21 00:24:42.992,0.85672,0.85686
2013.03.21 00:24:43.113,0.85672,0.85687
2013.03.21 00:24:43.352,0.85672,0.85688
2013.03.21 00:24:43.664,0.85675,0.85689
2013.03.21 00:24:44.214,0.85675,0.85689
2013.03.21 00:24:44.643,0.85671,0.85687
2013.03.21 00:24:45.300,0.85671,0.85687
2013.03.21 00:24:47.602,0.85671,0.85687
2013.03.21 00:24:55.085,0.8567,0.85686
2013.03.21 00:25:12.245,0.85672,0.85686
2013.03.21 00:25:19.441,0.85673,0.85688
2013.03.21 00:25:19.983,0.85673,0.85689
2013.03.21 00:25:20.102,0.85675,0.85689
2013.03.21 00:25:20.222,0.85675,0.8569
2013.03.21 00:25:20.772,0.85676,0.85689
2013.03.21 00:25:21.292,0.85676,0.85689
2013.03.21 00:25:21.832,0.85676,0.85689
2013.03.21 00:25:34.262,0.85676,0.85689
2013.03.21 00:25:48.482,0.85678,0.85692
2013.03.21 00:25:48.662,0.85678,0.85693
2013.03.21 00:25:49.023,0.8568,0.85694
2013.03.21 00:25:49.533,0.85681,0.85694
2013.03.21 00:25:49.842,0.85681,0.85694
2013.03.21 00:25:51.354,0.85682,0.85694
2013.03.21 00:25:51.664,0.85683,0.85697
2013.03.21 00:25:51.794,0.85684,0.85697
2013.03.21 00:25:51.865,0.85684,0.85697
2013.03.21 00:25:52.062,0.85684,0.85698
2013.03.21 00:25:52.612,0.85684,0.85699
2013.03.21 00:25:53.172,0.85684,0.85699
2013.03.21 00:25:53.762,0.85684,0.85698
2013.03.21 00:25:54.313,0.85684,0.857
2013.03.21 00:25:54.444,0.85684,0.857
2013.03.21 00:25:54.873,0.85688,0.85701
2013.03.21 00:25:55.403,0.85687,0.85701
2013.03.21 00:26:07.562,0.85686,0.85701
2013.03.21 00:26:07.743,0.85687,0.85701
2013.03.21 00:26:09.473,0.85687,0.85704
2013.03.21 00:26:10.002,0.85687,0.85704
2013.03.21 00:26:16.122,0.85687,0.85704
2013.03.21 00:26:16.203,0.85687,0.85704
2013.03.21 00:26:18.793,0.85686,0.85703
2013.03.21 00:26:19.349,0.85684,0.85699
2013.03.21 00:26:27.713,0.85686,0.857
2013.03.21 00:26:28.022,0.85686,0.85699
2013.03.21 00:26:36.483,0.85686,0.85699
2013.03.21 00:26:36.984,0.85686,0.85699
2013.03.21 00:26:37.622,0.85686,0.85699
2013.03.21 00:26:43.246,0.85686,0.85699
2013.03.21 00:26:43.802,0.85686,0.85699
2013.03.21 00:26:59.082,0.85685,0.85699
2013.03.21 00:27:59.476,0.85685,0.85701
2013.03.21 00:28:03.311,0.85686,0.85701
2013.03.21 00:28:04.301,0.85685,0.85701
2013.03.21 00:28:25.211,0.85684,0.85699
2013.03.21 00:28:36.442,0.85683,0.85698
2013.03.21 00:28:36.982,0.85682,0.85697
2013.03.21 00:28:37.492,0.85682,0.85695
2013.03.21 00:28:38.202,0.85682,0.85697
2013.03.21 00:28:38.732,0.85681,0.85696
2013.03.21 00:28:40.402,0.85681,0.85696
2013.03.21 00:29:05.144,0.85683,0.85696
2013.03.21 00:29:38.667,0.85681,0.85697
2013.03.21 00:29:42.511,0.85681,0.85697
2013.03.21 00:29:44.812,0.85681,0.85695
2013.03.21 00:29:53.422,0.85681,0.85694
2013.03.21 00:30:05.961,0.85679,0.85694
2013.03.21 00:31:18.352,0.8568,0.85694
2013.03.21 00:31:20.912,0.8568,0.85693
2013.03.21 00:31:21.333,0.8568,0.85692
2013.03.21 00:31:37.765,0.8568,0.85693
2013.03.21 00:31:43.585,0.85677,0.85691
2013.03.21 00:32:07.374,0.85677,0.85691
2013.03.21 00:32:15.103,0.85676,0.85691
2013.03.21 00:32:29.343,0.85677,0.85688
2013.03.21 00:32:37.484,0.85678,0.8569
2013.03.21 00:32:38.825,0.85678,0.8569
2013.03.21 00:32:39.335,0.85678,0.8569
2013.03.21 00:32:40.106,0.8568,0.8569
2013.03.21 00:32:40.675,0.85679,0.8569
2013.03.21 00:32:40.984,0.85677,0.85689
2013.03.21 00:32:41.234,0.85675,0.85689
2013.03.21 00:32:41.425,0.85676,0.85688
2013.03.21 00:32:42.663,0.85674,0.85687
2013.03.21 00:32:42.723,0.85673,0.85687
2013.03.21 00:32:43.143,0.85672,0.85686
2013.03.21 00:32:43.694,0.85672,0.85686
2013.03.21 00:32:44.503,0.85672,0.85685
2013.03.21 00:32:45.051,0.85672,0.85686
2013.03.21 00:32:45.592,0.85672,0.85685
2013.03.21 00:32:46.013,0.85674,0.85687
2013.03.21 00:32:46.134,0.85674,0.85687
2013.03.21 00:32:46.462,0.85674,0.85685
2013.03.21 00:32:46.702,0.85676,0.85686
2013.03.21 00:32:47.294,0.85675,0.85688
2013.03.21 00:33:01.973,0.85675,0.85688
2013.03.21 00:33:12.894,0.85673,0.85686
2013.03.21 00:33:13.411,0.85673,0.85686
2013.03.21 00:33:13.473,0.85673,0.85687
2013.03.21 00:33:15.176,0.85673,0.85687
2013.03.21 00:33:15.763,0.85673,0.85687
2013.03.21 00:33:22.553,0.85675,0.85687
2013.03.21 00:33:31.003,0.85675,0.85687
2013.03.21 00:33:43.634,0.85675,0.85687
2013.03.21 00:34:28.514,0.85673,0.85687
2013.03.21 00:34:31.173,0.85672,0.85689
2013.03.21 00:34:40.613,0.85673,0.85687
2013.03.21 00:34:46.055,0.85673,0.85687
2013.03.21 00:34:55.112,0.85673,0.85687
2013.03.21 00:35:40.513,0.85673,0.85687
2013.03.21 00:35:40.633,0.85671,0.85687
2013.03.21 00:35:41.163,0.85671,0.85685
2013.03.21 00:35:41.832,0.8567,0.85685
2013.03.21 00:35:45.423,0.85669,0.85683
2013.03.21 00:35:45.782,0.85669,0.8568
2013.03.21 00:35:46.323,0.85668,0.85679
2013.03.21 00:35:46.813,0.85666,0.85679
2013.03.21 00:35:46.933,0.85665,0.85676
2013.03.21 00:35:59.883,0.85665,0.85676
2013.03.21 00:36:21.043,0.85665,0.85676
2013.03.21 00:36:21.835,0.85662,0.85675
2013.03.21 00:36:51.483,0.8566,0.85675
2013.03.21 00:36:54.794,0.85661,0.85675
2013.03.21 00:37:08.864,0.85663,0.85675
2013.03.21 00:37:13.444,0.85664,0.85676
2013.03.21 00:37:33.493,0.85663,0.85676
2013.03.21 00:38:09.462,0.85664,0.85675
2013.03.21 00:38:17.593,0.85665,0.85676
2013.03.21 00:38:18.133,0.85667,0.85676
2013.03.21 00:38:18.950,0.85663,0.85676
2013.03.21 00:38:19.263,0.85661,0.85675
2013.03.21 00:38:19.674,0.85661,0.85672
2013.03.21 00:38:20.189,0.85661,0.85672
2013.03.21 00:38:23.392,0.85659,0.85672
2013.03.21 00:38:23.904,0.85659,0.85672
2013.03.21 00:38:24.592,0.85659,0.85672
2013.03.21 00:38:25.144,0.85659,0.85672
2013.03.21 00:38:26.153,0.85659,0.85672
2013.03.21 00:38:30.166,0.85657,0.8567
2013.03.21 00:38:36.664,0.85654,0.8567
2013.03.21 00:38:38.723,0.85655,0.85669
2013.03.21 00:38:39.206,0.85654,0.85668
2013.03.21 00:38:39.336,0.85654,0.85666
2013.03.21 00:38:39.645,0.85651,0.85664
2013.03.21 00:38:47.774,0.85652,0.85667
2013.03.21 00:38:48.831,0.85653,0.85668
2013.03.21 00:38:53.223,0.85655,0.85668
2013.03.21 00:39:05.194,0.85654,0.85664
2013.03.21 00:39:05.703,0.85654,0.85664
2013.03.21 00:39:11.334,0.85654,0.85664
2013.03.21 00:39:11.955,0.85651,0.85663
2013.03.21 00:39:14.924,0.85651,0.85662
2013.03.21 00:39:21.913,0.85651,0.85662
2013.03.21 00:39:24.725,0.85651,0.85662
2013.03.21 00:39:26.514,0.85651,0.85662
2013.03.21 00:39:37.286,0.85652,0.85662
2013.03.21 00:39:37.834,0.8565,0.85662
2013.03.21 00:39:41.264,0.8565,0.85662
2013.03.21 00:39:41.385,0.85648,0.85662
2013.03.21 00:39:41.454,0.85648,0.85662
2013.03.21 00:39:42.884,0.85648,0.85662
2013.03.21 00:39:43.424,0.85645,0.8566
2013.03.21 00:39:43.785,0.85645,0.85658
2013.03.21 00:39:44.764,0.85645,0.85657
2013.03.21 00:39:45.193,0.85644,0.85655
2013.03.21 00:39:45.715,0.85645,0.85654
2013.03.21 00:39:56.874,0.85646,0.85656
2013.03.21 00:39:57.054,0.85646,0.85658
2013.03.21 00:39:57.124,0.85644,0.85658
2013.03.21 00:39:57.313,0.85647,0.85656
2013.03.21 00:39:57.948,0.85647,0.85658
2013.03.21 00:40:00.145,0.85646,0.85658
2013.03.21 00:40:01.095,0.85644,0.85655
2013.03.21 00:40:02.745,0.85643,0.85655
2013.03.21 00:40:03.504,0.85643,0.85655
2013.03.21 00:40:04.374,0.85642,0.85655
2013.03.21 00:40:04.685,0.85641,0.85655
2013.03.21 00:40:04.936,0.8564,0.85653
2013.03.21 00:40:09.025,0.85641,0.85653
2013.03.21 00:40:09.454,0.85641,0.85654
2013.03.21 00:40:09.574,0.85642,0.85655
2013.03.21 00:40:10.238,0.85642,0.85655
2013.03.21 00:40:10.564,0.85644,0.85655
2013.03.21 00:40:11.116,0.85644,0.85655
2013.03.21 00:40:18.446,0.85647,0.85656
2013.03.21 00:40:19.803,0.85647,0.85656
2013.03.21 00:40:23.556,0.85647,0.85658
2013.03.21 00:40:24.115,0.85647,0.85658
2013.03.21 00:40:24.426,0.8565,0.85663
2013.03.21 00:40:24.614,0.8565,0.85664
2013.03.21 00:40:25.272,0.8565,0.85663
2013.03.21 00:40:26.614,0.8565,0.85663
2013.03.21 00:40:30.119,0.8565,0.85663
2013.03.21 00:40:34.546,0.85649,0.85663
2013.03.21 00:40:34.674,0.8565,0.85663
2013.03.21 00:40:35.165,0.85648,0.85662
2013.03.21 00:40:35.713,0.85647,0.85662
2013.03.21 00:40:36.234,0.85647,0.85662
2013.03.21 00:40:38.717,0.85646,0.85659
2013.03.21 00:40:39.083,0.85644,0.85658
2013.03.21 00:40:39.155,0.85643,0.85658
2013.03.21 00:40:39.714,0.85643,0.85655
2013.03.21 00:40:40.073,0.85643,0.85655
2013.03.21 00:40:40.693,0.8564,0.85655
2013.03.21 00:40:43.317,0.85642,0.85655
2013.03.21 00:40:45.765,0.85642,0.85655
2013.03.21 00:40:46.135,0.85645,0.85658
2013.03.21 00:40:46.504,0.85649,0.85661
2013.03.21 00:40:46.575,0.85651,0.85664
2013.03.21 00:40:48.513,0.85654,0.85665
2013.03.21 00:41:09.074,0.85654,0.85665
2013.03.21 00:41:09.593,0.85654,0.85666
2013.03.21 00:41:10.129,0.85654,0.85668
2013.03.21 00:41:11.815,0.85655,0.85668
2013.03.21 00:41:14.464,0.85654,0.85668
2013.03.21 00:41:15.094,0.85654,0.85667
2013.03.21 00:41:17.235,0.85654,0.85666
2013.03.21 00:41:28.703,0.85654,0.85666
2013.03.21 00:41:45.194,0.85654,0.85665
2013.03.21 00:41:45.313,0.85654,0.85664
2013.03.21 00:41:45.374,0.8565,0.85664
2013.03.21 00:41:46.081,0.8565,0.85663
2013.03.21 00:41:46.163,0.85644,0.85656
2013.03.21 00:41:46.346,0.85639,0.85654
2013.03.21 00:41:47.069,0.85639,0.85654
2013.03.21 00:41:51.314,0.85638,0.85653
2013.03.21 00:41:53.563,0.85637,0.85652
2013.03.21 00:42:01.574,0.85637,0.85653
2013.03.21 00:42:02.090,0.85637,0.85653
2013.03.21 00:42:04.148,0.85636,0.85651
2013.03.21 00:42:04.285,0.85635,0.85647
2013.03.21 00:42:04.355,0.85635,0.85647
2013.03.21 00:42:04.677,0.85636,0.85647
2013.03.21 00:42:05.166,0.85632,0.85648
2013.03.21 00:42:05.854,0.85632,0.85646
2013.03.21 00:42:06.285,0.85631,0.85646
2013.03.21 00:42:06.834,0.85631,0.85646
2013.03.21 00:42:07.254,0.85629,0.85644
2013.03.21 00:42:08.286,0.85629,0.85644
2013.03.21 00:42:08.535,0.85627,0.85643
2013.03.21 00:42:09.034,0.85625,0.8564
2013.03.21 00:42:09.164,0.8563,0.85642
2013.03.21 00:42:09.465,0.85627,0.85641
2013.03.21 00:42:09.596,0.85627,0.85642
2013.03.21 00:42:10.183,0.85628,0.85642
2013.03.21 00:42:13.525,0.85628,0.85642
2013.03.21 00:42:16.182,0.85633,0.85646
2013.03.21 00:42:16.486,0.85636,0.85652
2013.03.21 00:42:16.973,0.85636,0.85652
2013.03.21 00:42:17.158,0.85636,0.85652
2013.03.21 00:42:19.254,0.85636,0.85652
2013.03.21 00:42:24.244,0.85636,0.85651
2013.03.21 00:42:24.434,0.85637,0.85651
2013.03.21 00:42:36.434,0.85638,0.85653
2013.03.21 00:42:36.984,0.85639,0.85653
2013.03.21 00:42:39.955,0.85639,0.85653
2013.03.21 00:43:00.825,0.85639,0.85654
2013.03.21 00:43:01.384,0.85643,0.85655
2013.03.21 00:43:02.171,0.85645,0.85658
2013.03.21 00:43:15.264,0.85645,0.85658
2013.03.21 00:43:20.454,0.85645,0.85658
2013.03.21 00:43:20.634,0.85645,0.85658
2013.03.21 00:43:21.444,0.85645,0.85657
2013.03.21 00:43:21.624,0.85645,0.85657
2013.03.21 00:43:22.144,0.85645,0.85658
2013.03.21 00:43:22.833,0.85645,0.85658
2013.03.21 00:43:25.325,0.85644,0.85658
2013.03.21 00:43:26.097,0.85645,0.85658
2013.03.21 00:43:26.753,0.85645,0.85658
2013.03.21 00:43:42.585,0.85645,0.85659
2013.03.21 00:43:42.776,0.85643,0.85657
2013.03.21 00:43:43.405,0.8564,0.85654
2013.03.21 00:43:43.715,0.8564,0.85654
2013.03.21 00:43:44.274,0.8564,0.85653
2013.03.21 00:43:44.855,0.8564,0.85653
2013.03.21 00:43:44.917,0.8564,0.85653
2013.03.21 00:43:45.465,0.85638,0.85652
2013.03.21 00:43:45.585,0.85636,0.85651
2013.03.21 00:43:47.146,0.8564,0.85654
2013.03.21 00:43:50.225,0.8564,0.85654
2013.03.21 00:44:12.188,0.8564,0.85653
2013.03.21 00:44:12.736,0.8564,0.85653
2013.03.21 00:44:17.286,0.85641,0.85655
2013.03.21 00:44:26.956,0.85641,0.85655
2013.03.21 00:44:31.714,0.85641,0.85655
2013.03.21 00:44:32.230,0.85641,0.85655
2013.03.21 00:44:47.046,0.8564,0.85655
2013.03.21 00:44:56.987,0.8564,0.85655
2013.03.21 00:44:57.245,0.85642,0.85656
2013.03.21 00:44:57.365,0.85643,0.85656
2013.03.21 00:44:57.425,0.85643,0.85656
2013.03.21 00:44:57.727,0.85644,0.85658
2013.03.21 00:44:58.285,0.85646,0.85659
2013.03.21 00:44:58.825,0.85646,0.85658
2013.03.21 00:45:04.146,0.85646,0.85661
2013.03.21 00:45:04.518,0.85641,0.85656
2013.03.21 00:45:04.587,0.85641,0.85656
2013.03.21 00:45:05.279,0.8564,0.85654
2013.03.21 00:45:07.386,0.8564,0.85654
2013.03.21 00:45:29.295,0.85642,0.85655
2013.03.21 00:45:32.926,0.85642,0.85655
2013.03.21 00:45:33.827,0.8564,0.85651
2013.03.21 00:45:34.027,0.85635,0.8565
2013.03.21 00:45:34.410,0.85634,0.85648
2013.03.21 00:45:34.718,0.85634,0.85649
2013.03.21 00:45:35.037,0.85634,0.85649
2013.03.21 00:45:35.107,0.85634,0.85648
2013.03.21 00:45:35.846,0.85633,0.85648
2013.03.21 00:45:36.144,0.85633,0.85648
2013.03.21 00:45:39.686,0.85633,0.85648
2013.03.21 00:45:44.875,0.85633,0.85648
2013.03.21 00:45:45.116,0.85636,0.85649
2013.03.21 00:45:45.655,0.85635,0.85649
2013.03.21 00:45:46.187,0.85635,0.85649
2013.03.21 00:45:47.317,0.85635,0.85648
2013.03.21 00:45:47.457,0.85633,0.85648
2013.03.21 00:45:47.526,0.85633,0.85648
2013.03.21 00:45:47.655,0.85633,0.85648
2013.03.21 00:45:48.196,0.85633,0.85648
2013.03.21 00:45:48.506,0.85633,0.85648
2013.03.21 00:45:49.055,0.85633,0.85648
2013.03.21 00:45:49.175,0.85633,0.85648
2013.03.21 00:45:53.075,0.85634,0.85649
2013.03.21 00:45:53.616,0.85634,0.85647
2013.03.21 00:45:54.166,0.85635,0.85645
2013.03.21 00:45:54.695,0.85633,0.85648
2013.03.21 00:45:56.255,0.85633,0.85647
2013.03.21 00:45:57.576,0.85635,0.85649
2013.03.21 00:45:59.187,0.85635,0.85648
2013.03.21 00:45:59.696,0.85635,0.85647
2013.03.21 00:46:01.655,0.85634,0.85647
2013.03.21 00:46:02.158,0.85634,0.85647
2013.03.21 00:46:02.705,0.85633,0.85646
2013.03.21 00:46:02.766,0.85633,0.85647
2013.03.21 00:46:02.957,0.85633,0.85647
2013.03.21 00:46:03.086,0.85633,0.85647
2013.03.21 00:46:03.157,0.85633,0.85647
2013.03.21 00:46:03.285,0.85633,0.85647
2013.03.21 00:46:08.555,0.85633,0.85647
2013.03.21 00:46:08.676,0.85635,0.85648
2013.03.21 00:46:09.966,0.85635,0.85648
2013.03.21 00:46:10.563,0.85635,0.85648
2013.03.21 00:46:11.828,0.85635,0.85648
2013.03.21 00:46:12.364,0.85635,0.85648
2013.03.21 00:46:13.434,0.85635,0.8565
2013.03.21 00:46:14.019,0.85635,0.8565
2013.03.21 00:46:18.324,0.85636,0.85651
2013.03.21 00:46:18.877,0.85636,0.8565
2013.03.21 00:46:19.425,0.85636,0.8565
2013.03.21 00:46:20.545,0.85635,0.8565
2013.03.21 00:46:20.847,0.85634,0.8565
2013.03.21 00:46:21.405,0.85633,0.85648
2013.03.21 00:46:21.916,0.85632,0.85648
2013.03.21 00:46:25.955,0.85631,0.85645
2013.03.21 00:46:26.077,0.85631,0.85643
2013.03.21 00:46:26.672,0.8563,0.85644
2013.03.21 00:46:27.196,0.8563,0.85644
2013.03.21 00:46:27.605,0.8563,0.85645
2013.03.21 00:46:28.025,0.8563,0.85644
2013.03.21 00:46:30.446,0.85631,0.85646
2013.03.21 00:46:31.005,0.85634,0.85648
2013.03.21 00:46:31.630,0.85634,0.85648
2013.03.21 00:46:40.428,0.85634,0.85647
2013.03.21 00:46:43.495,0.85634,0.85647
2013.03.21 00:47:03.355,0.85632,0.85647
2013.03.21 00:47:04.104,0.85632,0.85646
2013.03.21 00:47:28.256,0.85631,0.85646
2013.03.21 00:47:50.763,0.85632,0.85646
2013.03.21 00:47:51.396,0.85629,0.85645
2013.03.21 00:47:51.516,0.85629,0.85644
2013.03.21 00:47:51.587,0.85628,0.85645
2013.03.21 00:47:51.717,0.85626,0.85643
2013.03.21 00:47:52.343,0.85626,0.85642
2013.03.21 00:47:59.241,0.85627,0.85641
2013.03.21 00:47:59.556,0.85626,0.85639
2013.03.21 00:48:09.426,0.85624,0.85636
2013.03.21 00:48:14.224,0.85624,0.85636
2013.03.21 00:48:26.565,0.85624,0.85636
2013.03.21 00:48:27.105,0.85626,0.85637
2013.03.21 00:48:30.486,0.85624,0.85637
2013.03.21 00:48:36.647,0.85626,0.85639
2013.03.21 00:48:37.214,0.85626,0.85639
2013.03.21 00:48:37.756,0.85627,0.85639
2013.03.21 00:48:38.327,0.85625,0.85639
2013.03.21 00:48:38.515,0.85625,0.85641
2013.03.21 00:48:39.016,0.85624,0.85638
2013.03.21 00:48:42.167,0.85624,0.85638
2013.03.21 00:48:42.676,0.85624,0.85638
2013.03.21 00:48:42.748,0.85624,0.85638
2013.03.21 00:48:49.164,0.85625,0.85637
2013.03.21 00:48:50.165,0.85623,0.85637
2013.03.21 00:48:53.175,0.85625,0.85637
2013.03.21 00:48:58.606,0.85626,0.85637
2013.03.21 00:49:02.302,0.85623,0.85638
2013.03.21 00:49:02.367,0.85623,0.85638
2013.03.21 00:49:02.915,0.85624,0.85638
2013.03.21 00:49:03.456,0.85624,0.85638
2013.03.21 00:49:05.686,0.85624,0.85638
2013.03.21 00:49:06.245,0.85623,0.85638
2013.03.21 00:49:06.605,0.85622,0.85637
2013.03.21 00:49:06.785,0.85622,0.85636
2013.03.21 00:49:07.810,0.85622,0.85634
2013.03.21 00:49:08.304,0.85622,0.85634
2013.03.21 00:49:11.329,0.85618,0.85634
2013.03.21 00:49:12.003,0.85619,0.85632
2013.03.21 00:49:14.355,0.85619,0.85632
2013.03.21 00:49:19.246,0.85617,0.85632
2013.03.21 00:49:28.945,0.85618,0.85632
2013.03.21 00:49:31.915,0.85618,0.85632
2013.03.21 00:49:32.436,0.85618,0.85632
2013.03.21 00:49:34.216,0.85618,0.85632
2013.03.21 00:49:35.435,0.85618,0.85632
2013.03.21 00:49:35.956,0.85618,0.85632
2013.03.21 00:49:36.516,0.85616,0.85632
2013.03.21 00:49:51.945,0.85616,0.85631
2013.03.21 00:49:52.636,0.85616,0.85631
2013.03.21 00:49:55.976,0.85616,0.85631
2013.03.21 00:50:05.763,0.85617,0.85633
2013.03.21 00:50:11.585,0.85617,0.85633
2013.03.21 00:50:12.146,0.85616,0.85628
2013.03.21 00:50:12.648,0.85614,0.85628
2013.03.21 00:50:13.205,0.85613,0.85627
2013.03.21 00:50:13.267,0.85613,0.85627
2013.03.21 00:50:33.628,0.8561,0.85627
2013.03.21 00:50:34.333,0.85612,0.85628
2013.03.21 00:50:34.411,0.85612,0.85628
2013.03.21 00:50:34.959,0.85612,0.85629
2013.03.21 00:50:35.645,0.85614,0.85629
2013.03.21 00:50:37.247,0.85614,0.8563
2013.03.21 00:50:37.796,0.85614,0.85628
2013.03.21 00:50:38.338,0.85614,0.85629
2013.03.21 00:50:40.687,0.85615,0.85632
2013.03.21 00:50:41.406,0.85617,0.85632
2013.03.21 00:50:52.391,0.85618,0.85633
2013.03.21 00:50:53.836,0.85618,0.85634
2013.03.21 00:50:58.886,0.85618,0.85633
2013.03.21 00:51:01.217,0.85616,0.85628
2013.03.21 00:51:07.536,0.85618,0.85631
2013.03.21 00:51:07.657,0.85617,0.85631
2013.03.21 00:51:08.027,0.85618,0.85631
2013.03.21 00:51:10.413,0.85619,0.85634
2013.03.21 00:51:10.484,0.85619,0.85635
2013.03.21 00:51:10.837,0.85622,0.85637
2013.03.21 00:51:10.918,0.85623,0.85639
2013.03.21 00:51:11.466,0.85625,0.8564
2013.03.21 00:51:11.586,0.85625,0.8564
2013.03.21 00:51:11.896,0.85627,0.85641
2013.03.21 00:51:12.437,0.85627,0.85641
2013.03.21 00:51:20.657,0.85628,0.85642
2013.03.21 00:51:20.728,0.85628,0.85642
2013.03.21 00:51:21.156,0.85629,0.85644
2013.03.21 00:51:21.947,0.85629,0.85644
2013.03.21 00:51:22.111,0.85627,0.85642
2013.03.21 00:51:22.527,0.85627,0.85643
2013.03.21 00:51:23.211,0.85629,0.85643
2013.03.21 00:51:25.197,0.8563,0.85644
2013.03.21 00:51:28.806,0.85629,0.85644
2013.03.21 00:51:28.926,0.85628,0.85644
2013.03.21 00:51:29.048,0.85627,0.8564
2013.03.21 00:51:29.298,0.85626,0.8564
2013.03.21 00:51:29.606,0.85626,0.8564
2013.03.21 00:51:30.123,0.85624,0.85637
2013.03.21 00:51:30.186,0.85624,0.85637
2013.03.21 00:51:30.757,0.85624,0.85637
2013.03.21 00:51:32.716,0.85624,0.85637
2013.03.21 00:51:49.768,0.85624,0.85636
2013.03.21 00:51:49.907,0.8562,0.85635
2013.03.21 00:51:50.096,0.8562,0.85635
2013.03.21 00:51:50.168,0.8562,0.85635
2013.03.21 00:51:50.717,0.85622,0.85634
2013.03.21 00:51:50.967,0.85624,0.85637
2013.03.21 00:51:51.395,0.85624,0.85637
2013.03.21 00:52:00.927,0.85624,0.85637
2013.03.21 00:52:01.739,0.85624,0.85637
2013.03.21 00:52:02.268,0.85624,0.85637
2013.03.21 00:52:02.539,0.85627,0.85641
2013.03.21 00:52:02.869,0.85629,0.85644
2013.03.21 00:52:03.297,0.85629,0.85645
2013.03.21 00:52:03.856,0.8563,0.85645
2013.03.21 00:52:05.718,0.8563,0.85645
2013.03.21 00:52:06.355,0.85629,0.85645
2013.03.21 00:52:09.117,0.85629,0.85642
2013.03.21 00:52:09.667,0.85628,0.85642
2013.03.21 00:52:10.361,0.85628,0.85643
2013.03.21 00:52:11.686,0.85628,0.85643
2013.03.21 00:52:13.539,0.85627,0.85642
2013.03.21 00:52:13.727,0.85627,0.85642
2013.03.21 00:52:22.396,0.85627,0.85642
2013.03.21 00:52:35.020,0.85627,0.85642
2013.03.21 00:52:37.227,0.85627,0.85642
2013.03.21 00:52:37.777,0.85627,0.85642
2013.03.21 00:52:52.628,0.85626,0.85642
2013.03.21 00:52:52.756,0.85626,0.85643
2013.03.21 00:52:52.877,0.85627,0.85644
2013.03.21 00:52:53.066,0.85627,0.85643
2013.03.21 00:52:55.937,0.8563,0.85645
2013.03.21 00:52:56.616,0.85631,0.85645
2013.03.21 00:53:02.647,0.8563,0.85646
2013.03.21 00:53:03.836,0.8563,0.85646
2013.03.21 00:53:04.137,0.8563,0.85643
2013.03.21 00:53:04.816,0.85631,0.85644
2013.03.21 00:53:05.137,0.85631,0.85645
2013.03.21 00:53:08.068,0.85632,0.85646
2013.03.21 00:53:08.318,0.85631,0.85645
2013.03.21 00:53:08.506,0.8563,0.85645
2013.03.21 00:53:08.697,0.8563,0.85642
2013.03.21 00:53:09.956,0.85627,0.85641
2013.03.21 00:53:10.266,0.85627,0.85639
2013.03.21 00:53:10.332,0.85624,0.85639
2013.03.21 00:53:10.876,0.85624,0.85636
2013.03.21 00:53:11.417,0.85624,0.85635
2013.03.21 00:53:11.918,0.85625,0.85637
2013.03.21 00:53:11.987,0.85625,0.8564
2013.03.21 00:53:12.716,0.85625,0.85639
2013.03.21 00:53:13.257,0.85626,0.85639
2013.03.21 00:53:13.911,0.85626,0.85639
2013.03.21 00:53:18.477,0.85624,0.85637
2013.03.21 00:53:18.807,0.85624,0.85637
2013.03.21 00:53:19.001,0.85624,0.85639
2013.03.21 00:53:19.436,0.85624,0.85639
2013.03.21 00:53:19.806,0.85624,0.85638
2013.03.21 00:53:19.928,0.85624,0.85637
2013.03.21 00:53:19.999,0.85621,0.85637
2013.03.21 00:53:20.547,0.85621,0.85635
2013.03.21 00:53:21.226,0.85621,0.85635
2013.03.21 00:53:22.627,0.85621,0.85637
2013.03.21 00:53:22.757,0.85622,0.85637
2013.03.21 00:53:22.956,0.85623,0.85639
2013.03.21 00:53:23.549,0.85623,0.85639
2013.03.21 00:53:28.772,0.85625,0.8564
2013.03.21 00:53:29.647,0.85625,0.8564
2013.03.21 00:53:30.174,0.85625,0.8564
2013.03.21 00:53:31.236,0.85625,0.85641
2013.03.21 00:53:31.416,0.85629,0.85643
2013.03.21 00:53:31.776,0.8563,0.85646
2013.03.21 00:53:31.837,0.85631,0.85646
2013.03.21 00:53:32.773,0.85632,0.85647
2013.03.21 00:53:33.316,0.85632,0.85647
2013.03.21 00:53:33.851,0.85632,0.85646
2013.03.21 00:53:33.978,0.85631,0.85646
2013.03.21 00:53:34.663,0.85629,0.85645
2013.03.21 00:53:36.175,0.85629,0.85645
2013.03.21 00:53:36.842,0.85629,0.85645
2013.03.21 00:53:37.346,0.85629,0.85645
2013.03.21 00:53:37.928,0.85629,0.85644
2013.03.21 00:53:38.847,0.85629,0.85644
2013.03.21 00:53:39.671,0.85629,0.85644
2013.03.21 00:53:40.886,0.85629,0.85643
2013.03.21 00:53:41.126,0.85627,0.85641
2013.03.21 00:53:42.275,0.85627,0.85639
2013.03.21 00:53:42.896,0.85627,0.85638
2013.03.21 00:53:43.977,0.85627,0.85637
2013.03.21 00:53:44.047,0.85622,0.85636
2013.03.21 00:53:44.106,0.85622,0.85636
2013.03.21 00:53:44.660,0.85622,0.85636
2013.03.21 00:53:54.166,0.85621,0.85634
2013.03.21 00:54:00.422,0.85621,0.85636
2013.03.21 00:54:00.745,0.85621,0.85634
2013.03.21 00:54:01.406,0.85621,0.85634
2013.03.21 00:54:03.386,0.85621,0.85634
2013.03.21 00:54:09.717,0.85621,0.85636
2013.03.21 00:54:09.847,0.85622,0.85637
2013.03.21 00:54:10.397,0.85623,0.85638
2013.03.21 00:54:10.507,0.85623,0.85638
2013.03.21 00:54:11.526,0.85623,0.85639
2013.03.21 00:54:14.488,0.85625,0.85639
2013.03.21 00:54:14.917,0.85627,0.85643
2013.03.21 00:54:15.466,0.85627,0.85643
2013.03.21 00:54:16.007,0.85627,0.85643
2013.03.21 00:54:18.816,0.85629,0.85642
2013.03.21 00:54:19.476,0.8563,0.85644
2013.03.21 00:54:20.009,0.8563,0.85645
2013.03.21 00:54:20.076,0.8563,0.85644
2013.03.21 00:54:21.145,0.8563,0.85644
2013.03.21 00:54:21.686,0.85634,0.85644
2013.03.21 00:54:21.806,0.85634,0.85648
2013.03.21 00:54:22.357,0.85635,0.85649
2013.03.21 00:54:22.486,0.85635,0.85649
2013.03.21 00:54:22.677,0.85635,0.8565
2013.03.21 00:54:23.229,0.85639,0.85653
2013.03.21 00:54:23.776,0.8564,0.85654
2013.03.21 00:54:24.315,0.85641,0.85654
2013.03.21 00:54:24.797,0.85638,0.85651
2013.03.21 00:54:25.346,0.85638,0.85651
2013.03.21 00:54:25.797,0.8564,0.85653
2013.03.21 00:54:27.497,0.85639,0.85653
2013.03.21 00:54:27.758,0.85638,0.85652
2013.03.21 00:54:27.890,0.85639,0.85652
2013.03.21 00:54:28.418,0.85642,0.85654
2013.03.21 00:54:29.786,0.85642,0.85656
2013.03.21 00:54:30.519,0.85641,0.85656
2013.03.21 00:54:33.156,0.85644,0.85656
2013.03.21 00:54:34.166,0.85644,0.85657
2013.03.21 00:54:34.598,0.85647,0.8566
2013.03.21 00:54:34.728,0.85647,0.85661
2013.03.21 00:54:34.797,0.85646,0.85661
2013.03.21 00:54:34.867,0.85646,0.85661
2013.03.21 00:54:35.416,0.85647,0.85661
2013.03.21 00:54:35.937,0.85647,0.85662
2013.03.21 00:54:37.707,0.85646,0.8566
2013.03.21 00:54:38.645,0.85646,0.8566
2013.03.21 00:54:39.737,0.85644,0.8566
2013.03.21 00:54:40.876,0.85643,0.85659
2013.03.21 00:54:42.177,0.85643,0.85655
2013.03.21 00:54:42.726,0.85643,0.85655
2013.03.21 00:54:42.847,0.85643,0.85655
2013.03.21 00:54:43.217,0.8564,0.85654
2013.03.21 00:54:47.627,0.8564,0.85652
2013.03.21 00:54:48.167,0.85638,0.85652
2013.03.21 00:54:50.167,0.85638,0.85652
2013.03.21 00:54:50.478,0.85636,0.8565
2013.03.21 00:54:51.027,0.85636,0.85651
2013.03.21 00:54:51.558,0.85636,0.85651
2013.03.21 00:54:53.539,0.85636,0.85651
2013.03.21 00:54:53.668,0.85636,0.85651
2013.03.21 00:54:54.097,0.85636,0.85651
2013.03.21 00:54:54.648,0.85637,0.85653
2013.03.21 00:54:55.207,0.85639,0.85653
2013.03.21 00:54:55.727,0.8564,0.85655
2013.03.21 00:54:56.277,0.85642,0.85653
2013.03.21 00:54:58.587,0.85643,0.85656
2013.03.21 00:55:00.098,0.85643,0.85656
2013.03.21 00:55:00.168,0.85641,0.85653
2013.03.21 00:55:00.298,0.85639,0.85653
2013.03.21 00:55:00.368,0.85637,0.85653
2013.03.21 00:55:00.761,0.85637,0.85648
2013.03.21 00:55:00.957,0.85633,0.85648
2013.03.21 00:55:01.027,0.85633,0.85647
2013.03.21 00:55:01.637,0.85631,0.85645
2013.03.21 00:55:02.147,0.85632,0.85647
2013.03.21 00:55:02.506,0.85634,0.85647
2013.03.21 00:55:03.387,0.85634,0.85649
2013.03.21 00:55:03.468,0.85634,0.85651
2013.03.21 00:55:03.909,0.85635,0.85651
2013.03.21 00:55:04.890,0.85638,0.85652
2013.03.21 00:55:05.437,0.85639,0.85652
2013.03.21 00:55:06.117,0.85639,0.85652
2013.03.21 00:55:06.427,0.85639,0.85651
2013.03.21 00:55:06.557,0.85639,0.85651
2013.03.21 00:55:07.066,0.85639,0.85651
2013.03.21 00:55:07.996,0.85637,0.85651
2013.03.21 00:55:08.177,0.85637,0.85651
2013.03.21 00:55:08.736,0.85637,0.8565
2013.03.21 00:55:09.661,0.85637,0.85652
2013.03.21 00:55:10.495,0.85637,0.85651
2013.03.21 00:55:12.306,0.85637,0.85651
2013.03.21 00:55:13.926,0.85637,0.85652
2013.03.21 00:55:14.406,0.8564,0.85653
2013.03.21 00:55:14.648,0.85642,0.85657
2013.03.21 00:55:15.287,0.85642,0.85655
2013.03.21 00:55:16.189,0.85642,0.85657
2013.03.21 00:55:16.799,0.85642,0.85657
2013.03.21 00:55:17.356,0.85642,0.85655
2013.03.21 00:55:18.016,0.85642,0.85657
2013.03.21 00:55:18.456,0.85642,0.85656
2013.03.21 00:55:19.018,0.85642,0.85655
2013.03.21 00:55:19.208,0.85641,0.85657
2013.03.21 00:55:19.576,0.85642,0.85657
2013.03.21 00:55:21.236,0.85644,0.85659
2013.03.21 00:55:21.742,0.85648,0.85659
2013.03.21 00:55:21.810,0.85649,0.85661
2013.03.21 00:55:22.357,0.85649,0.85663
2013.03.21 00:55:22.866,0.85649,0.85663
2013.03.21 00:55:24.416,0.85648,0.85663
2013.03.21 00:55:24.487,0.85646,0.85662
2013.03.21 00:55:24.616,0.85646,0.85661
2013.03.21 00:55:24.857,0.85645,0.85661
2013.03.21 00:55:24.987,0.85644,0.8566
2013.03.21 00:55:25.228,0.85644,0.85659
2013.03.21 00:55:25.777,0.85647,0.85663
2013.03.21 00:55:25.987,0.85647,0.85663
2013.03.21 00:55:27.067,0.85646,0.85661
2013.03.21 00:55:27.195,0.85644,0.85659
2013.03.21 00:55:27.961,0.85645,0.8566
2013.03.21 00:55:28.029,0.85645,0.8566
2013.03.21 00:55:28.536,0.85647,0.8566
2013.03.21 00:55:28.835,0.85647,0.85659
2013.03.21 00:55:29.080,0.85647,0.85663
2013.03.21 00:55:29.746,0.85647,0.85663
2013.03.21 00:55:29.987,0.85647,0.85663
2013.03.21 00:55:30.166,0.85647,0.85663
2013.03.21 00:55:31.472,0.85647,0.85663
2013.03.21 00:55:34.936,0.85648,0.85663
2013.03.21 00:55:35.116,0.85651,0.85664
2013.03.21 00:55:35.437,0.85651,0.85665
2013.03.21 00:55:35.926,0.85651,0.85664
2013.03.21 00:55:36.996,0.85649,0.85664
2013.03.21 00:55:37.057,0.85649,0.85664
2013.03.21 00:55:37.248,0.85649,0.85664
2013.03.21 00:55:37.677,0.85649,0.85663
2013.03.21 00:55:37.807,0.85646,0.85662
2013.03.21 00:55:37.876,0.85646,0.85661
2013.03.21 00:55:38.544,0.85644,0.8566
2013.03.21 00:55:38.625,0.85641,0.85657
2013.03.21 00:55:38.997,0.85639,0.85655
2013.03.21 00:55:39.185,0.85639,0.85654
2013.03.21 00:55:39.545,0.85639,0.85654
2013.03.21 00:55:39.908,0.85641,0.85657
2013.03.21 00:55:40.518,0.85641,0.85657
2013.03.21 00:55:40.646,0.85641,0.85657
2013.03.21 00:55:40.886,0.85642,0.85657
2013.03.21 00:55:41.066,0.85643,0.8566
2013.03.21 00:55:41.189,0.85643,0.8566
2013.03.21 00:55:43.316,0.85643,0.8566
2013.03.21 00:55:49.476,0.85646,0.85661
2013.03.21 00:55:49.536,0.85646,0.85661
2013.03.21 00:55:49.656,0.85645,0.85657
2013.03.21 00:55:50.016,0.85645,0.85656
2013.03.21 00:55:50.559,0.85643,0.85657
2013.03.21 00:55:50.818,0.85647,0.85662
2013.03.21 00:55:51.566,0.85647,0.85663
2013.03.21 00:55:51.747,0.85646,0.85663
2013.03.21 00:55:56.150,0.85648,0.85662
2013.03.21 00:55:56.219,0.8565,0.85662
2013.03.21 00:55:56.286,0.85649,0.85665
2013.03.21 00:55:56.467,0.85649,0.85665
2013.03.21 00:55:56.596,0.85649,0.85664
2013.03.21 00:55:57.705,0.85648,0.85664
2013.03.21 00:55:57.888,0.85649,0.85664
2013.03.21 00:55:57.960,0.85651,0.85667
2013.03.21 00:55:58.028,0.85652,0.85669
2013.03.21 00:55:58.218,0.85652,0.85667
2013.03.21 00:55:58.597,0.85652,0.85668
2013.03.21 00:55:58.668,0.85652,0.85668
2013.03.21 00:55:59.166,0.85652,0.85669
2013.03.21 00:55:59.688,0.85654,0.85669
2013.03.21 00:56:00.527,0.85654,0.85669
2013.03.21 00:56:01.068,0.85658,0.85672
2013.03.21 00:56:01.136,0.85658,0.8567
2013.03.21 00:56:01.688,0.85657,0.85673
2013.03.21 00:56:02.236,0.85657,0.85673
2013.03.21 00:56:02.776,0.85657,0.85673
2013.03.21 00:56:04.187,0.85657,0.85673
2013.03.21 00:56:04.496,0.85657,0.85671
2013.03.21 00:56:04.857,0.85657,0.85669
2013.03.21 00:56:04.986,0.85653,0.85669
2013.03.21 00:56:05.178,0.85653,0.85667
2013.03.21 00:56:05.308,0.85649,0.85667
2013.03.21 00:56:05.378,0.85649,0.85666
2013.03.21 00:56:06.147,0.85648,0.85664
2013.03.21 00:56:06.478,0.85651,0.85665
2013.03.21 00:56:06.618,0.85651,0.85667
2013.03.21 00:56:06.689,0.85651,0.85666
2013.03.21 00:56:07.248,0.85651,0.85667
2013.03.21 00:56:07.789,0.85651,0.85665
2013.03.21 00:56:10.504,0.85651,0.85666
2013.03.21 00:56:13.828,0.85652,0.85666
2013.03.21 00:56:14.767,0.85654,0.85669
2013.03.21 00:56:15.306,0.85654,0.8567
2013.03.21 00:56:15.868,0.85654,0.8567
2013.03.21 00:56:16.387,0.85654,0.8567
2013.03.21 00:56:16.926,0.85657,0.8567
2013.03.21 00:56:18.797,0.85657,0.85672
2013.03.21 00:56:18.926,0.85657,0.85672
2013.03.21 00:56:20.777,0.85659,0.85673
2013.03.21 00:56:20.855,0.85657,0.8567
2013.03.21 00:56:21.357,0.85655,0.85669
2013.03.21 00:56:24.656,0.85655,0.8567
2013.03.21 00:56:25.196,0.85655,0.8567
2013.03.21 00:56:28.097,0.85654,0.85669
2013.03.21 00:56:28.927,0.85654,0.85669
2013.03.21 00:56:30.014,0.85654,0.85669
2013.03.21 00:56:32.157,0.85655,0.85668
2013.03.21 00:56:32.396,0.85654,0.85668
2013.03.21 00:56:32.458,0.85654,0.85668
2013.03.21 00:56:32.706,0.85654,0.85667
2013.03.21 00:56:37.198,0.85652,0.85666
2013.03.21 00:56:37.519,0.85649,0.85664
2013.03.21 00:56:38.066,0.85648,0.85662
2013.03.21 00:56:38.730,0.85648,0.85662
2013.03.21 00:56:41.406,0.85647,0.85662
2013.03.21 00:56:41.466,0.85647,0.8566
2013.03.21 00:56:43.686,0.85647,0.85662
2013.03.21 00:56:44.233,0.85648,0.85662
2013.03.21 00:56:47.126,0.85646,0.85661
2013.03.21 00:56:47.187,0.85647,0.85661
2013.03.21 00:56:48.252,0.85645,0.85658
2013.03.21 00:56:48.397,0.85643,0.85659
2013.03.21 00:56:48.527,0.85643,0.85658
2013.03.21 00:56:49.967,0.85643,0.85659
2013.03.21 00:56:50.516,0.85645,0.85661
2013.03.21 00:56:51.068,0.85647,0.85661
2013.03.21 00:56:53.697,0.85647,0.85661
2013.03.21 00:56:54.228,0.85647,0.85661
2013.03.21 00:56:56.577,0.85647,0.85663
2013.03.21 00:56:56.888,0.85648,0.85664
2013.03.21 00:56:57.209,0.85651,0.85665
2013.03.21 00:56:57.340,0.85651,0.85668
2013.03.21 00:56:57.469,0.8565,0.85668
2013.03.21 00:56:57.658,0.85652,0.85668
2013.03.21 00:56:57.966,0.85652,0.85668
2013.03.21 00:57:00.328,0.85656,0.85669
2013.03.21 00:57:00.639,0.85657,0.85669
2013.03.21 00:57:00.837,0.85657,0.85672
2013.03.21 00:57:00.909,0.85657,0.85672
2013.03.21 00:57:00.980,0.85658,0.85673
2013.03.21 00:57:01.408,0.85662,0.85674
2013.03.21 00:57:02.197,0.85661,0.85675
2013.03.21 00:57:02.703,0.85658,0.85674
2013.03.21 00:57:02.766,0.85658,0.85674
2013.03.21 00:57:03.207,0.85658,0.85674
2013.03.21 00:57:03.280,0.85656,0.8567
2013.03.21 00:57:03.409,0.85653,0.85669
2013.03.21 00:57:03.740,0.85652,0.85666
2013.03.21 00:57:04.000,0.85648,0.85665
2013.03.21 00:57:04.128,0.85649,0.85665
2013.03.21 00:57:04.269,0.85647,0.85662
2013.03.21 00:57:04.787,0.85647,0.85662
2013.03.21 00:57:06.757,0.85645,0.85662
2013.03.21 00:57:07.425,0.85645,0.85662
2013.03.21 00:57:09.869,0.85645,0.85662
2013.03.21 00:57:29.118,0.85644,0.85662
2013.03.21 00:57:33.507,0.85645,0.8566
2013.03.21 00:57:35.257,0.85645,0.8566
2013.03.21 00:57:35.805,0.85643,0.85659
2013.03.21 00:57:36.649,0.85643,0.85659
2013.03.21 00:57:45.037,0.85642,0.85658
2013.03.21 00:57:45.345,0.85644,0.8566
2013.03.21 00:57:48.548,0.85644,0.85659
2013.03.21 00:57:49.349,0.85645,0.85659
2013.03.21 00:57:50.137,0.85645,0.85661
2013.03.21 00:57:50.271,0.85645,0.85661
2013.03.21 00:57:50.477,0.85645,0.85662
2013.03.21 00:57:50.625,0.85646,0.85662
2013.03.21 00:57:50.829,0.85646,0.85662
2013.03.21 00:57:51.358,0.85646,0.85662
2013.03.21 00:57:54.458,0.85646,0.8566
2013.03.21 00:57:54.979,0.85644,0.85659
2013.03.21 00:57:55.108,0.85642,0.85658
2013.03.21 00:57:55.238,0.85642,0.85658
2013.03.21 00:57:55.846,0.85642,0.85654
2013.03.21 00:57:56.909,0.85642,0.85654
2013.03.21 00:57:58.969,0.85642,0.85658
2013.03.21 00:57:59.099,0.85642,0.85658
2013.03.21 00:57:59.172,0.85642,0.85658
2013.03.21 00:57:59.297,0.85642,0.85658
2013.03.21 00:57:59.856,0.85643,0.8566
2013.03.21 00:58:00.385,0.85643,0.85659
2013.03.21 00:58:01.066,0.85643,0.85661
2013.03.21 00:58:01.606,0.85645,0.85661
2013.03.21 00:58:04.606,0.85647,0.85663
2013.03.21 00:58:04.726,0.85647,0.85663
2013.03.21 00:58:04.966,0.85648,0.85663
2013.03.21 00:58:05.528,0.8565,0.85664
2013.03.21 00:58:05.657,0.8565,0.85664
2013.03.21 00:58:05.858,0.85649,0.85664
2013.03.21 00:58:05.986,0.85649,0.85663
2013.03.21 00:58:06.851,0.85649,0.85662
2013.03.21 00:58:07.428,0.85649,0.85661
2013.03.21 00:58:07.618,0.85649,0.85661
2013.03.21 00:58:07.877,0.85649,0.85661
2013.03.21 00:58:08.067,0.85647,0.85661
2013.03.21 00:58:08.197,0.85647,0.85663
2013.03.21 00:58:08.327,0.85648,0.85664
2013.03.21 00:58:08.876,0.8565,0.85664
2013.03.21 00:58:09.395,0.8565,0.85664
2013.03.21 00:58:10.848,0.85651,0.85666
2013.03.21 00:58:10.977,0.85651,0.85667
2013.03.21 00:58:11.516,0.85651,0.85667
2013.03.21 00:58:12.677,0.85651,0.85667
2013.03.21 00:58:13.548,0.85651,0.85667
2013.03.21 00:58:14.078,0.85651,0.85667
2013.03.21 00:58:14.208,0.85651,0.85667
2013.03.21 00:58:14.336,0.85651,0.85667
2013.03.21 00:58:14.457,0.85652,0.85667
2013.03.21 00:58:14.708,0.85654,0.8567
2013.03.21 00:58:14.778,0.85654,0.8567
2013.03.21 00:58:15.209,0.85656,0.85672
2013.03.21 00:58:15.517,0.85657,0.85675
2013.03.21 00:58:15.577,0.85657,0.85675
2013.03.21 00:58:16.117,0.85659,0.85676
2013.03.21 00:58:16.670,0.85659,0.85675
2013.03.21 00:58:16.932,0.85658,0.85673
2013.03.21 00:58:17.058,0.85658,0.85672
2013.03.21 00:58:17.258,0.85656,0.85671
2013.03.21 00:58:17.579,0.85655,0.8567
2013.03.21 00:58:18.344,0.85649,0.85664
2013.03.21 00:58:18.443,0.85647,0.85663
2013.03.21 00:58:18.639,0.85645,0.85663
2013.03.21 00:58:19.189,0.85645,0.85661
2013.03.21 00:58:19.700,0.85644,0.85661
2013.03.21 00:58:21.097,0.85644,0.85661
2013.03.21 00:58:23.406,0.85644,0.85661
2013.03.21 00:58:23.708,0.85645,0.85661
2013.03.21 00:58:24.272,0.85645,0.85661
2013.03.21 00:58:28.038,0.85643,0.85659
2013.03.21 00:58:28.588,0.85643,0.85657
2013.03.21 00:58:29.502,0.85641,0.85657
2013.03.21 00:58:29.698,0.85643,0.85658
2013.03.21 00:58:30.371,0.85648,0.85659
2013.03.21 00:58:31.111,0.85647,0.85663
2013.03.21 00:58:31.657,0.8565,0.85666
2013.03.21 00:58:32.259,0.85651,0.85666
2013.03.21 00:58:33.027,0.8565,0.85664
2013.03.21 00:58:33.447,0.85651,0.85665
2013.03.21 00:58:33.568,0.85651,0.85667
2013.03.21 00:58:33.638,0.85652,0.85667
2013.03.21 00:58:33.711,0.85652,0.85668
2013.03.21 00:58:34.146,0.85654,0.85668
2013.03.21 00:58:34.690,0.85654,0.85668
2013.03.21 00:58:35.247,0.85654,0.85668
2013.03.21 00:58:35.558,0.85656,0.8567
2013.03.21 00:58:35.687,0.85655,0.8567
2013.03.21 00:58:35.817,0.85654,0.8567
2013.03.21 00:58:36.136,0.85651,0.85667
2013.03.21 00:58:37.526,0.85655,0.85667
2013.03.21 00:58:37.768,0.85652,0.85669
2013.03.21 00:58:37.896,0.85652,0.85667
2013.03.21 00:58:38.090,0.85655,0.8567
2013.03.21 00:58:38.219,0.85655,0.85672
2013.03.21 00:58:38.766,0.85655,0.85672
2013.03.21 00:58:39.317,0.85656,0.85672
2013.03.21 00:58:39.836,0.85658,0.85672
2013.03.21 00:58:42.026,0.85658,0.85672
2013.03.21 00:58:42.208,0.8566,0.85674
2013.03.21 00:58:42.336,0.8566,0.85674
2013.03.21 00:58:42.758,0.85663,0.85676
2013.03.21 00:58:42.888,0.85663,0.85677
2013.03.21 00:58:43.137,0.85663,0.85677
2013.03.21 00:58:43.854,0.85663,0.85677
2013.03.21 00:58:43.925,0.85662,0.85677
2013.03.21 00:58:44.478,0.85659,0.85675
2013.03.21 00:58:45.026,0.85659,0.85675
2013.03.21 00:58:46.847,0.85657,0.85672
2013.03.21 00:58:46.908,0.85657,0.85671
2013.03.21 00:58:47.467,0.85657,0.85669
2013.03.21 00:58:48.556,0.85657,0.85669
2013.03.21 00:58:49.116,0.85657,0.8567
2013.03.21 00:58:49.316,0.85657,0.8567
2013.03.21 00:58:50.769,0.85657,0.8567
2013.03.21 00:58:51.016,0.85654,0.85669
2013.03.21 00:58:51.198,0.85654,0.85669
2013.03.21 00:58:51.327,0.85654,0.85669
2013.03.21 00:58:55.611,0.85656,0.85669
2013.03.21 00:58:55.807,0.85654,0.85667
2013.03.21 00:58:56.309,0.85653,0.85667
2013.03.21 00:58:56.437,0.85653,0.85667
2013.03.21 00:58:56.806,0.85653,0.85667
2013.03.21 00:58:57.346,0.85651,0.85667
2013.03.21 00:59:01.688,0.8565,0.85665
2013.03.21 00:59:01.828,0.85647,0.85664
2013.03.21 00:59:02.397,0.85648,0.85664
2013.03.21 00:59:02.466,0.85648,0.85662
2013.03.21 00:59:11.706,0.85648,0.85663
2013.03.21 00:59:18.693,0.85648,0.85663
2013.03.21 00:59:19.138,0.85648,0.85663
2013.03.21 00:59:19.388,0.85648,0.85663
2013.03.21 00:59:20.060,0.85645,0.85661
2013.03.21 00:59:20.127,0.85645,0.85661
2013.03.21 00:59:23.910,0.85644,0.85661
2013.03.21 00:59:24.647,0.85643,0.85659
2013.03.21 00:59:35.007,0.85644,0.85658
2013.03.21 00:59:36.358,0.85643,0.85657
2013.03.21 00:59:36.667,0.85642,0.85657
2013.03.21 00:59:37.177,0.85642,0.85657
2013.03.21 00:59:39.541,0.85639,0.85656
2013.03.21 00:59:39.730,0.85637,0.85652
2013.03.21 00:59:48.529,0.85637,0.85652
2013.03.21 00:59:55.706,0.85635,0.85651
2013.03.21 01:00:00.767,0.85637,0.85651
2013.03.21 01:00:01.259,0.85635,0.8565
2013.03.21 01:00:01.710,0.85634,0.8565
2013.03.21 01:00:10.057,0.85636,0.85652
2013.03.21 01:00:11.847,0.85636,0.85652
2013.03.21 01:00:12.268,0.85638,0.85653
2013.03.21 01:00:12.577,0.85638,0.85653
2013.03.21 01:00:13.139,0.85639,0.8565
2013.03.21 01:00:15.259,0.8564,0.8565
2013.03.21 01:00:15.448,0.8564,0.85652
2013.03.21 01:00:16.141,0.85642,0.85652
2013.03.21 01:00:16.699,0.85644,0.85655
2013.03.21 01:00:18.168,0.85646,0.85656
2013.03.21 01:00:18.596,0.85646,0.85658
2013.03.21 01:00:19.697,0.85646,0.85659
2013.03.21 01:00:20.247,0.85647,0.8566
2013.03.21 01:00:20.786,0.85648,0.8566
2013.03.21 01:00:21.338,0.85648,0.85661
2013.03.21 01:00:22.467,0.85648,0.85659
2013.03.21 01:00:23.437,0.85648,0.8566
2013.03.21 01:00:23.566,0.85648,0.8566
2013.03.21 01:00:23.808,0.85646,0.8566
2013.03.21 01:00:24.367,0.85644,0.85658
2013.03.21 01:00:24.926,0.85644,0.85658
2013.03.21 01:00:35.949,0.85644,0.85657
2013.03.21 01:00:37.836,0.85647,0.85658
2013.03.21 01:00:38.436,0.85649,0.8566
2013.03.21 01:00:38.737,0.85648,0.8566
2013.03.21 01:00:39.227,0.85649,0.85657
2013.03.21 01:00:40.606,0.85649,0.85657
2013.03.21 01:00:40.916,0.85649,0.85657
2013.03.21 01:00:41.155,0.8565,0.8566
2013.03.21 01:00:41.219,0.8565,0.8566
2013.03.21 01:00:41.527,0.85651,0.85665
2013.03.21 01:00:42.927,0.85651,0.85665
2013.03.21 01:00:43.056,0.85651,0.85664
2013.03.21 01:00:43.355,0.85651,0.85666
2013.03.21 01:00:43.536,0.85651,0.85664
2013.03.21 01:00:44.026,0.85651,0.85663
2013.03.21 01:00:49.416,0.85651,0.85663
2013.03.21 01:00:51.057,0.85651,0.85663
2013.03.21 01:00:51.607,0.85649,0.85663
2013.03.21 01:00:52.482,0.85649,0.85663
2013.03.21 01:00:55.346,0.85649,0.85663
2013.03.21 01:00:55.896,0.85651,0.85665
2013.03.21 01:00:56.207,0.85652,0.85664
2013.03.21 01:01:02.588,0.85651,0.85664
2013.03.21 01:01:03.016,0.8565,0.85663
2013.03.21 01:01:03.338,0.8565,0.85663
2013.03.21 01:01:05.437,0.8565,0.85663
2013.03.21 01:01:06.219,0.8565,0.85663
2013.03.21 01:01:07.241,0.8565,0.85663
2013.03.21 01:01:07.887,0.8565,0.85663
2013.03.21 01:01:08.436,0.85651,0.85665
2013.03.21 01:01:08.507,0.85651,0.85666
2013.03.21 01:01:09.031,0.85651,0.85666
2013.03.21 01:01:09.876,0.85653,0.85668
2013.03.21 01:01:10.416,0.85653,0.85668
2013.03.21 01:01:12.296,0.85654,0.85668
2013.03.21 01:01:12.417,0.85654,0.85669
2013.03.21 01:01:12.596,0.85655,0.85669
2013.03.21 01:01:12.667,0.85654,0.85669
2013.03.21 01:01:12.737,0.85654,0.85669
2013.03.21 01:01:13.295,0.85654,0.85669
2013.03.21 01:01:15.015,0.85654,0.85669
2013.03.21 01:01:15.555,0.85654,0.85669
2013.03.21 01:01:17.478,0.85654,0.85668
2013.03.21 01:01:17.907,0.85654,0.85667
2013.03.21 01:01:20.356,0.85654,0.85667
2013.03.21 01:01:20.477,0.85654,0.85669
2013.03.21 01:01:21.026,0.85657,0.8567
2013.03.21 01:01:21.487,0.85657,0.8567
2013.03.21 01:01:21.795,0.85657,0.8567
2013.03.21 01:01:22.338,0.85657,0.8567
2013.03.21 01:01:23.145,0.85657,0.8567
2013.03.21 01:01:23.687,0.85657,0.8567
2013.03.21 01:01:25.317,0.85657,0.8567
2013.03.21 01:01:25.968,0.85657,0.8567
2013.03.21 01:01:29.607,0.85657,0.8567
2013.03.21 01:01:30.267,0.85657,0.8567
2013.03.21 01:01:42.003,0.85658,0.85671
2013.03.21 01:01:43.125,0.85658,0.85671
2013.03.21 01:01:48.517,0.85658,0.85671
2013.03.21 01:01:48.892,0.85656,0.85669
2013.03.21 01:01:49.220,0.85654,0.85669
2013.03.21 01:01:49.647,0.85653,0.85667
2013.03.21 01:01:56.796,0.85655,0.85668
2013.03.21 01:01:58.686,0.85652,0.85667
2013.03.21 01:01:59.228,0.85653,0.85668
2013.03.21 01:02:03.476,0.85655,0.85668
2013.03.21 01:02:07.387,0.85653,0.85667
2013.03.21 01:02:07.707,0.85653,0.85666
2013.03.21 01:02:09.548,0.85653,0.85666
2013.03.21 01:02:10.096,0.85653,0.85668
2013.03.21 01:02:13.517,0.85653,0.85668
2013.03.21 01:02:14.065,0.85653,0.85666
2013.03.21 01:02:14.580,0.85653,0.85666
2013.03.21 01:02:16.106,0.85653,0.85665
2013.03.21 01:02:16.167,0.85649,0.85663
2013.03.21 01:02:16.297,0.85648,0.85662
2013.03.21 01:02:16.427,0.85648,0.85664
2013.03.21 01:02:16.626,0.85648,0.85664
2013.03.21 01:02:17.176,0.85648,0.85662
2013.03.21 01:02:17.429,0.85648,0.85663
2013.03.21 01:02:17.735,0.85648,0.85664
2013.03.21 01:02:17.921,0.85651,0.85666
2013.03.21 01:02:18.046,0.85651,0.85666
2013.03.21 01:02:18.168,0.85651,0.85667
2013.03.21 01:02:19.115,0.85651,0.85666
2013.03.21 01:02:19.375,0.85647,0.85663
2013.03.21 01:02:23.098,0.85648,0.85661
2013.03.21 01:02:23.526,0.85646,0.8566
2013.03.21 01:02:23.649,0.85645,0.85659
2013.03.21 01:02:24.028,0.85642,0.85658
2013.03.21 01:02:24.585,0.85643,0.85657
2013.03.21 01:02:25.096,0.85642,0.85655
2013.03.21 01:02:29.267,0.85642,0.85655
2013.03.21 01:02:29.397,0.85642,0.85657
2013.03.21 01:02:29.586,0.85642,0.85657
2013.03.21 01:02:34.229,0.85642,0.85657
2013.03.21 01:02:34.538,0.85647,0.85661
2013.03.21 01:02:35.027,0.85648,0.85661
2013.03.21 01:02:36.797,0.85648,0.8566
2013.03.21 01:02:36.866,0.85648,0.8566
2013.03.21 01:02:37.997,0.85646,0.85659
2013.03.21 01:02:38.187,0.85644,0.85658
2013.03.21 01:02:38.795,0.85643,0.85657
2013.03.21 01:02:39.326,0.85643,0.85657
2013.03.21 01:02:39.747,0.85643,0.85656
2013.03.21 01:02:40.178,0.85643,0.85659
2013.03.21 01:02:40.310,0.85645,0.8566
2013.03.21 01:02:40.378,0.85646,0.85661
2013.03.21 01:02:40.820,0.85644,0.85659
2013.03.21 01:02:40.946,0.85643,0.85658
2013.03.21 01:02:41.448,0.85642,0.85656
2013.03.21 01:02:41.946,0.8564,0.85654
2013.03.21 01:02:42.256,0.8564,0.85654
2013.03.21 01:02:44.276,0.8564,0.85654
2013.03.21 01:02:49.166,0.85642,0.85655
2013.03.21 01:02:49.657,0.85643,0.85656
2013.03.21 01:02:51.986,0.85642,0.85656
2013.03.21 01:02:52.237,0.85639,0.85654
2013.03.21 01:02:52.747,0.85639,0.85654
2013.03.21 01:02:53.236,0.85639,0.85653
2013.03.21 01:02:54.096,0.85638,0.85652
2013.03.21 01:02:54.405,0.85638,0.85652
2013.03.21 01:02:54.945,0.85638,0.85652
2013.03.21 01:03:00.477,0.85637,0.85652
2013.03.21 01:03:01.237,0.85638,0.85652
2013.03.21 01:03:01.747,0.85638,0.8565
2013.03.21 01:03:02.316,0.85638,0.8565
2013.03.21 01:03:02.891,0.85638,0.8565
2013.03.21 01:03:09.399,0.85639,0.85651
2013.03.21 01:03:12.817,0.85639,0.85652
2013.03.21 01:03:12.946,0.8564,0.85653
2013.03.21 01:03:13.016,0.8564,0.85654
2013.03.21 01:03:16.727,0.85643,0.85654
2013.03.21 01:03:25.827,0.85643,0.85654
2013.03.21 01:03:27.587,0.85643,0.85654
2013.03.21 01:03:29.443,0.85643,0.85655
2013.03.21 01:03:33.483,0.85643,0.85655
2013.03.21 01:03:36.146,0.85642,0.85654
2013.03.21 01:03:37.576,0.85642,0.85654
2013.03.21 01:03:37.937,0.85639,0.85652
2013.03.21 01:03:38.074,0.85637,0.85652
2013.03.21 01:03:38.317,0.85639,0.8565
2013.03.21 01:03:39.063,0.85637,0.85649
2013.03.21 01:03:41.026,0.85637,0.85649
2013.03.21 01:03:41.267,0.85636,0.85648
2013.03.21 01:03:41.815,0.85636,0.85647
2013.03.21 01:03:45.025,0.85637,0.85648
2013.03.21 01:03:45.396,0.85638,0.85649
2013.03.21 01:03:45.697,0.85642,0.85652
2013.03.21 01:03:45.768,0.85642,0.85655
2013.03.21 01:03:45.896,0.85643,0.85655
2013.03.21 01:03:46.197,0.85645,0.85656
2013.03.21 01:03:46.329,0.85645,0.85659
2013.03.21 01:03:46.517,0.85647,0.85658
2013.03.21 01:03:47.065,0.85644,0.85656
2013.03.21 01:03:49.866,0.85644,0.85657
2013.03.21 01:03:55.867,0.85645,0.85656
2013.03.21 01:03:56.297,0.85646,0.85658
2013.03.21 01:03:56.477,0.85646,0.85659
2013.03.21 01:03:56.816,0.85649,0.85659
2013.03.21 01:03:56.996,0.85651,0.85662
2013.03.21 01:03:57.535,0.85652,0.85664
2013.03.21 01:03:58.915,0.85651,0.85662
2013.03.21 01:03:58.992,0.85648,0.85662
2013.03.21 01:03:59.371,0.85649,0.85661
2013.03.21 01:04:00.326,0.85649,0.85661
2013.03.21 01:04:01.486,0.85649,0.85661
2013.03.21 01:04:01.681,0.85646,0.8566
2013.03.21 01:04:01.808,0.85646,0.85659
2013.03.21 01:04:05.216,0.85645,0.85657
2013.03.21 01:04:06.323,0.85645,0.85659
2013.03.21 01:04:07.406,0.85645,0.85659
2013.03.21 01:04:07.527,0.85646,0.8566
2013.03.21 01:04:07.836,0.85647,0.8566
2013.03.21 01:04:11.697,0.85645,0.85658
2013.03.21 01:04:12.302,0.85646,0.85658
2013.03.21 01:04:15.020,0.85645,0.85657
2013.03.21 01:04:15.266,0.85644,0.85656
2013.03.21 01:04:17.519,0.85646,0.85656
2013.03.21 01:04:19.376,0.85644,0.85657
2013.03.21 01:04:24.818,0.85645,0.85657
2013.03.21 01:04:24.964,0.85645,0.85657
2013.03.21 01:04:25.851,0.85647,0.85659
2013.03.21 01:04:26.761,0.85646,0.85658
2013.03.21 01:04:26.827,0.85646,0.85658
2013.03.21 01:04:27.367,0.85645,0.85658
2013.03.21 01:04:31.456,0.85645,0.85658
2013.03.21 01:04:31.697,0.85645,0.85657
2013.03.21 01:04:32.372,0.85644,0.85655
2013.03.21 01:04:33.435,0.8564,0.85655
2013.03.21 01:04:33.676,0.85639,0.85655
2013.03.21 01:04:33.976,0.8564,0.85654
2013.03.21 01:04:34.516,0.8564,0.85652
2013.03.21 01:04:34.756,0.85639,0.85652
2013.03.21 01:04:34.935,0.85634,0.85652
2013.03.21 01:04:35.477,0.85634,0.85651
2013.03.21 01:04:36.057,0.85634,0.85651
2013.03.21 01:04:36.701,0.85634,0.85649
2013.03.21 01:04:39.556,0.85634,0.8565
2013.03.21 01:04:40.105,0.85636,0.8565
2013.03.21 01:04:44.137,0.85637,0.8565
2013.03.21 01:04:44.498,0.8564,0.85653
2013.03.21 01:04:45.056,0.85641,0.85652
2013.03.21 01:04:46.065,0.85641,0.85653
2013.03.21 01:04:46.545,0.85641,0.85652
2013.03.21 01:04:48.671,0.85641,0.85653
2013.03.21 01:04:48.800,0.85641,0.85653
2013.03.21 01:04:49.105,0.85641,0.85653
2013.03.21 01:04:50.075,0.85641,0.85653
2013.03.21 01:04:54.167,0.85639,0.85653
2013.03.21 01:04:54.716,0.85639,0.85652
2013.03.21 01:04:55.505,0.85639,0.85651
2013.03.21 01:04:59.457,0.85638,0.85652
2013.03.21 01:04:59.996,0.85638,0.85652
2013.03.21 01:05:00.056,0.85638,0.85652
2013.03.21 01:05:00.118,0.85638,0.85652
2013.03.21 01:05:00.676,0.8564,0.85652
2013.03.21 01:05:01.009,0.8564,0.85652
2013.03.21 01:05:02.027,0.8564,0.85652
2013.03.21 01:05:04.675,0.8564,0.85653
2013.03.21 01:05:05.566,0.85641,0.85653
2013.03.21 01:05:05.686,0.85638,0.85653
2013.03.21 01:05:06.170,0.85641,0.85652
2013.03.21 01:05:08.266,0.85641,0.85652
2013.03.21 01:05:12.595,0.85641,0.85652
2013.03.21 01:05:13.126,0.85641,0.85652
2013.03.21 01:05:13.539,0.8564,0.85652
2013.03.21 01:05:17.266,0.85639,0.85651
2013.03.21 01:05:23.427,0.85638,0.85652
2013.03.21 01:05:23.676,0.85635,0.85651
2013.03.21 01:05:24.196,0.85635,0.8565
2013.03.21 01:05:24.761,0.85635,0.85651
2013.03.21 01:05:25.904,0.85635,0.85651
2013.03.21 01:05:29.557,0.85635,0.85649
2013.03.21 01:05:36.508,0.85635,0.85649
2013.03.21 01:05:37.099,0.85635,0.85649
2013.03.21 01:05:39.358,0.85635,0.85653
2013.03.21 01:05:39.727,0.85638,0.85654
2013.03.21 01:05:40.027,0.8564,0.85655
2013.03.21 01:05:40.627,0.8564,0.85654
2013.03.21 01:05:46.675,0.8564,0.85654
2013.03.21 01:05:58.193,0.8564,0.85654
2013.03.21 01:06:02.337,0.85642,0.85656
2013.03.21 01:06:02.648,0.8564,0.85656
2013.03.21 01:06:03.201,0.85639,0.85655
2013.03.21 01:06:03.327,0.85639,0.85655
2013.03.21 01:06:03.397,0.85638,0.85654
2013.03.21 01:06:03.945,0.85637,0.85653
2013.03.21 01:06:04.144,0.85637,0.85653
2013.03.21 01:06:13.307,0.85636,0.85652
2013.03.21 01:06:13.856,0.85637,0.85652
2013.03.21 01:06:14.455,0.85639,0.85652
2013.03.21 01:06:28.348,0.85641,0.85655
2013.03.21 01:06:28.940,0.85641,0.85655
2013.03.21 01:06:29.317,0.85641,0.85655
2013.03.21 01:06:33.168,0.85641,0.85655
2013.03.21 01:06:40.995,0.85641,0.85655
2013.03.21 01:06:42.662,0.85641,0.85655
2013.03.21 01:06:49.597,0.85641,0.85655
2013.03.21 01:06:53.970,0.85641,0.85655
2013.03.21 01:06:54.218,0.85644,0.85655
2013.03.21 01:06:54.358,0.85645,0.85657
2013.03.21 01:06:54.558,0.85645,0.8566
2013.03.21 01:06:54.927,0.85645,0.85661
2013.03.21 01:06:55.466,0.85647,0.85661
2013.03.21 01:07:18.289,0.85649,0.8566
2013.03.21 01:07:18.668,0.85649,0.85661
2013.03.21 01:07:19.229,0.85651,0.85663
2013.03.21 01:07:20.318,0.85651,0.85663
2013.03.21 01:07:21.857,0.85652,0.85663
2013.03.21 01:07:24.376,0.85652,0.85663
2013.03.21 01:07:24.497,0.85652,0.85665
2013.03.21 01:07:24.797,0.85652,0.85664
2013.03.21 01:07:28.997,0.85652,0.85665
2013.03.21 01:07:30.005,0.85653,0.85664
2013.03.21 01:07:33.748,0.85652,0.85664
2013.03.21 01:07:33.998,0.85653,0.85664
2013.03.21 01:07:34.714,0.85652,0.85664
2013.03.21 01:07:41.777,0.85651,0.85664
2013.03.21 01:07:41.966,0.8565,0.85663
2013.03.21 01:07:42.467,0.85649,0.85661
2013.03.21 01:07:44.297,0.85646,0.85661
2013.03.21 01:07:52.833,0.85646,0.85659
2013.03.21 01:07:54.425,0.85646,0.8566
2013.03.21 01:07:55.211,0.85643,0.85657
2013.03.21 01:07:55.757,0.85643,0.85657
2013.03.21 01:07:56.086,0.85643,0.85656
2013.03.21 01:07:56.883,0.85643,0.85656
2013.03.21 01:07:59.588,0.85643,0.85655
2013.03.21 01:07:59.718,0.85643,0.85655
2013.03.21 01:07:59.787,0.85643,0.85655
2013.03.21 01:08:00.467,0.85642,0.85656
2013.03.21 01:08:00.619,0.85645,0.85657
2013.03.21 01:08:00.687,0.85646,0.85658
2013.03.21 01:08:01.237,0.85647,0.85658
2013.03.21 01:08:09.171,0.85647,0.85659
2013.03.21 01:08:19.476,0.85647,0.85659
2013.03.21 01:08:25.761,0.85644,0.85659
2013.03.21 01:08:28.107,0.85643,0.85659
2013.03.21 01:08:32.797,0.85643,0.85659
2013.03.21 01:08:33.335,0.85644,0.85659
2013.03.21 01:08:40.607,0.85642,0.85659
2013.03.21 01:08:51.747,0.85642,0.85658
2013.03.21 01:09:06.566,0.85643,0.85659
2013.03.21 01:09:09.216,0.85643,0.85658
2013.03.21 01:09:09.576,0.85641,0.85656
2013.03.21 01:09:09.636,0.85641,0.85656
2013.03.21 01:09:09.877,0.85639,0.85655
2013.03.21 01:09:10.427,0.85639,0.85653
2013.03.21 01:09:11.166,0.85639,0.85653
2013.03.21 01:09:11.449,0.85642,0.85656
2013.03.21 01:09:11.519,0.85642,0.85657
2013.03.21 01:09:11.588,0.85642,0.85658
2013.03.21 01:09:12.098,0.85642,0.85658
2013.03.21 01:09:12.752,0.85642,0.85658
2013.03.21 01:09:14.173,0.85642,0.85658
2013.03.21 01:09:14.717,0.85645,0.85658
2013.03.21 01:09:15.453,0.85644,0.85658
2013.03.21 01:09:19.326,0.85644,0.85659
2013.03.21 01:09:23.188,0.85644,0.85659
2013.03.21 01:09:23.437,0.85648,0.85659
2013.03.21 01:09:24.727,0.85648,0.8566
2013.03.21 01:09:25.637,0.85649,0.85662
2013.03.21 01:09:28.069,0.85651,0.85663
2013.03.21 01:09:28.378,0.85651,0.85663
2013.03.21 01:09:28.716,0.85651,0.85663
2013.03.21 01:09:30.576,0.85649,0.85664
2013.03.21 01:09:31.896,0.85649,0.85664
2013.03.21 01:09:32.136,0.85646,0.85661
2013.03.21 01:09:32.260,0.85648,0.85661
2013.03.21 01:09:32.577,0.85648,0.85661
2013.03.21 01:09:33.116,0.85647,0.85661
2013.03.21 01:09:38.696,0.85645,0.85661
2013.03.21 01:09:39.056,0.85644,0.85661
2013.03.21 01:09:42.146,0.85646,0.85661
2013.03.21 01:09:42.686,0.85646,0.85661
2013.03.21 01:09:43.349,0.85648,0.85661
2013.03.21 01:09:47.548,0.85645,0.85661
2013.03.21 01:09:48.057,0.85646,0.85661
2013.03.21 01:09:49.575,0.85645,0.85661
2013.03.21 01:09:50.126,0.85647,0.85661
2013.03.21 01:09:53.357,0.85647,0.85662
2013.03.21 01:09:53.997,0.85649,0.85662
2013.03.21 01:09:54.117,0.85646,0.85662
2013.03.21 01:09:54.239,0.85645,0.8566
2013.03.21 01:09:54.677,0.85643,0.85659
2013.03.21 01:09:55.099,0.85643,0.85657
2013.03.21 01:09:55.647,0.85643,0.85657
2013.03.21 01:10:00.416,0.85641,0.85657
2013.03.21 01:10:00.776,0.85641,0.85657
2013.03.21 01:10:02.016,0.85641,0.85657
2013.03.21 01:10:02.569,0.8564,0.85655
2013.03.21 01:10:03.207,0.85639,0.85655
2013.03.21 01:10:04.047,0.85638,0.85654
2013.03.21 01:10:06.557,0.8564,0.85654
2013.03.21 01:10:06.700,0.8564,0.85654
2013.03.21 01:10:07.246,0.85641,0.85656
2013.03.21 01:10:07.428,0.85641,0.85656
2013.03.21 01:10:14.977,0.85645,0.85658
2013.03.21 01:10:15.527,0.85646,0.85658
2013.03.21 01:10:16.240,0.85646,0.85658
2013.03.21 01:10:16.891,0.85646,0.85658
2013.03.21 01:10:17.877,0.85645,0.85658
2013.03.21 01:10:18.548,0.85646,0.85658
2013.03.21 01:10:19.110,0.85646,0.85658
2013.03.21 01:10:24.047,0.85645,0.85658
2013.03.21 01:10:24.604,0.85644,0.85657
2013.03.21 01:10:26.130,0.85644,0.85657
2013.03.21 01:10:26.978,0.85644,0.85657
2013.03.21 01:10:37.487,0.85643,0.85657
2013.03.21 01:10:38.047,0.85643,0.85657
2013.03.21 01:10:39.058,0.85643,0.85657
2013.03.21 01:10:48.617,0.85641,0.85657
2013.03.21 01:10:48.739,0.85641,0.85656
2013.03.21 01:10:48.987,0.85638,0.85654
2013.03.21 01:10:54.627,0.85644,0.85655
2013.03.21 01:10:55.419,0.85644,0.85657
2013.03.21 01:11:03.609,0.85645,0.85657
2013.03.21 01:11:04.264,0.85645,0.85657
2013.03.21 01:11:22.178,0.85643,0.85657
2013.03.21 01:11:22.738,0.85641,0.85655
2013.03.21 01:11:22.868,0.85643,0.85654
2013.03.21 01:11:26.302,0.85644,0.85655
2013.03.21 01:11:29.898,0.85643,0.85656
2013.03.21 01:11:29.958,0.85643,0.85656
2013.03.21 01:11:30.647,0.85645,0.85655
2013.03.21 01:11:32.436,0.85643,0.85655
2013.03.21 01:11:32.709,0.85644,0.85655
2013.03.21 01:11:33.236,0.85644,0.85655
2013.03.21 01:11:35.256,0.85641,0.85653
2013.03.21 01:11:35.815,0.8564,0.85653
2013.03.21 01:11:37.218,0.8564,0.85653
2013.03.21 01:11:37.740,0.8564,0.85652
2013.03.21 01:11:37.807,0.8564,0.85652
2013.03.21 01:11:38.366,0.8564,0.85652
2013.03.21 01:11:39.438,0.85641,0.85652
2013.03.21 01:11:39.508,0.85641,0.85652
2013.03.21 01:11:40.016,0.85642,0.85656
2013.03.21 01:11:40.198,0.85643,0.85656
2013.03.21 01:11:41.098,0.85641,0.85653
2013.03.21 01:11:41.598,0.8564,0.85653
2013.03.21 01:11:42.870,0.85637,0.85651
2013.03.21 01:11:43.178,0.85639,0.85651
2013.03.21 01:11:43.248,0.85637,0.85651
2013.03.21 01:11:43.799,0.85637,0.85651
2013.03.21 01:11:48.897,0.8564,0.85652
2013.03.21 01:11:50.550,0.8564,0.85653
2013.03.21 01:11:50.618,0.8564,0.85653
2013.03.21 01:11:51.470,0.85642,0.85654
2013.03.21 01:11:52.498,0.85642,0.85654
2013.03.21 01:11:52.634,0.85635,0.85652
2013.03.21 01:11:52.905,0.85638,0.8565
2013.03.21 01:11:53.447,0.85638,0.8565
2013.03.21 01:11:59.018,0.85638,0.8565
2013.03.21 01:12:00.268,0.85638,0.8565
2013.03.21 01:12:02.227,0.85636,0.8565
2013.03.21 01:12:02.468,0.85633,0.85647
2013.03.21 01:12:03.081,0.85633,0.85647
2013.03.21 01:12:03.206,0.85633,0.85647
2013.03.21 01:12:04.198,0.85632,0.85647
2013.03.21 01:12:04.529,0.8563,0.85645
2013.03.21 01:12:04.777,0.85629,0.85644
2013.03.21 01:12:05.703,0.8563,0.85642
2013.03.21 01:12:06.371,0.8563,0.85642
2013.03.21 01:12:09.137,0.85629,0.85642
2013.03.21 01:12:09.678,0.85631,0.85644
2013.03.21 01:12:10.237,0.85633,0.85644
2013.03.21 01:12:11.751,0.85634,0.85643
2013.03.21 01:12:30.917,0.85635,0.85644
2013.03.21 01:12:31.477,0.85635,0.85649
2013.03.21 01:12:31.658,0.85637,0.85649
2013.03.21 01:12:31.978,0.85638,0.85648
2013.03.21 01:12:32.107,0.85637,0.85648
2013.03.21 01:12:32.994,0.85637,0.85648
2013.03.21 01:12:34.808,0.85638,0.85648
2013.03.21 01:12:35.506,0.85638,0.85648
2013.03.21 01:12:46.841,0.85638,0.8565
2013.03.21 01:12:47.161,0.85642,0.8565
2013.03.21 01:12:47.229,0.85642,0.85653
2013.03.21 01:12:47.358,0.85643,0.85656
2013.03.21 01:12:47.858,0.85645,0.85657
2013.03.21 01:12:50.975,0.85645,0.85656
2013.03.21 01:13:14.436,0.85643,0.85657
2013.03.21 01:13:36.621,0.85643,0.85657
2013.03.21 01:13:38.528,0.85647,0.8566
2013.03.21 01:13:38.837,0.85646,0.8566
2013.03.21 01:13:38.957,0.85645,0.8566
2013.03.21 01:13:39.211,0.85643,0.8566
2013.03.21 01:13:43.026,0.85645,0.85659
2013.03.21 01:13:50.528,0.85641,0.85657
2013.03.21 01:13:50.836,0.85644,0.85656
2013.03.21 01:13:51.378,0.85642,0.85658
2013.03.21 01:13:51.717,0.85642,0.85655
2013.03.21 01:13:51.902,0.85642,0.85655
2013.03.21 01:13:52.360,0.85638,0.85653
2013.03.21 01:13:52.678,0.85638,0.85652
2013.03.21 01:13:53.289,0.85638,0.85653
2013.03.21 01:13:55.877,0.85637,0.85653
2013.03.21 01:14:02.995,0.8564,0.85653
2013.03.21 01:14:03.062,0.85642,0.85655
2013.03.21 01:14:03.631,0.85642,0.85655
2013.03.21 01:14:04.159,0.85643,0.85656
2013.03.21 01:14:04.409,0.85643,0.85656
2013.03.21 01:14:04.839,0.85641,0.85656
2013.03.21 01:14:05.386,0.85641,0.85656
2013.03.21 01:14:06.568,0.85641,0.85656
2013.03.21 01:14:06.699,0.85639,0.85654
2013.03.21 01:14:06.907,0.85639,0.85654
2013.03.21 01:14:07.328,0.85638,0.85653
2013.03.21 01:14:07.710,0.85636,0.85652
2013.03.21 01:14:08.217,0.85634,0.8565
2013.03.21 01:14:08.821,0.85634,0.8565
2013.03.21 01:14:09.340,0.85634,0.85649
2013.03.21 01:14:09.410,0.85634,0.85649
2013.03.21 01:14:09.748,0.8563,0.85646
2013.03.21 01:14:10.178,0.8563,0.85646
2013.03.21 01:14:10.307,0.8563,0.85647
2013.03.21 01:14:10.847,0.8563,0.85646
2013.03.21 01:14:14.278,0.85631,0.85646
2013.03.21 01:14:14.714,0.85631,0.85646
2013.03.21 01:14:16.707,0.85632,0.85647
2013.03.21 01:14:16.827,0.85632,0.85649
2013.03.21 01:14:17.558,0.85636,0.85649
2013.03.21 01:14:18.107,0.85637,0.85648
2013.03.21 01:14:18.469,0.85636,0.85651
2013.03.21 01:14:19.067,0.85636,0.85651
2013.03.21 01:14:20.357,0.85636,0.85651
2013.03.21 01:14:20.913,0.85636,0.85651
2013.03.21 01:14:22.107,0.85635,0.85651
2013.03.21 01:14:24.768,0.85634,0.8565
2013.03.21 01:14:25.327,0.85634,0.8565
2013.03.21 01:14:25.997,0.85634,0.8565
2013.03.21 01:14:26.177,0.85633,0.8565
2013.03.21 01:14:26.417,0.85633,0.8565
2013.03.21 01:14:26.637,0.85633,0.8565
2013.03.21 01:14:28.967,0.85635,0.8565
2013.03.21 01:14:29.837,0.85635,0.8565
2013.03.21 01:14:30.381,0.85632,0.85648
2013.03.21 01:14:31.054,0.85632,0.85648
2013.03.21 01:14:31.678,0.85631,0.85648
2013.03.21 01:14:32.258,0.85631,0.85648
2013.03.21 01:14:32.455,0.85631,0.85645
2013.03.21 01:14:33.187,0.8563,0.85645
2013.03.21 01:14:34.939,0.8563,0.85646
2013.03.21 01:14:35.487,0.8563,0.85646
2013.03.21 01:14:37.438,0.8563,0.85646
2013.03.21 01:14:37.880,0.85632,0.85646
2013.03.21 01:14:39.197,0.85632,0.85648
2013.03.21 01:14:39.287,0.85632,0.85648
2013.03.21 01:14:40.568,0.85631,0.85647
2013.03.21 01:14:40.878,0.85629,0.85645
2013.03.21 01:14:41.379,0.85629,0.85644
2013.03.21 01:14:41.747,0.85629,0.85643
2013.03.21 01:14:42.331,0.85627,0.85643
2013.03.21 01:14:44.711,0.85627,0.85643
2013.03.21 01:14:44.897,0.85627,0.85643
2013.03.21 01:14:45.257,0.8563,0.85644
2013.03.21 01:14:45.797,0.8563,0.85644
2013.03.21 01:14:46.347,0.8563,0.85647
2013.03.21 01:14:46.866,0.8563,0.85647
2013.03.21 01:14:47.307,0.8563,0.85645
2013.03.21 01:14:48.040,0.85634,0.85648
2013.03.21 01:14:48.109,0.85634,0.85648
2013.03.21 01:14:48.357,0.85634,0.85648
2013.03.21 01:14:50.008,0.85634,0.85648
2013.03.21 01:14:50.630,0.85632,0.85648
2013.03.21 01:14:51.149,0.85632,0.85646
2013.03.21 01:15:01.897,0.85634,0.85646
2013.03.21 01:15:02.408,0.85634,0.85646
2013.03.21 01:15:13.567,0.85633,0.85648
2013.03.21 01:15:15.595,0.85633,0.85648
2013.03.21 01:15:16.648,0.85633,0.85648
2013.03.21 01:15:17.386,0.85633,0.85647
2013.03.21 01:15:22.379,0.85636,0.85647
2013.03.21 01:15:22.819,0.85635,0.85649
2013.03.21 01:15:23.367,0.85638,0.8565
2013.03.21 01:15:23.678,0.85637,0.8565
2013.03.21 01:15:23.798,0.85637,0.85648
2013.03.21 01:15:31.488,0.85636,0.85648
2013.03.21 01:15:31.987,0.85638,0.8565
2013.03.21 01:15:32.411,0.85638,0.85652
2013.03.21 01:15:32.963,0.85638,0.85652
2013.03.21 01:15:34.847,0.85638,0.85652
2013.03.21 01:15:35.497,0.85641,0.85652
2013.03.21 01:15:35.617,0.8564,0.85652
2013.03.21 01:15:35.799,0.85641,0.85652
2013.03.21 01:15:43.979,0.85641,0.85652
2013.03.21 01:15:44.408,0.85637,0.85651
2013.03.21 01:15:44.958,0.85637,0.8565
2013.03.21 01:15:45.677,0.85638,0.85651
2013.03.21 01:15:45.738,0.85638,0.85651
2013.03.21 01:15:45.807,0.8564,0.85651
2013.03.21 01:15:46.472,0.85635,0.85651
2013.03.21 01:15:46.840,0.85635,0.85651
2013.03.21 01:15:47.060,0.85635,0.85651
2013.03.21 01:15:47.367,0.85639,0.85651
2013.03.21 01:15:47.628,0.8564,0.85651
2013.03.21 01:15:51.599,0.85639,0.85651
2013.03.21 01:15:52.179,0.85639,0.85651
2013.03.21 01:15:52.697,0.85638,0.85651
2013.03.21 01:15:53.869,0.85638,0.85651
2013.03.21 01:15:54.432,0.85639,0.85651
2013.03.21 01:15:58.051,0.85638,0.85651
2013.03.21 01:15:58.180,0.8564,0.85651
2013.03.21 01:16:00.342,0.8564,0.85651
2013.03.21 01:16:04.300,0.8564,0.85653
2013.03.21 01:16:04.848,0.8564,0.85653
2013.03.21 01:16:13.980,0.8564,0.85653
2013.03.21 01:16:14.227,0.8564,0.85653
2013.03.21 01:16:14.648,0.85641,0.85654
2013.03.21 01:16:17.637,0.85641,0.85654
2013.03.21 01:16:19.507,0.85641,0.85655
2013.03.21 01:16:27.207,0.8564,0.85654
2013.03.21 01:16:27.708,0.85641,0.85654
2013.03.21 01:16:30.969,0.85639,0.85653
2013.03.21 01:16:41.940,0.85639,0.85654
2013.03.21 01:17:15.419,0.8564,0.85654
2013.03.21 01:17:16.037,0.8564,0.85654
2013.03.21 01:17:22.185,0.85638,0.85653
2013.03.21 01:17:22.447,0.85636,0.85651
2013.03.21 01:17:23.407,0.85635,0.8565
2013.03.21 01:17:25.165,0.85635,0.8565
2013.03.21 01:17:25.679,0.85635,0.85647
2013.03.21 01:17:25.751,0.8563,0.85647
2013.03.21 01:17:26.263,0.85631,0.85647
2013.03.21 01:17:27.414,0.85631,0.85647
2013.03.21 01:17:29.218,0.85631,0.85646
2013.03.21 01:17:29.755,0.85631,0.85646
2013.03.21 01:17:35.838,0.85632,0.85646
2013.03.21 01:17:38.067,0.85632,0.85646
2013.03.21 01:17:52.477,0.8563,0.85645
2013.03.21 01:17:53.018,0.8563,0.85645
2013.03.21 01:17:54.587,0.85633,0.85646
2013.03.21 01:17:54.767,0.85633,0.85646
2013.03.21 01:17:55.017,0.85634,0.85646
2013.03.21 01:18:21.709,0.85631,0.85646
2013.03.21 01:18:21.838,0.8563,0.85646
2013.03.21 01:18:22.824,0.8563,0.85645
2013.03.21 01:18:26.677,0.8563,0.85645
2013.03.21 01:18:29.182,0.85627,0.85642
2013.03.21 01:18:29.860,0.85627,0.85641
2013.03.21 01:18:35.608,0.85627,0.85641
2013.03.21 01:18:38.319,0.85628,0.85644
2013.03.21 01:18:38.830,0.8563,0.85644
2013.03.21 01:18:38.897,0.8563,0.85644
2013.03.21 01:18:43.275,0.85628,0.85644
2013.03.21 01:18:44.331,0.85628,0.85644
2013.03.21 01:18:44.878,0.85628,0.85642
2013.03.21 01:18:46.320,0.8563,0.85644
2013.03.21 01:18:46.507,0.85628,0.85644
2013.03.21 01:18:46.930,0.85628,0.85644
2013.03.21 01:18:47.388,0.85629,0.85644
2013.03.21 01:18:47.697,0.8563,0.85645
2013.03.21 01:18:48.237,0.85631,0.85643
2013.03.21 01:18:50.767,0.85631,0.85643
2013.03.21 01:18:55.584,0.85633,0.85647
2013.03.21 01:18:55.921,0.85632,0.85647
2013.03.21 01:18:56.230,0.85633,0.85647
2013.03.21 01:18:57.667,0.85633,0.85648
2013.03.21 01:19:29.850,0.85633,0.85648
2013.03.21 01:19:53.469,0.85633,0.85646
2013.03.21 01:19:53.538,0.85633,0.85646
2013.03.21 01:19:54.018,0.85629,0.85644
2013.03.21 01:19:54.089,0.85629,0.85644
2013.03.21 01:19:54.687,0.85631,0.85644
2013.03.21 01:19:59.389,0.85632,0.85646
2013.03.21 01:19:59.938,0.85632,0.85647
2013.03.21 01:20:02.268,0.85632,0.85647
2013.03.21 01:20:10.673,0.85631,0.85646
2013.03.21 01:20:11.375,0.85631,0.85646
2013.03.21 01:20:12.907,0.85631,0.85646
2013.03.21 01:20:13.218,0.85631,0.85647
2013.03.21 01:20:13.880,0.85631,0.85647
2013.03.21 01:20:14.529,0.85634,0.85647
2013.03.21 01:20:17.419,0.85634,0.85647
2013.03.21 01:20:17.948,0.85634,0.85647
2013.03.21 01:20:18.560,0.85634,0.85647
2013.03.21 01:20:22.129,0.85633,0.85647
2013.03.21 01:20:22.669,0.85633,0.85646
2013.03.21 01:20:41.229,0.85631,0.85646
2013.03.21 01:20:41.361,0.85629,0.85644
2013.03.21 01:20:42.039,0.85629,0.85644
2013.03.21 01:20:42.570,0.8563,0.85644
2013.03.21 01:20:49.811,0.85632,0.85645
2013.03.21 01:20:50.109,0.85635,0.85645
2013.03.21 01:20:50.313,0.85635,0.8565
2013.03.21 01:20:50.380,0.85636,0.85649
2013.03.21 01:20:50.568,0.85635,0.85651
2013.03.21 01:20:50.749,0.85635,0.85651
2013.03.21 01:20:51.250,0.85635,0.85651
2013.03.21 01:20:51.738,0.85634,0.85649
2013.03.21 01:20:51.929,0.85634,0.85648
2013.03.21 01:20:52.478,0.85631,0.85646
2013.03.21 01:20:52.988,0.85631,0.85646
2013.03.21 01:20:53.601,0.85631,0.85646
2013.03.21 01:20:54.117,0.85631,0.85646
2013.03.21 01:20:54.627,0.85631,0.85646
2013.03.21 01:20:55.927,0.85631,0.85645
2013.03.21 01:20:56.467,0.85628,0.85645
2013.03.21 01:21:05.387,0.85628,0.85645
2013.03.21 01:21:09.049,0.85631,0.85647
2013.03.21 01:21:09.729,0.85631,0.85647
2013.03.21 01:21:09.919,0.8563,0.85647
2013.03.21 01:21:10.477,0.8563,0.85647
2013.03.21 01:21:11.412,0.8563,0.85647
2013.03.21 01:21:20.688,0.8563,0.85647
2013.03.21 01:21:25.464,0.85635,0.85651
2013.03.21 01:21:25.956,0.85635,0.85651
2013.03.21 01:21:26.087,0.85635,0.85651
2013.03.21 01:21:26.778,0.85635,0.85651
2013.03.21 01:21:31.938,0.85636,0.85651
2013.03.21 01:21:32.478,0.85636,0.85651
2013.03.21 01:21:45.910,0.85636,0.8565
2013.03.21 01:21:49.748,0.85634,0.8565
2013.03.21 01:21:49.868,0.85634,0.8565
2013.03.21 01:21:50.108,0.85636,0.85651
2013.03.21 01:21:50.685,0.85636,0.85652
2013.03.21 01:21:51.078,0.85636,0.85652
2013.03.21 01:21:51.617,0.85636,0.85652
2013.03.21 01:21:59.518,0.85636,0.85651
2013.03.21 01:22:02.179,0.85635,0.8565
2013.03.21 01:22:05.688,0.85634,0.8565
2013.03.21 01:22:11.549,0.85635,0.8565
2013.03.21 01:22:12.058,0.85634,0.8565
2013.03.21 01:22:13.634,0.85635,0.85651
2013.03.21 01:22:14.190,0.85635,0.85649
2013.03.21 01:22:16.402,0.85635,0.8565
2013.03.21 01:22:18.688,0.85635,0.8565
2013.03.21 01:22:21.394,0.85635,0.85651
2013.03.21 01:22:26.289,0.85636,0.85652
2013.03.21 01:22:29.576,0.85636,0.85652
2013.03.21 01:22:32.591,0.85636,0.85652
2013.03.21 01:22:32.920,0.85636,0.8565
2013.03.21 01:22:33.048,0.85636,0.8565
2013.03.21 01:22:33.788,0.85636,0.85651
2013.03.21 01:22:34.660,0.85636,0.85652
2013.03.21 01:22:38.858,0.85636,0.85652
2013.03.21 01:22:53.119,0.85637,0.85651
2013.03.21 01:22:53.248,0.85637,0.85652
2013.03.21 01:22:57.529,0.8564,0.85652
2013.03.21 01:22:58.078,0.85639,0.85653
2013.03.21 01:22:58.198,0.85639,0.85652
2013.03.21 01:22:58.321,0.85639,0.85652
2013.03.21 01:22:59.228,0.8564,0.85652
2013.03.21 01:22:59.729,0.85637,0.85652
2013.03.21 01:22:59.800,0.85637,0.85654
2013.03.21 01:23:00.480,0.85637,0.85654
2013.03.21 01:23:00.791,0.85637,0.85654
2013.03.21 01:23:01.338,0.85638,0.85653
2013.03.21 01:23:01.880,0.85639,0.85653
2013.03.21 01:23:13.187,0.85637,0.85652
2013.03.21 01:23:13.832,0.85637,0.85652
2013.03.21 01:23:26.629,0.85637,0.85651
2013.03.21 01:23:30.368,0.85637,0.85651
2013.03.21 01:23:45.131,0.85637,0.85652
2013.03.21 01:24:03.409,0.85637,0.85651
2013.03.21 01:24:06.130,0.85637,0.85651
2013.03.21 01:24:06.441,0.85634,0.8565
2013.03.21 01:24:10.868,0.85634,0.8565
2013.03.21 01:24:10.988,0.85632,0.8565
2013.03.21 01:24:11.562,0.85632,0.8565
2013.03.21 01:24:18.127,0.85634,0.85649
2013.03.21 01:24:23.498,0.85635,0.85651
2013.03.21 01:24:23.918,0.85635,0.85651
2013.03.21 01:24:36.277,0.85636,0.85651
2013.03.21 01:24:37.778,0.85636,0.85651
2013.03.21 01:24:41.867,0.85636,0.85649
2013.03.21 01:24:55.339,0.85636,0.85649
2013.03.21 01:24:55.898,0.85637,0.85649
2013.03.21 01:25:03.589,0.85637,0.85651
2013.03.21 01:25:03.709,0.85637,0.85651
2013.03.21 01:25:04.438,0.85638,0.85653
2013.03.21 01:25:04.888,0.85637,0.85653
2013.03.21 01:25:05.327,0.85637,0.85653
2013.03.21 01:25:08.999,0.85637,0.85653
2013.03.21 01:25:09.988,0.85637,0.85653
2013.03.21 01:25:13.677,0.85637,0.85653
2013.03.21 01:25:14.698,0.85637,0.85653
2013.03.21 01:25:14.774,0.85637,0.85653
2013.03.21 01:25:14.908,0.85637,0.85653
2013.03.21 01:25:15.593,0.85637,0.85653
2013.03.21 01:25:16.203,0.85637,0.85653
2013.03.21 01:25:16.928,0.85637,0.85653
2013.03.21 01:25:23.463,0.85638,0.85653
2013.03.21 01:25:27.533,0.85638,0.85653
2013.03.21 01:25:30.547,0.85638,0.85652
2013.03.21 01:25:42.758,0.85639,0.85652
2013.03.21 01:25:43.059,0.85639,0.85653
2013.03.21 01:25:43.189,0.85639,0.85655
2013.03.21 01:25:43.501,0.85642,0.85655
2013.03.21 01:25:43.931,0.85644,0.85657
2013.03.21 01:25:44.400,0.85646,0.85657
2013.03.21 01:25:45.538,0.85646,0.8566
2013.03.21 01:25:45.660,0.85647,0.8566
2013.03.21 01:25:45.849,0.85647,0.85661
2013.03.21 01:25:46.270,0.85648,0.85661
2013.03.21 01:25:46.829,0.85648,0.85661
2013.03.21 01:25:50.809,0.85647,0.8566
2013.03.21 01:25:51.109,0.85642,0.85658
2013.03.21 01:25:51.180,0.85642,0.85658
2013.03.21 01:25:51.729,0.85643,0.85658
2013.03.21 01:25:54.860,0.85643,0.85659
2013.03.21 01:25:54.929,0.85645,0.85659
2013.03.21 01:25:55.528,0.85648,0.8566
