Time,Bid,Ask
2013.03.28 00:00:00.141,0.84443,0.84456
2013.03.28 00:00:00.643,0.84445,0.84456
2013.03.28 00:00:00.763,0.84445,0.84458
2013.03.28 00:00:01.265,0.84444,0.84458
2013.03.28 00:00:01.793,0.84443,0.84457
2013.03.28 00:00:05.918,0.84445,0.8446
2013.03.28 00:00:06.045,0.84445,0.84461
2013.03.28 00:00:06.424,0.84448,0.84463
2013.03.28 00:00:06.615,0.84448,0.84463
2013.03.28 00:00:06.924,0.84449,0.84464
2013.03.28 00:00:06.984,0.84451,0.84465
2013.03.28 00:00:07.224,0.84451,0.84464
2013.03.28 00:00:08.015,0.84451,0.84465
2013.03.28 00:00:08.445,0.84449,0.84464
2013.03.28 00:00:10.515,0.84448,0.84464
2013.03.28 00:00:17.083,0.84446,0.84462
2013.03.28 00:00:20.223,0.84447,0.84461
2013.03.28 00:00:28.373,0.84447,0.84461
2013.03.28 00:00:28.515,0.84447,0.84462
2013.03.28 00:00:28.587,0.84451,0.84465
2013.03.28 00:00:29.143,0.84448,0.84463
2013.03.28 00:00:31.385,0.8445,0.84465
2013.03.28 00:00:31.935,0.84451,0.84465
2013.03.28 00:00:35.624,0.84452,0.84465
2013.03.28 00:00:53.777,0.84452,0.84465
2013.03.28 00:00:55.766,0.84452,0.84466
2013.03.28 00:01:07.177,0.84453,0.84464
2013.03.28 00:01:07.546,0.84453,0.84464
2013.03.28 00:01:07.808,0.84453,0.84467
2013.03.28 00:01:07.881,0.84456,0.84467
2013.03.28 00:01:08.019,0.84453,0.84467
2013.03.28 00:01:08.159,0.84453,0.84467
2013.03.28 00:01:08.299,0.84452,0.84464
2013.03.28 00:01:08.371,0.84452,0.84464
2013.03.28 00:01:08.710,0.8445,0.84464
2013.03.28 00:01:08.956,0.8445,0.84464
2013.03.28 00:01:09.325,0.8445,0.84462
2013.03.28 00:01:10.535,0.84448,0.84462
2013.03.28 00:01:10.844,0.84448,0.84462
2013.03.28 00:01:11.395,0.84448,0.84462
2013.03.28 00:01:11.944,0.84448,0.84462
2013.03.28 00:01:12.687,0.84448,0.84463
2013.03.28 00:01:13.256,0.84449,0.84465
2013.03.28 00:01:14.155,0.84451,0.84465
2013.03.28 00:01:20.575,0.8445,0.84464
2013.03.28 00:01:25.155,0.8445,0.84462
2013.03.28 00:01:26.319,0.84451,0.84462
2013.03.28 00:01:26.518,0.84451,0.84464
2013.03.28 00:01:26.716,0.84456,0.84467
2013.03.28 00:01:28.145,0.84454,0.84467
2013.03.28 00:01:28.476,0.84454,0.84468
2013.03.28 00:01:29.291,0.84454,0.84467
2013.03.28 00:01:29.438,0.84456,0.84467
2013.03.28 00:01:29.990,0.84456,0.84467
2013.03.28 00:01:35.840,0.84457,0.84467
2013.03.28 00:01:36.090,0.8446,0.8447
2013.03.28 00:01:36.156,0.84456,0.8447
2013.03.28 00:01:36.286,0.84456,0.8447
2013.03.28 00:01:36.414,0.84459,0.8447
2013.03.28 00:01:37.015,0.84461,0.8447
2013.03.28 00:01:37.564,0.84456,0.8447
2013.03.28 00:01:38.499,0.84456,0.8447
2013.03.28 00:01:39.045,0.84456,0.8447
2013.03.28 00:01:41.062,0.84456,0.8447
2013.03.28 00:01:44.534,0.84456,0.8447
2013.03.28 00:01:45.075,0.8446,0.8447
2013.03.28 00:01:45.576,0.84458,0.84471
2013.03.28 00:01:46.090,0.84458,0.8447
2013.03.28 00:01:46.707,0.84458,0.8447
2013.03.28 00:01:50.284,0.84458,0.84471
2013.03.28 00:01:50.815,0.84458,0.8447
2013.03.28 00:01:52.866,0.84458,0.8447
2013.03.28 00:01:54.186,0.84457,0.84469
2013.03.28 00:01:55.380,0.84457,0.84469
2013.03.28 00:02:01.024,0.84457,0.84468
2013.03.28 00:02:08.646,0.84456,0.84468
2013.03.28 00:02:09.266,0.84454,0.84467
2013.03.28 00:02:10.069,0.84454,0.84467
2013.03.28 00:02:20.754,0.84456,0.84467
2013.03.28 00:02:22.386,0.84456,0.84467
2013.03.28 00:02:23.999,0.84455,0.84467
2013.03.28 00:02:29.324,0.84455,0.84465
2013.03.28 00:02:29.874,0.84455,0.84465
2013.03.28 00:02:34.335,0.84455,0.84466
2013.03.28 00:02:34.826,0.84453,0.84468
2013.03.28 00:02:35.384,0.84456,0.84468
2013.03.28 00:02:36.869,0.84456,0.84467
2013.03.28 00:02:39.464,0.84456,0.84467
2013.03.28 00:02:40.904,0.84456,0.84467
2013.03.28 00:02:40.975,0.84455,0.84466
2013.03.28 00:02:42.265,0.84454,0.84466
2013.03.28 00:02:46.195,0.84454,0.84466
2013.03.28 00:03:01.204,0.84454,0.84465
2013.03.28 00:03:07.575,0.84453,0.84465
2013.03.28 00:03:09.366,0.84453,0.84465
2013.03.28 00:03:10.995,0.84454,0.84465
2013.03.28 00:03:11.497,0.84453,0.84465
2013.03.28 00:03:22.155,0.84452,0.84465
2013.03.28 00:03:24.570,0.84453,0.84465
2013.03.28 00:03:25.115,0.84451,0.84465
2013.03.28 00:03:29.313,0.84451,0.84465
2013.03.28 00:03:30.485,0.84451,0.84462
2013.03.28 00:03:31.821,0.84451,0.84462
2013.03.28 00:03:32.135,0.84451,0.84461
2013.03.28 00:03:32.395,0.8445,0.84463
2013.03.28 00:03:41.834,0.84451,0.84464
2013.03.28 00:03:55.954,0.84451,0.84464
2013.03.28 00:04:01.238,0.84451,0.84465
2013.03.28 00:04:28.878,0.84452,0.84464
2013.03.28 00:04:30.057,0.84451,0.84464
2013.03.28 00:04:40.165,0.8445,0.84463
2013.03.28 00:04:40.234,0.8445,0.84462
2013.03.28 00:04:40.294,0.8445,0.84462
2013.03.28 00:04:40.835,0.84449,0.84462
2013.03.28 00:04:41.745,0.84451,0.84462
2013.03.28 00:04:42.246,0.84454,0.84465
2013.03.28 00:04:42.318,0.84454,0.84465
2013.03.28 00:04:42.644,0.84454,0.84465
2013.03.28 00:04:52.177,0.8445,0.84463
2013.03.28 00:04:53.025,0.84451,0.84463
2013.03.28 00:05:00.224,0.84454,0.84465
2013.03.28 00:05:09.425,0.84451,0.84464
2013.03.28 00:05:09.914,0.8445,0.84462
2013.03.28 00:05:10.225,0.84453,0.84464
2013.03.28 00:05:14.194,0.84451,0.84463
2013.03.28 00:05:19.284,0.84449,0.84463
2013.03.28 00:05:19.584,0.84449,0.84461
2013.03.28 00:05:21.224,0.84449,0.84462
2013.03.28 00:05:21.283,0.84449,0.84462
2013.03.28 00:05:21.586,0.84452,0.84461
2013.03.28 00:05:21.655,0.84452,0.84462
2013.03.28 00:05:21.716,0.84452,0.84464
2013.03.28 00:05:24.615,0.84453,0.84464
2013.03.28 00:05:24.927,0.84453,0.84464
2013.03.28 00:05:25.234,0.84453,0.84464
2013.03.28 00:05:25.391,0.84453,0.84464
2013.03.28 00:05:25.694,0.84453,0.84464
2013.03.28 00:05:25.934,0.84453,0.84462
2013.03.28 00:05:26.234,0.84453,0.84464
2013.03.28 00:05:26.413,0.84453,0.84464
2013.03.28 00:05:26.714,0.84453,0.84464
2013.03.28 00:05:26.953,0.84453,0.84461
2013.03.28 00:05:27.195,0.84453,0.84464
2013.03.28 00:05:27.684,0.84451,0.84464
2013.03.28 00:05:28.197,0.84451,0.84464
2013.03.28 00:05:34.036,0.84451,0.84464
2013.03.28 00:05:34.105,0.84451,0.84465
2013.03.28 00:05:34.466,0.84453,0.84469
2013.03.28 00:05:34.776,0.84454,0.84468
2013.03.28 00:05:38.420,0.84454,0.84467
2013.03.28 00:05:51.024,0.84453,0.84466
2013.03.28 00:05:52.925,0.84453,0.84467
2013.03.28 00:06:03.165,0.84453,0.84467
2013.03.28 00:06:16.986,0.84453,0.84465
2013.03.28 00:06:31.457,0.84457,0.84466
2013.03.28 00:06:31.773,0.84458,0.84466
2013.03.28 00:06:31.899,0.84458,0.84467
2013.03.28 00:06:32.148,0.84455,0.84469
2013.03.28 00:06:32.335,0.84455,0.84468
2013.03.28 00:06:32.695,0.84455,0.84466
2013.03.28 00:06:41.355,0.84455,0.84465
2013.03.28 00:06:49.064,0.84455,0.84464
2013.03.28 00:06:49.614,0.84455,0.84465
2013.03.28 00:07:01.825,0.84454,0.84465
2013.03.28 00:07:03.294,0.84455,0.84465
2013.03.28 00:07:03.715,0.84455,0.84468
2013.03.28 00:07:04.618,0.84455,0.84467
2013.03.28 00:07:04.692,0.84452,0.84464
2013.03.28 00:07:04.815,0.84452,0.84465
2013.03.28 00:07:05.365,0.84452,0.84464
2013.03.28 00:07:08.425,0.84451,0.84464
2013.03.28 00:07:08.746,0.84448,0.84463
2013.03.28 00:07:09.236,0.84448,0.84459
2013.03.28 00:07:09.784,0.84447,0.84459
2013.03.28 00:07:13.595,0.84448,0.84459
2013.03.28 00:07:14.356,0.84448,0.8446
2013.03.28 00:07:14.907,0.84448,0.84461
2013.03.28 00:07:15.425,0.84448,0.84462
2013.03.28 00:07:15.547,0.84448,0.84462
2013.03.28 00:07:21.666,0.84448,0.84461
2013.03.28 00:07:22.642,0.84448,0.84461
2013.03.28 00:07:23.185,0.84448,0.84461
2013.03.28 00:07:25.114,0.84452,0.84461
2013.03.28 00:07:25.855,0.84451,0.84464
2013.03.28 00:07:26.096,0.8445,0.84464
2013.03.28 00:07:26.719,0.84447,0.84461
2013.03.28 00:07:36.571,0.84445,0.84461
2013.03.28 00:07:36.638,0.84445,0.84461
2013.03.28 00:07:36.766,0.84444,0.84459
2013.03.28 00:07:37.186,0.84444,0.84459
2013.03.28 00:07:37.736,0.84444,0.84458
2013.03.28 00:07:38.246,0.84444,0.84457
2013.03.28 00:07:38.794,0.84444,0.84455
2013.03.28 00:07:38.975,0.84445,0.84459
2013.03.28 00:07:39.224,0.84445,0.84457
2013.03.28 00:07:39.404,0.84445,0.84458
2013.03.28 00:07:40.225,0.84445,0.84457
2013.03.28 00:07:40.745,0.84445,0.84457
2013.03.28 00:07:40.935,0.84445,0.84458
2013.03.28 00:07:41.684,0.84445,0.84457
2013.03.28 00:07:41.956,0.84445,0.84459
2013.03.28 00:07:42.205,0.84445,0.84457
2013.03.28 00:07:42.505,0.84445,0.84458
2013.03.28 00:07:43.168,0.84445,0.84457
2013.03.28 00:07:43.675,0.84445,0.84457
2013.03.28 00:07:44.480,0.84445,0.84459
2013.03.28 00:07:44.551,0.84445,0.84458
2013.03.28 00:08:05.226,0.84445,0.84459
2013.03.28 00:08:05.416,0.84446,0.84457
2013.03.28 00:08:05.736,0.84446,0.84458
2013.03.28 00:08:06.403,0.84446,0.84458
2013.03.28 00:08:08.244,0.84445,0.84458
2013.03.28 00:08:08.755,0.84444,0.84458
2013.03.28 00:08:08.874,0.84445,0.84458
2013.03.28 00:08:11.576,0.84444,0.84456
2013.03.28 00:08:11.839,0.84442,0.84458
2013.03.28 00:08:12.612,0.84442,0.84457
2013.03.28 00:08:12.686,0.84442,0.84455
2013.03.28 00:08:16.217,0.84441,0.84453
2013.03.28 00:08:39.445,0.84441,0.84453
2013.03.28 00:08:48.177,0.84441,0.84453
2013.03.28 00:08:48.559,0.84441,0.84455
2013.03.28 00:08:48.688,0.84443,0.84457
2013.03.28 00:08:49.156,0.84443,0.84455
2013.03.28 00:09:08.635,0.84443,0.84455
2013.03.28 00:09:09.975,0.84442,0.84458
2013.03.28 00:09:59.646,0.84444,0.84459
2013.03.28 00:10:03.665,0.84443,0.84458
2013.03.28 00:10:08.637,0.84444,0.84458
2013.03.28 00:10:09.165,0.84443,0.84456
2013.03.28 00:10:12.806,0.84445,0.84458
2013.03.28 00:10:16.007,0.84444,0.84458
2013.03.28 00:10:20.518,0.84445,0.84456
2013.03.28 00:10:21.065,0.84445,0.84455
2013.03.28 00:10:21.607,0.84444,0.84455
2013.03.28 00:10:22.154,0.84444,0.84456
2013.03.28 00:10:27.215,0.84445,0.84456
2013.03.28 00:10:27.515,0.84446,0.84458
2013.03.28 00:10:32.485,0.84446,0.84458
2013.03.28 00:10:33.154,0.84446,0.8446
2013.03.28 00:10:33.817,0.84446,0.84458
2013.03.28 00:10:46.925,0.84444,0.84455
2013.03.28 00:10:47.168,0.84436,0.84451
2013.03.28 00:10:47.715,0.84437,0.84448
2013.03.28 00:10:48.077,0.84437,0.84451
2013.03.28 00:10:48.447,0.8444,0.84453
2013.03.28 00:10:48.966,0.84442,0.84454
2013.03.28 00:10:49.469,0.84443,0.84456
2013.03.28 00:10:50.025,0.84443,0.84456
2013.03.28 00:10:51.655,0.84442,0.84456
2013.03.28 00:10:51.715,0.84441,0.84454
2013.03.28 00:10:51.895,0.84438,0.84452
2013.03.28 00:10:51.957,0.84436,0.8445
2013.03.28 00:10:52.326,0.84436,0.8445
2013.03.28 00:10:52.876,0.84436,0.84448
2013.03.28 00:10:56.416,0.84434,0.84447
2013.03.28 00:10:58.225,0.84434,0.84448
2013.03.28 00:10:58.466,0.84437,0.84451
2013.03.28 00:11:00.418,0.84441,0.84453
2013.03.28 00:11:00.666,0.84442,0.84457
2013.03.28 00:11:00.736,0.84443,0.84457
2013.03.28 00:11:00.866,0.84445,0.8446
2013.03.28 00:11:00.997,0.84445,0.84462
2013.03.28 00:11:01.185,0.84447,0.84462
2013.03.28 00:11:01.495,0.84448,0.84464
2013.03.28 00:11:02.046,0.84447,0.84464
2013.03.28 00:11:08.187,0.84448,0.84464
2013.03.28 00:11:10.296,0.84448,0.84464
2013.03.28 00:11:10.656,0.84447,0.84462
2013.03.28 00:11:24.737,0.84446,0.84461
2013.03.28 00:11:25.169,0.84449,0.84463
2013.03.28 00:11:27.578,0.84449,0.84464
2013.03.28 00:11:28.566,0.84449,0.84465
2013.03.28 00:11:28.638,0.84449,0.84461
2013.03.28 00:11:29.206,0.84446,0.8446
2013.03.28 00:11:29.751,0.84446,0.84458
2013.03.28 00:11:29.876,0.84446,0.84458
2013.03.28 00:11:30.308,0.84444,0.84458
2013.03.28 00:11:30.436,0.84444,0.84458
2013.03.28 00:11:31.420,0.84447,0.84461
2013.03.28 00:11:31.746,0.84449,0.84465
2013.03.28 00:11:32.056,0.84451,0.84467
2013.03.28 00:11:32.189,0.84455,0.84469
2013.03.28 00:11:32.495,0.84455,0.8447
2013.03.28 00:11:33.035,0.84454,0.84466
2013.03.28 00:11:34.086,0.84454,0.84465
2013.03.28 00:11:34.398,0.84452,0.84468
2013.03.28 00:11:34.605,0.84453,0.84468
2013.03.28 00:11:35.146,0.84453,0.84467
2013.03.28 00:11:35.695,0.84453,0.84467
2013.03.28 00:11:41.118,0.84453,0.84468
2013.03.28 00:11:47.516,0.84455,0.84468
2013.03.28 00:11:47.947,0.84456,0.8447
2013.03.28 00:11:48.258,0.84457,0.84472
2013.03.28 00:11:48.768,0.8446,0.84472
2013.03.28 00:11:51.495,0.8446,0.84472
2013.03.28 00:11:52.035,0.8446,0.84472
2013.03.28 00:11:57.480,0.8446,0.84471
2013.03.28 00:12:06.808,0.8446,0.84472
2013.03.28 00:12:07.647,0.8446,0.84471
2013.03.28 00:12:09.505,0.84458,0.84471
2013.03.28 00:12:11.816,0.84458,0.84472
2013.03.28 00:12:12.365,0.84458,0.84472
2013.03.28 00:12:12.876,0.84458,0.84472
2013.03.28 00:12:13.489,0.84458,0.84472
2013.03.28 00:12:14.016,0.84459,0.84472
2013.03.28 00:12:29.715,0.84459,0.84471
2013.03.28 00:12:33.177,0.84461,0.84472
2013.03.28 00:12:33.254,0.84464,0.84476
2013.03.28 00:12:33.386,0.84462,0.84478
2013.03.28 00:12:33.637,0.84464,0.84477
2013.03.28 00:12:34.187,0.84459,0.84475
2013.03.28 00:12:34.757,0.84459,0.84475
2013.03.28 00:12:35.397,0.84459,0.84475
2013.03.28 00:12:38.815,0.84462,0.84476
2013.03.28 00:12:40.657,0.84459,0.84476
2013.03.28 00:12:40.790,0.84459,0.84474
2013.03.28 00:12:40.977,0.84459,0.84474
2013.03.28 00:12:41.114,0.84459,0.84474
2013.03.28 00:12:41.616,0.84459,0.84474
2013.03.28 00:12:41.936,0.84459,0.84474
2013.03.28 00:12:42.485,0.84459,0.84474
2013.03.28 00:12:43.192,0.84457,0.84472
2013.03.28 00:12:44.185,0.84457,0.84472
2013.03.28 00:12:44.876,0.84453,0.84471
2013.03.28 00:12:45.398,0.84459,0.84473
2013.03.28 00:12:50.916,0.84457,0.84473
2013.03.28 00:12:51.692,0.84454,0.84469
2013.03.28 00:12:51.837,0.84453,0.84469
2013.03.28 00:12:52.025,0.84454,0.84469
2013.03.28 00:13:12.647,0.84453,0.84467
2013.03.28 00:13:13.197,0.84453,0.8447
2013.03.28 00:13:14.328,0.84453,0.8447
2013.03.28 00:13:14.397,0.84453,0.84469
2013.03.28 00:13:14.945,0.84453,0.84469
2013.03.28 00:13:15.396,0.84453,0.84469
2013.03.28 00:13:23.107,0.84453,0.84467
2013.03.28 00:13:23.626,0.84452,0.84467
2013.03.28 00:13:27.135,0.84452,0.84466
2013.03.28 00:13:32.346,0.84452,0.84466
2013.03.28 00:13:38.996,0.84453,0.84469
2013.03.28 00:13:39.495,0.84453,0.84469
2013.03.28 00:13:41.507,0.84457,0.84469
2013.03.28 00:13:41.817,0.84458,0.84471
2013.03.28 00:13:46.245,0.84458,0.84471
2013.03.28 00:13:51.584,0.84457,0.84471
2013.03.28 00:13:53.488,0.84456,0.84469
2013.03.28 00:13:53.573,0.84453,0.84469
2013.03.28 00:13:53.957,0.84453,0.84467
2013.03.28 00:13:54.515,0.84453,0.84467
2013.03.28 00:13:54.830,0.84452,0.84467
2013.03.28 00:13:56.915,0.84452,0.84466
2013.03.28 00:14:11.866,0.84452,0.84466
2013.03.28 00:14:12.404,0.84453,0.84466
2013.03.28 00:14:15.758,0.84451,0.84464
2013.03.28 00:14:18.176,0.8445,0.84464
2013.03.28 00:14:18.725,0.84451,0.84466
2013.03.28 00:15:05.856,0.84449,0.84464
2013.03.28 00:15:05.975,0.84449,0.84464
2013.03.28 00:15:06.515,0.84447,0.84462
2013.03.28 00:15:08.787,0.84446,0.8446
2013.03.28 00:15:14.049,0.84447,0.84463
2013.03.28 00:15:14.835,0.84448,0.84464
2013.03.28 00:15:14.895,0.84448,0.84464
2013.03.28 00:15:15.416,0.84447,0.84463
2013.03.28 00:15:16.025,0.84447,0.84463
2013.03.28 00:15:16.906,0.84446,0.84461
2013.03.28 00:15:17.777,0.84445,0.84461
2013.03.28 00:15:18.326,0.84445,0.84461
2013.03.28 00:15:23.186,0.84447,0.84461
2013.03.28 00:15:25.007,0.84447,0.84462
2013.03.28 00:15:28.993,0.84446,0.84462
2013.03.28 00:15:29.507,0.84447,0.84462
2013.03.28 00:15:32.865,0.84447,0.84462
2013.03.28 00:15:48.257,0.84448,0.84462
2013.03.28 00:15:48.778,0.84446,0.84462
2013.03.28 00:15:51.208,0.84446,0.84462
2013.03.28 00:15:51.758,0.84444,0.8446
2013.03.28 00:15:52.126,0.84444,0.8446
2013.03.28 00:15:56.526,0.84444,0.8446
2013.03.28 00:15:57.715,0.84446,0.8446
2013.03.28 00:16:03.328,0.84445,0.84462
2013.03.28 00:16:04.894,0.84444,0.84459
2013.03.28 00:16:05.558,0.84445,0.8446
2013.03.28 00:16:05.745,0.84445,0.8446
2013.03.28 00:16:06.046,0.84445,0.8446
2013.03.28 00:16:07.018,0.84444,0.8446
2013.03.28 00:16:07.090,0.84444,0.8446
2013.03.28 00:16:07.216,0.84444,0.8446
2013.03.28 00:16:07.756,0.84447,0.84459
2013.03.28 00:16:08.976,0.84445,0.8446
2013.03.28 00:16:12.582,0.84445,0.8446
2013.03.28 00:16:13.377,0.84445,0.84461
2013.03.28 00:16:14.187,0.84445,0.84459
2013.03.28 00:16:14.735,0.84446,0.84462
2013.03.28 00:16:39.939,0.84446,0.84462
2013.03.28 00:16:41.147,0.84444,0.84459
2013.03.28 00:16:41.686,0.84445,0.8446
2013.03.28 00:16:41.866,0.84444,0.8446
2013.03.28 00:17:36.717,0.84446,0.84462
2013.03.28 00:17:37.917,0.84446,0.84462
2013.03.28 00:17:38.437,0.84446,0.8446
2013.03.28 00:17:38.509,0.84446,0.8446
2013.03.28 00:17:38.948,0.84444,0.8446
2013.03.28 00:17:39.495,0.84444,0.84461
2013.03.28 00:17:45.735,0.84445,0.84462
2013.03.28 00:18:03.118,0.84446,0.84462
2013.03.28 00:18:10.296,0.84446,0.84463
2013.03.28 00:18:10.840,0.84448,0.84462
2013.03.28 00:18:11.626,0.84447,0.84462
2013.03.28 00:18:15.427,0.84444,0.84458
2013.03.28 00:18:15.985,0.84444,0.84458
2013.03.28 00:18:19.186,0.84444,0.84458
2013.03.28 00:18:28.660,0.84444,0.84459
2013.03.28 00:18:29.861,0.84446,0.8446
2013.03.28 00:18:47.415,0.84448,0.84462
2013.03.28 00:18:53.995,0.84445,0.8446
2013.03.28 00:18:58.855,0.84445,0.8446
2013.03.28 00:19:03.495,0.84445,0.8446
2013.03.28 00:19:03.926,0.84443,0.84458
2013.03.28 00:19:04.046,0.84443,0.84457
2013.03.28 00:19:04.575,0.84445,0.84457
2013.03.28 00:19:18.645,0.84443,0.84457
2013.03.28 00:19:18.707,0.84448,0.84457
2013.03.28 00:19:18.912,0.84448,0.8446
2013.03.28 00:19:19.457,0.84449,0.8446
2013.03.28 00:19:20.274,0.84449,0.84461
2013.03.28 00:19:21.656,0.84449,0.84464
2013.03.28 00:19:22.507,0.84449,0.84464
2013.03.28 00:19:24.188,0.84445,0.8446
2013.03.28 00:19:25.096,0.84445,0.84459
2013.03.28 00:19:25.526,0.84445,0.84456
2013.03.28 00:19:27.059,0.84445,0.84456
2013.03.28 00:19:30.151,0.84445,0.84456
2013.03.28 00:19:31.306,0.84445,0.84458
2013.03.28 00:19:31.929,0.84445,0.84458
2013.03.28 00:19:32.326,0.84447,0.84458
2013.03.28 00:19:34.803,0.84444,0.84458
2013.03.28 00:19:48.075,0.84443,0.84457
2013.03.28 00:19:51.299,0.84443,0.84456
2013.03.28 00:19:58.388,0.84442,0.84457
2013.03.28 00:19:58.699,0.84442,0.84458
2013.03.28 00:19:58.887,0.84444,0.84461
2013.03.28 00:19:59.078,0.84444,0.8446
2013.03.28 00:19:59.626,0.84446,0.84461
2013.03.28 00:20:01.506,0.84446,0.84462
2013.03.28 00:20:06.118,0.84446,0.8446
2013.03.28 00:20:06.247,0.84444,0.84459
2013.03.28 00:20:06.796,0.84443,0.84459
2013.03.28 00:20:06.918,0.84443,0.84459
2013.03.28 00:20:20.087,0.84445,0.8446
2013.03.28 00:20:21.867,0.84444,0.84459
2013.03.28 00:20:26.586,0.84444,0.8446
2013.03.28 00:20:27.126,0.84447,0.84461
2013.03.28 00:20:31.085,0.84447,0.84461
2013.03.28 00:20:31.386,0.84444,0.84461
2013.03.28 00:20:56.755,0.84444,0.84458
2013.03.28 00:21:08.927,0.84442,0.84457
2013.03.28 00:21:08.996,0.84442,0.84455
2013.03.28 00:21:09.176,0.84442,0.84456
2013.03.28 00:21:09.726,0.84442,0.84456
2013.03.28 00:21:26.986,0.84443,0.84457
2013.03.28 00:21:45.726,0.84444,0.84457
2013.03.28 00:21:49.906,0.84444,0.84457
2013.03.28 00:21:58.666,0.84444,0.84458
2013.03.28 00:21:59.447,0.84444,0.84458
2013.03.28 00:22:09.074,0.84444,0.84458
2013.03.28 00:22:09.628,0.84444,0.84458
2013.03.28 00:22:09.698,0.84444,0.84458
2013.03.28 00:22:09.768,0.84444,0.84457
2013.03.28 00:22:10.077,0.84444,0.84458
2013.03.28 00:22:49.477,0.84444,0.84457
2013.03.28 00:22:49.552,0.84444,0.84455
2013.03.28 00:22:49.622,0.84443,0.84456
2013.03.28 00:22:49.877,0.84444,0.84455
2013.03.28 00:22:50.381,0.84444,0.84456
2013.03.28 00:22:50.450,0.84444,0.84456
2013.03.28 00:22:55.706,0.84444,0.84457
2013.03.28 00:23:00.881,0.84444,0.84457
2013.03.28 00:23:26.765,0.84444,0.84457
2013.03.28 00:23:50.436,0.84443,0.84459
2013.03.28 00:23:52.105,0.84443,0.84459
2013.03.28 00:23:52.227,0.84443,0.84456
2013.03.28 00:23:53.042,0.84443,0.84456
2013.03.28 00:24:19.047,0.84442,0.84456
2013.03.28 00:24:19.357,0.84442,0.84453
2013.03.28 00:24:19.417,0.84443,0.84455
2013.03.28 00:24:19.786,0.84443,0.84456
2013.03.28 00:24:21.836,0.84443,0.84457
2013.03.28 00:24:32.157,0.84444,0.84457
2013.03.28 00:25:32.359,0.84442,0.84458
2013.03.28 00:25:36.225,0.84442,0.84458
2013.03.28 00:25:48.125,0.84442,0.84458
2013.03.28 00:25:53.195,0.84441,0.84458
2013.03.28 00:25:58.898,0.84441,0.84458
2013.03.28 00:26:05.208,0.84441,0.84458
2013.03.28 00:26:07.796,0.84442,0.84459
2013.03.28 00:26:08.106,0.84444,0.84457
2013.03.28 00:26:33.596,0.84447,0.84458
2013.03.28 00:26:35.737,0.84444,0.84458
2013.03.28 00:26:48.566,0.84447,0.8446
2013.03.28 00:27:01.226,0.84449,0.84461
2013.03.28 00:27:03.056,0.8445,0.84461
2013.03.28 00:27:07.706,0.84449,0.84461
2013.03.28 00:27:28.626,0.8445,0.84462
2013.03.28 00:27:34.457,0.84448,0.84462
2013.03.28 00:28:01.243,0.84448,0.84463
2013.03.28 00:28:03.275,0.8445,0.84463
2013.03.28 00:28:07.627,0.8445,0.84463
2013.03.28 00:28:16.719,0.8445,0.84462
2013.03.28 00:28:17.598,0.8445,0.84462
2013.03.28 00:29:05.403,0.84448,0.84463
2013.03.28 00:29:05.946,0.8445,0.84464
2013.03.28 00:29:06.069,0.8445,0.84464
2013.03.28 00:29:06.640,0.84454,0.84465
2013.03.28 00:29:07.141,0.84454,0.84468
2013.03.28 00:29:18.350,0.84452,0.84466
2013.03.28 00:29:18.420,0.84452,0.84463
2013.03.28 00:29:18.489,0.84452,0.84461
2013.03.28 00:29:18.677,0.84452,0.84462
2013.03.28 00:29:19.187,0.84452,0.84462
2013.03.28 00:29:20.250,0.84448,0.84462
2013.03.28 00:29:21.648,0.84448,0.8446
2013.03.28 00:29:22.617,0.84447,0.84459
2013.03.28 00:29:22.680,0.84447,0.84458
2013.03.28 00:29:26.157,0.84448,0.8446
2013.03.28 00:29:26.696,0.84448,0.84461
2013.03.28 00:29:28.657,0.84448,0.84461
2013.03.28 00:29:30.677,0.84448,0.84461
2013.03.28 00:29:31.841,0.84448,0.84461
2013.03.28 00:29:32.459,0.84448,0.84461
2013.03.28 00:29:40.379,0.84448,0.84462
2013.03.28 00:29:51.798,0.84448,0.84463
2013.03.28 00:30:10.127,0.84448,0.84462
2013.03.28 00:30:20.517,0.84449,0.84465
2013.03.28 00:30:20.696,0.84449,0.84465
2013.03.28 00:30:26.017,0.84449,0.84465
2013.03.28 00:30:26.567,0.84449,0.84465
2013.03.28 00:30:26.928,0.84449,0.84465
2013.03.28 00:30:27.477,0.84449,0.84463
2013.03.28 00:30:45.598,0.84453,0.84465
2013.03.28 00:30:45.719,0.84453,0.84467
2013.03.28 00:30:45.847,0.84452,0.84467
2013.03.28 00:30:46.647,0.84452,0.84465
2013.03.28 00:30:46.709,0.84452,0.84464
2013.03.28 00:30:52.396,0.84448,0.84464
2013.03.28 00:30:56.348,0.84449,0.84464
2013.03.28 00:30:57.490,0.8445,0.84465
2013.03.28 00:30:57.738,0.84456,0.84467
2013.03.28 00:30:57.808,0.84456,0.84468
2013.03.28 00:30:58.724,0.84457,0.84469
2013.03.28 00:31:05.649,0.84456,0.84469
2013.03.28 00:31:05.957,0.84457,0.8447
2013.03.28 00:31:06.497,0.84457,0.84471
2013.03.28 00:31:07.737,0.84457,0.84471
2013.03.28 00:31:33.348,0.84456,0.84472
2013.03.28 00:31:45.688,0.84456,0.84471
2013.03.28 00:31:52.149,0.84454,0.84472
2013.03.28 00:31:59.311,0.84454,0.84471
2013.03.28 00:32:01.308,0.84455,0.84471
2013.03.28 00:32:01.848,0.84454,0.84471
2013.03.28 00:32:04.168,0.84453,0.84469
2013.03.28 00:32:04.288,0.84452,0.84468
2013.03.28 00:32:04.830,0.84449,0.84465
2013.03.28 00:32:05.388,0.84449,0.84465
2013.03.28 00:32:05.578,0.84449,0.84465
2013.03.28 00:32:06.079,0.84449,0.84465
2013.03.28 00:32:06.925,0.84451,0.84466
2013.03.28 00:32:06.999,0.84451,0.84467
2013.03.28 00:32:07.395,0.84451,0.84467
2013.03.28 00:32:22.746,0.84455,0.8447
2013.03.28 00:32:23.477,0.84456,0.84471
2013.03.28 00:32:23.950,0.84458,0.84472
2013.03.28 00:32:33.708,0.84457,0.84472
2013.03.28 00:32:34.258,0.84456,0.84472
2013.03.28 00:32:34.380,0.84457,0.84472
2013.03.28 00:32:36.802,0.84458,0.84472
2013.03.28 00:32:37.358,0.84459,0.84472
2013.03.28 00:32:37.908,0.8446,0.84474
2013.03.28 00:32:38.667,0.8446,0.84475
2013.03.28 00:32:40.188,0.8446,0.84473
2013.03.28 00:32:40.678,0.8446,0.84473
2013.03.28 00:32:41.404,0.8446,0.84473
2013.03.28 00:32:41.999,0.8446,0.84473
2013.03.28 00:33:07.068,0.8446,0.84475
2013.03.28 00:33:07.138,0.84461,0.84475
2013.03.28 00:33:07.698,0.8446,0.84475
2013.03.28 00:33:13.089,0.8446,0.84474
2013.03.28 00:33:13.528,0.84462,0.84474
2013.03.28 00:33:19.998,0.84462,0.84474
2013.03.28 00:33:22.458,0.8446,0.84473
2013.03.28 00:33:22.997,0.84459,0.84473
2013.03.28 00:33:31.202,0.84459,0.84473
2013.03.28 00:33:31.650,0.84455,0.84471
2013.03.28 00:33:32.161,0.84454,0.84471
2013.03.28 00:33:32.697,0.84454,0.84469
2013.03.28 00:33:33.729,0.84454,0.84469
2013.03.28 00:33:40.228,0.84451,0.84468
2013.03.28 00:33:40.469,0.84447,0.84461
2013.03.28 00:33:40.658,0.84446,0.8446
2013.03.28 00:33:40.789,0.84445,0.84459
2013.03.28 00:33:41.099,0.84446,0.84462
2013.03.28 00:33:41.408,0.84444,0.84458
2013.03.28 00:33:43.257,0.84447,0.84461
2013.03.28 00:33:43.558,0.84445,0.84458
2013.03.28 00:33:46.649,0.84444,0.84457
2013.03.28 00:33:47.418,0.84445,0.84459
2013.03.28 00:33:47.488,0.84446,0.8446
2013.03.28 00:33:47.737,0.84446,0.8446
2013.03.28 00:33:48.158,0.84446,0.8446
2013.03.28 00:33:49.518,0.84444,0.84459
2013.03.28 00:33:57.148,0.84444,0.84459
2013.03.28 00:34:09.040,0.84445,0.8446
2013.03.28 00:34:09.718,0.84445,0.84459
2013.03.28 00:34:30.888,0.84446,0.8446
2013.03.28 00:34:38.829,0.84448,0.84462
2013.03.28 00:34:39.078,0.84448,0.84464
2013.03.28 00:34:39.471,0.8445,0.84464
2013.03.28 00:34:40.460,0.8445,0.84464
2013.03.28 00:34:41.008,0.8445,0.84465
2013.03.28 00:34:41.312,0.84453,0.84466
2013.03.28 00:34:41.378,0.84454,0.8447
2013.03.28 00:34:50.210,0.84455,0.8447
2013.03.28 00:34:50.277,0.84455,0.8447
2013.03.28 00:34:50.520,0.84451,0.84468
2013.03.28 00:34:50.709,0.84451,0.84467
2013.03.28 00:34:50.779,0.84451,0.84467
2013.03.28 00:34:53.209,0.84451,0.84467
2013.03.28 00:34:55.627,0.84451,0.84467
2013.03.28 00:34:56.199,0.84451,0.84467
2013.03.28 00:35:03.395,0.84449,0.84465
2013.03.28 00:35:05.199,0.84449,0.84465
2013.03.28 00:35:06.308,0.84449,0.84466
2013.03.28 00:35:24.748,0.84449,0.84465
2013.03.28 00:35:34.989,0.84447,0.84463
2013.03.28 00:35:35.120,0.84447,0.84462
2013.03.28 00:35:35.370,0.84445,0.8446
2013.03.28 00:35:35.918,0.84445,0.8446
2013.03.28 00:35:39.519,0.84444,0.84458
2013.03.28 00:35:40.098,0.84443,0.84457
2013.03.28 00:35:41.950,0.84445,0.84459
2013.03.28 00:35:45.338,0.84446,0.8446
2013.03.28 00:35:55.490,0.84446,0.8446
2013.03.28 00:35:58.778,0.84445,0.8446
2013.03.28 00:35:59.141,0.84443,0.84458
2013.03.28 00:35:59.689,0.84444,0.84458
2013.03.28 00:36:00.589,0.84445,0.84458
2013.03.28 00:36:01.140,0.84446,0.8446
2013.03.28 00:36:30.017,0.84444,0.84458
2013.03.28 00:36:43.647,0.84444,0.84458
2013.03.28 00:37:12.071,0.84444,0.8446
2013.03.28 00:37:12.388,0.84446,0.84461
2013.03.28 00:37:12.938,0.84447,0.84462
2013.03.28 00:37:13.668,0.84447,0.84462
2013.03.28 00:37:17.932,0.84447,0.84462
2013.03.28 00:37:20.328,0.84446,0.84462
2013.03.28 00:37:24.728,0.84446,0.84461
2013.03.28 00:37:25.027,0.84446,0.84461
2013.03.28 00:37:28.209,0.84446,0.84461
2013.03.28 00:37:34.279,0.84446,0.84461
2013.03.28 00:37:40.009,0.84447,0.84463
2013.03.28 00:37:43.408,0.84447,0.84461
2013.03.28 00:37:43.542,0.84443,0.84457
2013.03.28 00:37:44.277,0.84444,0.84458
2013.03.28 00:37:44.579,0.84446,0.84459
2013.03.28 00:37:45.210,0.84446,0.84459
2013.03.28 00:37:47.860,0.84444,0.84458
2013.03.28 00:37:47.929,0.84444,0.84458
2013.03.28 00:37:49.479,0.84442,0.84456
2013.03.28 00:37:49.670,0.84442,0.84455
2013.03.28 00:37:50.178,0.84442,0.84454
2013.03.28 00:37:50.658,0.84442,0.84457
2013.03.28 00:37:54.013,0.84442,0.84457
2013.03.28 00:37:55.679,0.84442,0.84457
2013.03.28 00:37:59.390,0.84442,0.84457
2013.03.28 00:38:03.020,0.84441,0.84455
2013.03.28 00:38:03.329,0.84442,0.84454
2013.03.28 00:38:04.328,0.84442,0.84454
2013.03.28 00:38:29.118,0.84441,0.84454
2013.03.28 00:38:29.718,0.84443,0.84453
2013.03.28 00:38:36.880,0.84441,0.84453
2013.03.28 00:38:36.949,0.84441,0.84453
2013.03.28 00:38:39.323,0.84442,0.84453
2013.03.28 00:38:52.882,0.84441,0.84453
2013.03.28 00:38:53.127,0.84441,0.84452
2013.03.28 00:38:54.098,0.84441,0.84453
2013.03.28 00:38:57.601,0.84441,0.84453
2013.03.28 00:39:08.560,0.84442,0.84453
2013.03.28 00:39:12.925,0.84442,0.84453
2013.03.28 00:39:21.458,0.84442,0.84453
2013.03.28 00:39:26.869,0.84442,0.84453
2013.03.28 00:39:34.838,0.84443,0.84454
2013.03.28 00:39:35.388,0.84442,0.84455
2013.03.28 00:39:35.568,0.84442,0.84454
2013.03.28 00:39:36.293,0.84442,0.84454
2013.03.28 00:39:39.561,0.84442,0.84454
2013.03.28 00:39:39.630,0.84442,0.84455
2013.03.28 00:39:39.758,0.84443,0.84455
2013.03.28 00:39:40.514,0.84443,0.84456
2013.03.28 00:40:07.752,0.84446,0.84458
2013.03.28 00:40:20.200,0.84442,0.84458
2013.03.28 00:40:27.157,0.84443,0.84458
2013.03.28 00:41:23.628,0.84443,0.84459
2013.03.28 00:41:29.468,0.84443,0.84458
2013.03.28 00:41:37.161,0.84443,0.84457
2013.03.28 00:41:57.029,0.84443,0.84457
2013.03.28 00:42:06.795,0.84442,0.84456
2013.03.28 00:42:15.849,0.84443,0.84456
2013.03.28 00:42:16.161,0.84442,0.84452
2013.03.28 00:42:16.720,0.84443,0.84454
2013.03.28 00:42:21.082,0.84443,0.84453
2013.03.28 00:42:30.050,0.84443,0.84451
2013.03.28 00:42:30.608,0.84441,0.84451
2013.03.28 00:42:36.409,0.84439,0.84449
2013.03.28 00:42:36.479,0.84439,0.84449
2013.03.28 00:42:37.145,0.84437,0.84449
2013.03.28 00:42:38.248,0.84438,0.84449
2013.03.28 00:42:38.828,0.84438,0.84449
2013.03.28 00:42:39.371,0.84435,0.84448
2013.03.28 00:42:39.950,0.84434,0.84448
2013.03.28 00:42:40.580,0.84434,0.84448
2013.03.28 00:42:41.709,0.84434,0.84448
2013.03.28 00:42:42.452,0.84434,0.84447
2013.03.28 00:42:43.240,0.84434,0.84447
2013.03.28 00:42:44.583,0.84433,0.84443
2013.03.28 00:42:44.724,0.84431,0.84443
2013.03.28 00:42:44.911,0.84429,0.84443
2013.03.28 00:42:45.721,0.84428,0.84442
2013.03.28 00:42:46.160,0.8443,0.84446
2013.03.28 00:42:48.491,0.84428,0.84445
2013.03.28 00:42:51.734,0.84429,0.84445
2013.03.28 00:42:52.099,0.84432,0.84446
2013.03.28 00:42:52.662,0.84432,0.84447
2013.03.28 00:42:55.060,0.84433,0.84446
2013.03.28 00:43:04.261,0.84432,0.84447
2013.03.28 00:43:04.463,0.84432,0.84447
2013.03.28 00:43:08.739,0.84434,0.84448
2013.03.28 00:43:11.930,0.84433,0.8445
2013.03.28 00:43:28.021,0.84433,0.84449
2013.03.28 00:43:28.344,0.84433,0.84449
2013.03.28 00:43:28.588,0.84433,0.84449
2013.03.28 00:43:32.359,0.84433,0.84449
2013.03.28 00:43:32.490,0.84432,0.84446
2013.03.28 00:43:33.169,0.84432,0.84448
2013.03.28 00:43:33.230,0.84432,0.84448
2013.03.28 00:43:33.789,0.84432,0.84447
2013.03.28 00:43:34.361,0.84432,0.84447
2013.03.28 00:43:43.110,0.84432,0.84447
2013.03.28 00:43:43.361,0.84436,0.84451
2013.03.28 00:43:43.679,0.84437,0.84451
2013.03.28 00:43:44.889,0.84438,0.84451
2013.03.28 00:43:45.451,0.84435,0.84451
2013.03.28 00:43:46.088,0.84435,0.84451
2013.03.28 00:43:46.810,0.84434,0.84448
2013.03.28 00:43:47.487,0.84433,0.84448
2013.03.28 00:43:48.134,0.84433,0.84448
2013.03.28 00:43:48.388,0.84433,0.84448
2013.03.28 00:43:49.330,0.84433,0.84447
2013.03.28 00:43:50.529,0.8443,0.84446
2013.03.28 00:44:01.789,0.84432,0.84448
2013.03.28 00:44:02.328,0.84434,0.84448
2013.03.28 00:44:03.792,0.84434,0.84448
2013.03.28 00:44:05.268,0.84434,0.84448
2013.03.28 00:44:06.878,0.84434,0.84448
2013.03.28 00:44:12.778,0.84437,0.84448
2013.03.28 00:44:14.708,0.84437,0.84448
2013.03.28 00:44:15.388,0.84436,0.84448
2013.03.28 00:44:16.058,0.84436,0.84448
2013.03.28 00:44:20.698,0.84436,0.84448
2013.03.28 00:44:21.001,0.84437,0.84451
2013.03.28 00:44:21.548,0.84437,0.84451
2013.03.28 00:44:27.060,0.84437,0.84452
2013.03.28 00:44:27.609,0.84437,0.84449
2013.03.28 00:44:28.153,0.84437,0.84448
2013.03.28 00:44:29.308,0.84437,0.84448
2013.03.28 00:44:35.481,0.84434,0.84448
2013.03.28 00:44:35.669,0.84434,0.84448
2013.03.28 00:44:35.729,0.84434,0.84448
2013.03.28 00:44:42.889,0.8443,0.84445
2013.03.28 00:44:42.973,0.8443,0.84443
2013.03.28 00:44:43.317,0.84429,0.84443
2013.03.28 00:44:44.830,0.84428,0.84442
2013.03.28 00:44:45.628,0.84426,0.84441
2013.03.28 00:44:46.850,0.84426,0.8444
2013.03.28 00:44:48.510,0.84428,0.84441
2013.03.28 00:44:48.640,0.84425,0.8444
2013.03.28 00:44:48.889,0.84425,0.84439
2013.03.28 00:44:49.751,0.84433,0.84445
2013.03.28 00:44:51.701,0.84433,0.84446
2013.03.28 00:44:53.451,0.84433,0.84446
2013.03.28 00:44:53.955,0.84433,0.84445
2013.03.28 00:45:08.412,0.84434,0.84447
2013.03.28 00:45:08.661,0.84438,0.8445
2013.03.28 00:45:08.790,0.84439,0.84452
2013.03.28 00:45:09.690,0.8444,0.84452
2013.03.28 00:45:11.128,0.84439,0.84452
2013.03.28 00:45:11.668,0.8444,0.84452
2013.03.28 00:45:14.399,0.84438,0.84452
2013.03.28 00:45:14.520,0.84438,0.84452
2013.03.28 00:45:14.640,0.84436,0.84451
2013.03.28 00:45:15.189,0.84436,0.84451
2013.03.28 00:45:15.551,0.84437,0.8445
2013.03.28 00:45:15.861,0.8444,0.84452
2013.03.28 00:45:15.989,0.84437,0.84452
2013.03.28 00:45:16.540,0.84436,0.84451
2013.03.28 00:45:16.611,0.84436,0.84451
2013.03.28 00:45:17.159,0.84435,0.84449
2013.03.28 00:45:20.472,0.84435,0.84449
2013.03.28 00:45:21.379,0.84436,0.84451
2013.03.28 00:45:21.619,0.84436,0.84452
2013.03.28 00:45:22.158,0.84436,0.8445
2013.03.28 00:45:22.399,0.84436,0.8445
2013.03.28 00:45:24.321,0.84436,0.84448
2013.03.28 00:45:24.608,0.84437,0.84449
2013.03.28 00:45:25.158,0.84437,0.8445
2013.03.28 00:45:25.698,0.84437,0.8445
2013.03.28 00:45:26.238,0.84435,0.84449
2013.03.28 00:45:26.865,0.84435,0.84449
2013.03.28 00:45:29.509,0.84435,0.84449
2013.03.28 00:45:29.630,0.84435,0.84448
2013.03.28 00:45:29.939,0.84432,0.84445
2013.03.28 00:45:30.468,0.8443,0.84446
2013.03.28 00:45:31.170,0.8443,0.84446
2013.03.28 00:45:31.419,0.84434,0.84446
2013.03.28 00:45:31.929,0.84432,0.84445
2013.03.28 00:45:32.468,0.8443,0.84443
2013.03.28 00:45:32.989,0.84429,0.84443
2013.03.28 00:45:33.549,0.84429,0.84444
2013.03.28 00:45:44.739,0.84431,0.84444
2013.03.28 00:45:45.099,0.84431,0.84444
2013.03.28 00:45:45.607,0.84431,0.84444
2013.03.28 00:45:47.339,0.84432,0.84444
2013.03.28 00:45:54.608,0.84432,0.84447
2013.03.28 00:46:00.490,0.84433,0.84446
2013.03.28 00:46:07.399,0.8443,0.84444
2013.03.28 00:46:08.962,0.84428,0.84443
2013.03.28 00:46:09.107,0.84428,0.84442
2013.03.28 00:46:09.242,0.84428,0.84442
2013.03.28 00:46:09.798,0.84426,0.84442
2013.03.28 00:46:10.770,0.84426,0.84441
2013.03.28 00:46:10.960,0.84426,0.84442
2013.03.28 00:46:11.478,0.84428,0.84442
2013.03.28 00:46:11.862,0.84426,0.8444
2013.03.28 00:46:12.004,0.84424,0.84438
2013.03.28 00:46:12.549,0.84425,0.84439
2013.03.28 00:46:14.949,0.84424,0.84437
2013.03.28 00:46:16.172,0.84421,0.84436
2013.03.28 00:46:16.239,0.84421,0.84436
2013.03.28 00:46:16.360,0.8442,0.84436
2013.03.28 00:46:16.910,0.84421,0.84434
2013.03.28 00:46:17.833,0.84422,0.84436
2013.03.28 00:46:19.559,0.84422,0.84436
2013.03.28 00:46:20.101,0.84422,0.84434
2013.03.28 00:46:23.638,0.84422,0.84435
2013.03.28 00:46:24.192,0.84422,0.84436
2013.03.28 00:46:24.501,0.84422,0.84433
2013.03.28 00:46:25.010,0.84422,0.84436
2013.03.28 00:46:25.259,0.84422,0.84436
2013.03.28 00:46:25.378,0.84422,0.84436
2013.03.28 00:46:25.739,0.84422,0.84436
2013.03.28 00:46:27.389,0.84422,0.84436
2013.03.28 00:46:27.459,0.84422,0.84433
2013.03.28 00:46:27.998,0.84419,0.84433
2013.03.28 00:46:29.200,0.84418,0.84432
2013.03.28 00:46:29.329,0.84417,0.84431
2013.03.28 00:46:29.871,0.84416,0.8443
2013.03.28 00:46:30.372,0.84416,0.8443
2013.03.28 00:46:40.539,0.84417,0.84432
2013.03.28 00:46:41.909,0.84416,0.8443
2013.03.28 00:46:42.589,0.84416,0.84429
2013.03.28 00:46:43.135,0.84416,0.84428
2013.03.28 00:46:44.391,0.84414,0.84428
2013.03.28 00:46:44.465,0.84412,0.84426
2013.03.28 00:46:44.899,0.84412,0.84426
2013.03.28 00:46:45.439,0.84412,0.84427
2013.03.28 00:46:45.510,0.84412,0.84428
2013.03.28 00:46:49.649,0.84412,0.84428
2013.03.28 00:46:52.136,0.84412,0.84427
2013.03.28 00:47:24.481,0.84416,0.84428
2013.03.28 00:47:24.671,0.84418,0.84429
2013.03.28 00:47:24.803,0.84416,0.84429
2013.03.28 00:47:25.050,0.84417,0.84432
2013.03.28 00:47:25.490,0.84417,0.84432
2013.03.28 00:47:25.800,0.84417,0.84431
2013.03.28 00:47:25.931,0.84418,0.84431
2013.03.28 00:47:31.383,0.84415,0.84429
2013.03.28 00:47:31.450,0.84414,0.84429
2013.03.28 00:47:32.159,0.84414,0.84426
2013.03.28 00:47:32.284,0.84414,0.84429
2013.03.28 00:47:41.509,0.84414,0.8443
2013.03.28 00:47:56.059,0.84415,0.8443
2013.03.28 00:47:56.179,0.84414,0.84429
2013.03.28 00:47:57.133,0.84414,0.84428
2013.03.28 00:47:57.639,0.84414,0.84429
2013.03.28 00:48:04.421,0.84415,0.84429
2013.03.28 00:48:04.730,0.84417,0.8443
2013.03.28 00:48:05.100,0.84418,0.84432
2013.03.28 00:48:05.171,0.84419,0.84434
2013.03.28 00:48:05.360,0.84419,0.84435
2013.03.28 00:48:05.919,0.84421,0.84436
2013.03.28 00:48:06.178,0.84421,0.84436
2013.03.28 00:48:10.037,0.8442,0.84435
2013.03.28 00:48:10.591,0.8442,0.84435
2013.03.28 00:48:30.779,0.84419,0.84433
2013.03.28 00:48:34.871,0.84419,0.84433
2013.03.28 00:48:36.618,0.84417,0.84431
2013.03.28 00:48:38.158,0.84417,0.84432
2013.03.28 00:49:01.359,0.84416,0.84431
2013.03.28 00:49:01.599,0.84416,0.8443
2013.03.28 00:49:02.128,0.84416,0.8443
2013.03.28 00:49:02.490,0.84418,0.84434
2013.03.28 00:49:02.868,0.84418,0.84434
2013.03.28 00:49:03.830,0.84418,0.84431
2013.03.28 00:49:03.900,0.84418,0.84431
2013.03.28 00:49:04.208,0.84417,0.84429
2013.03.28 00:49:04.570,0.84416,0.84428
2013.03.28 00:49:05.350,0.84414,0.8443
2013.03.28 00:49:22.869,0.84416,0.8443
2013.03.28 00:49:23.230,0.84419,0.84432
2013.03.28 00:49:23.551,0.84419,0.84433
2013.03.28 00:49:23.620,0.84421,0.84435
2013.03.28 00:49:24.169,0.84421,0.84434
2013.03.28 00:49:25.319,0.84421,0.84434
2013.03.28 00:50:00.559,0.84421,0.84435
2013.03.28 00:50:02.319,0.84421,0.84434
2013.03.28 00:50:02.619,0.84414,0.84428
2013.03.28 00:50:02.679,0.84413,0.84428
2013.03.28 00:50:03.221,0.84413,0.84426
2013.03.28 00:50:20.570,0.84412,0.84426
2013.03.28 00:50:27.629,0.84412,0.84424
2013.03.28 00:50:27.809,0.84409,0.84423
2013.03.28 00:50:29.740,0.84409,0.84423
2013.03.28 00:50:50.608,0.84406,0.8442
2013.03.28 00:50:55.670,0.84408,0.84421
2013.03.28 00:50:56.098,0.84408,0.84423
2013.03.28 00:50:56.980,0.8441,0.84423
2013.03.28 00:50:57.419,0.84412,0.84424
2013.03.28 00:50:57.480,0.84412,0.84425
2013.03.28 00:50:58.021,0.84413,0.84425
2013.03.28 00:50:58.355,0.84413,0.84425
2013.03.28 00:50:58.540,0.84412,0.84425
2013.03.28 00:50:59.053,0.84412,0.84424
2013.03.28 00:51:27.391,0.84412,0.84424
2013.03.28 00:51:29.099,0.84412,0.84423
2013.03.28 00:51:29.600,0.8441,0.84423
2013.03.28 00:51:33.179,0.84411,0.84423
2013.03.28 00:52:00.229,0.84411,0.84422
2013.03.28 00:52:25.431,0.84412,0.84422
2013.03.28 00:52:26.550,0.84412,0.84422
2013.03.28 00:52:27.091,0.84413,0.84422
2013.03.28 00:52:27.349,0.84414,0.84426
2013.03.28 00:52:27.409,0.84414,0.84426
2013.03.28 00:52:27.469,0.84414,0.84423
2013.03.28 00:52:27.650,0.8441,0.84421
2013.03.28 00:52:27.769,0.84412,0.84424
2013.03.28 00:52:32.623,0.84414,0.84424
2013.03.28 00:52:33.170,0.84415,0.84424
2013.03.28 00:52:36.173,0.84415,0.84426
2013.03.28 00:52:36.245,0.84415,0.84426
2013.03.28 00:52:36.429,0.84416,0.84426
2013.03.28 00:52:40.812,0.84414,0.84424
2013.03.28 00:52:41.006,0.84413,0.84424
2013.03.28 00:52:41.559,0.84412,0.84423
2013.03.28 00:52:42.681,0.84411,0.84424
2013.03.28 00:52:42.869,0.84412,0.84424
2013.03.28 00:52:43.649,0.84412,0.84423
2013.03.28 00:52:44.188,0.84415,0.84424
2013.03.28 00:52:53.439,0.84416,0.84425
2013.03.28 00:53:11.709,0.84415,0.84425
2013.03.28 00:53:12.779,0.84414,0.84425
2013.03.28 00:53:19.650,0.84416,0.84426
2013.03.28 00:53:20.191,0.84417,0.84427
2013.03.28 00:53:20.740,0.84417,0.84427
2013.03.28 00:53:22.139,0.84416,0.84427
2013.03.28 00:53:27.906,0.8441,0.84425
2013.03.28 00:53:28.330,0.8441,0.84424
2013.03.28 00:53:30.730,0.8441,0.84424
2013.03.28 00:53:33.643,0.84411,0.84421
2013.03.28 00:53:34.201,0.84406,0.84419
2013.03.28 00:53:34.709,0.84407,0.84419
2013.03.28 00:53:35.309,0.84405,0.84419
2013.03.28 00:53:35.990,0.84405,0.84418
2013.03.28 00:53:36.300,0.84402,0.84417
2013.03.28 00:53:36.551,0.84402,0.84417
2013.03.28 00:53:37.112,0.84403,0.84417
2013.03.28 00:53:37.723,0.84403,0.84418
2013.03.28 00:53:37.912,0.84404,0.84418
2013.03.28 00:53:38.340,0.84407,0.8442
2013.03.28 00:53:39.792,0.84406,0.84419
2013.03.28 00:53:39.861,0.84403,0.84419
2013.03.28 00:53:39.933,0.84403,0.84419
2013.03.28 00:53:40.001,0.84403,0.84418
2013.03.28 00:53:40.371,0.84403,0.84418
2013.03.28 00:53:41.762,0.84403,0.84417
2013.03.28 00:53:41.831,0.84403,0.84416
2013.03.28 00:53:41.903,0.84403,0.84415
2013.03.28 00:53:42.938,0.84403,0.84415
2013.03.28 00:53:43.721,0.84401,0.84414
2013.03.28 00:53:44.280,0.84401,0.84414
2013.03.28 00:53:45.340,0.84403,0.84414
2013.03.28 00:53:45.463,0.84402,0.84415
2013.03.28 00:53:45.590,0.84402,0.84415
2013.03.28 00:53:46.272,0.84403,0.84415
2013.03.28 00:53:46.790,0.84403,0.84416
2013.03.28 00:53:48.878,0.84403,0.84417
2013.03.28 00:53:50.959,0.84403,0.84416
2013.03.28 00:53:55.270,0.84403,0.84415
2013.03.28 00:53:56.820,0.84402,0.84415
2013.03.28 00:53:59.864,0.84402,0.84414
2013.03.28 00:54:00.409,0.84403,0.84416
2013.03.28 00:54:02.209,0.84402,0.84416
2013.03.28 00:54:03.299,0.84402,0.84416
2013.03.28 00:54:03.722,0.84399,0.84413
2013.03.28 00:54:04.280,0.844,0.84413
2013.03.28 00:54:04.839,0.844,0.84412
2013.03.28 00:54:06.279,0.844,0.84414
2013.03.28 00:54:06.939,0.84401,0.84414
2013.03.28 00:54:07.500,0.844,0.84414
2013.03.28 00:54:09.665,0.844,0.84414
2013.03.28 00:54:15.989,0.844,0.84412
2013.03.28 00:54:17.990,0.844,0.84411
2013.03.28 00:54:19.051,0.844,0.84412
2013.03.28 00:54:21.112,0.84398,0.84411
2013.03.28 00:54:21.360,0.84397,0.84409
2013.03.28 00:54:21.610,0.84394,0.84406
2013.03.28 00:54:22.169,0.84392,0.84405
2013.03.28 00:54:22.424,0.84391,0.84405
2013.03.28 00:54:24.424,0.8439,0.84405
2013.03.28 00:54:24.550,0.8439,0.84405
2013.03.28 00:54:25.111,0.8439,0.84405
2013.03.28 00:54:25.930,0.8439,0.84403
2013.03.28 00:54:26.622,0.84389,0.84403
2013.03.28 00:54:27.637,0.84389,0.84403
2013.03.28 00:54:27.719,0.84388,0.84401
2013.03.28 00:54:27.839,0.84388,0.84401
2013.03.28 00:54:28.202,0.84389,0.84396
2013.03.28 00:54:28.691,0.84386,0.84396
2013.03.28 00:54:29.202,0.84387,0.844
2013.03.28 00:54:29.460,0.84387,0.84401
2013.03.28 00:54:29.711,0.84387,0.84401
2013.03.28 00:54:29.900,0.8439,0.84401
2013.03.28 00:54:29.960,0.8439,0.84401
2013.03.28 00:54:30.151,0.8439,0.84402
2013.03.28 00:54:30.714,0.8439,0.84403
2013.03.28 00:54:32.731,0.84388,0.84402
2013.03.28 00:54:32.873,0.84389,0.84402
2013.03.28 00:54:33.081,0.84389,0.844
2013.03.28 00:54:33.210,0.84389,0.84401
2013.03.28 00:54:34.160,0.84389,0.84401
2013.03.28 00:54:34.542,0.84387,0.84399
2013.03.28 00:54:34.729,0.84387,0.844
2013.03.28 00:54:36.651,0.84386,0.844
2013.03.28 00:54:37.228,0.84386,0.84398
2013.03.28 00:54:37.940,0.84387,0.844
2013.03.28 00:54:40.653,0.84387,0.84398
2013.03.28 00:54:40.840,0.84387,0.84398
2013.03.28 00:54:41.150,0.84387,0.84397
2013.03.28 00:54:42.552,0.84387,0.84396
2013.03.28 00:54:42.741,0.84387,0.84398
2013.03.28 00:54:43.241,0.84387,0.84396
2013.03.28 00:54:43.431,0.84387,0.84399
2013.03.28 00:54:43.742,0.84387,0.84397
2013.03.28 00:54:44.292,0.84386,0.84396
2013.03.28 00:54:44.932,0.84386,0.84396
2013.03.28 00:54:45.061,0.84386,0.84396
2013.03.28 00:54:45.191,0.84387,0.84401
2013.03.28 00:54:45.753,0.84388,0.84401
2013.03.28 00:54:46.001,0.84388,0.84397
2013.03.28 00:54:46.669,0.84385,0.84399
2013.03.28 00:54:46.789,0.84385,0.84398
2013.03.28 00:54:48.879,0.84386,0.84399
2013.03.28 00:54:48.940,0.84386,0.844
2013.03.28 00:54:49.408,0.84385,0.844
2013.03.28 00:54:49.710,0.84385,0.84398
2013.03.28 00:54:49.961,0.84383,0.84397
2013.03.28 00:54:50.032,0.84383,0.84397
2013.03.28 00:54:50.163,0.84383,0.84397
2013.03.28 00:54:51.463,0.84389,0.844
2013.03.28 00:54:51.710,0.84388,0.84401
2013.03.28 00:54:51.959,0.84387,0.84401
2013.03.28 00:54:52.499,0.84387,0.84401
2013.03.28 00:54:52.919,0.84388,0.84401
2013.03.28 00:54:53.280,0.84387,0.84397
2013.03.28 00:54:54.628,0.84388,0.84398
2013.03.28 00:54:54.771,0.84388,0.84401
2013.03.28 00:54:55.272,0.8439,0.84401
2013.03.28 00:54:55.899,0.8439,0.84401
2013.03.28 00:54:59.911,0.8439,0.84401
2013.03.28 00:55:00.283,0.8439,0.84403
2013.03.28 00:55:00.601,0.84394,0.84407
2013.03.28 00:55:00.671,0.844,0.84408
2013.03.28 00:55:00.741,0.84398,0.84406
2013.03.28 00:55:00.936,0.84401,0.84411
2013.03.28 00:55:01.285,0.84398,0.84409
2013.03.28 00:55:01.495,0.84397,0.84409
2013.03.28 00:55:01.561,0.84397,0.84409
2013.03.28 00:55:01.691,0.844,0.84411
2013.03.28 00:55:02.000,0.84399,0.84409
2013.03.28 00:55:02.070,0.84399,0.84411
2013.03.28 00:55:02.737,0.84399,0.84411
2013.03.28 00:55:03.241,0.84394,0.8441
2013.03.28 00:55:04.464,0.84393,0.8441
2013.03.28 00:55:05.020,0.84392,0.84408
2013.03.28 00:55:05.331,0.84392,0.84408
2013.03.28 00:55:05.401,0.84392,0.84408
2013.03.28 00:55:05.534,0.84389,0.84404
2013.03.28 00:55:05.602,0.84389,0.84403
2013.03.28 00:55:05.850,0.84387,0.84403
2013.03.28 00:55:06.159,0.84399,0.84413
2013.03.28 00:55:06.220,0.84399,0.84413
2013.03.28 00:55:06.352,0.84398,0.84412
2013.03.28 00:55:06.671,0.84396,0.8441
2013.03.28 00:55:06.869,0.84397,0.84411
2013.03.28 00:55:06.932,0.84398,0.84412
2013.03.28 00:55:07.131,0.844,0.84413
2013.03.28 00:55:07.641,0.844,0.84413
2013.03.28 00:55:08.201,0.84398,0.84413
2013.03.28 00:55:08.752,0.84399,0.84413
2013.03.28 00:55:09.270,0.84398,0.84413
2013.03.28 00:55:10.582,0.84399,0.84414
2013.03.28 00:55:11.131,0.84402,0.84415
2013.03.28 00:55:11.321,0.84402,0.84415
2013.03.28 00:55:11.641,0.84399,0.84414
2013.03.28 00:55:12.788,0.84398,0.84413
2013.03.28 00:55:13.290,0.84398,0.8441
2013.03.28 00:55:13.621,0.84398,0.84411
2013.03.28 00:55:14.180,0.84398,0.84412
2013.03.28 00:55:14.561,0.84398,0.84411
2013.03.28 00:55:15.109,0.84398,0.84409
2013.03.28 00:55:17.850,0.84398,0.8441
2013.03.28 00:55:18.150,0.84399,0.84412
2013.03.28 00:55:18.391,0.84399,0.84412
2013.03.28 00:55:27.138,0.84404,0.84417
2013.03.28 00:55:27.211,0.84404,0.84417
2013.03.28 00:55:27.340,0.84405,0.84418
2013.03.28 00:55:27.890,0.84404,0.84418
2013.03.28 00:55:29.271,0.84402,0.84415
2013.03.28 00:55:29.773,0.84402,0.84414
2013.03.28 00:55:30.365,0.84402,0.84414
2013.03.28 00:55:32.889,0.84402,0.84414
2013.03.28 00:55:42.830,0.84402,0.84414
2013.03.28 00:55:42.889,0.84402,0.84413
2013.03.28 00:55:42.950,0.84402,0.84412
2013.03.28 00:55:43.130,0.84397,0.8441
2013.03.28 00:55:43.189,0.84397,0.84411
2013.03.28 00:55:43.610,0.844,0.84414
2013.03.28 00:55:43.674,0.844,0.84411
2013.03.28 00:55:44.406,0.84398,0.84412
2013.03.28 00:55:46.130,0.84398,0.84412
2013.03.28 00:55:46.792,0.84398,0.84409
2013.03.28 00:55:47.103,0.84398,0.8441
2013.03.28 00:55:52.613,0.84398,0.84411
2013.03.28 00:55:52.930,0.84399,0.84412
2013.03.28 00:55:53.909,0.84401,0.84412
2013.03.28 00:55:57.689,0.84401,0.84411
2013.03.28 00:55:59.201,0.84401,0.84414
2013.03.28 00:55:59.330,0.84404,0.84414
2013.03.28 00:55:59.763,0.84402,0.84415
2013.03.28 00:56:03.972,0.84402,0.84415
2013.03.28 00:56:15.482,0.84403,0.84416
2013.03.28 00:56:18.879,0.84402,0.84417
2013.03.28 00:57:13.234,0.84402,0.84415
2013.03.28 00:57:13.362,0.84401,0.84415
2013.03.28 00:57:14.190,0.84401,0.84412
2013.03.28 00:57:28.632,0.84401,0.84412
2013.03.28 00:57:29.179,0.84401,0.84413
2013.03.28 00:57:36.026,0.84401,0.84413
2013.03.28 00:58:00.772,0.84401,0.84414
2013.03.28 00:58:01.292,0.84401,0.84413
2013.03.28 00:58:08.491,0.844,0.84413
2013.03.28 00:58:19.010,0.84402,0.84414
2013.03.28 00:58:19.290,0.84402,0.84414
2013.03.28 00:58:19.851,0.844,0.84416
2013.03.28 00:58:28.822,0.84401,0.84414
2013.03.28 00:58:29.371,0.84401,0.84414
2013.03.28 00:58:31.582,0.844,0.84412
2013.03.28 00:58:34.161,0.84401,0.84412
2013.03.28 00:58:36.511,0.844,0.8441
2013.03.28 00:58:37.060,0.844,0.84408
2013.03.28 00:58:37.720,0.84398,0.84407
2013.03.28 00:58:41.711,0.84397,0.84407
2013.03.28 00:58:44.446,0.84396,0.84407
2013.03.28 00:58:44.520,0.84394,0.84407
2013.03.28 00:58:44.702,0.84399,0.84407
2013.03.28 00:58:45.500,0.84399,0.84407
2013.03.28 00:58:50.233,0.84398,0.84407
2013.03.28 00:58:50.431,0.844,0.84406
2013.03.28 00:58:56.425,0.84394,0.84404
2013.03.28 00:58:56.793,0.84393,0.84406
2013.03.28 00:58:57.171,0.84395,0.84404
2013.03.28 00:58:57.481,0.84397,0.84405
2013.03.28 00:58:57.852,0.84394,0.84403
2013.03.28 00:58:59.830,0.84397,0.84404
2013.03.28 00:59:00.921,0.84396,0.84403
2013.03.28 00:59:00.991,0.84392,0.84401
2013.03.28 00:59:01.063,0.84388,0.84401
2013.03.28 00:59:01.610,0.84387,0.84398
2013.03.28 00:59:02.151,0.84387,0.84398
2013.03.28 00:59:04.480,0.84387,0.84398
2013.03.28 00:59:09.161,0.84387,0.84398
2013.03.28 00:59:23.410,0.84387,0.844
2013.03.28 00:59:33.450,0.8439,0.844
2013.03.28 00:59:33.960,0.84391,0.84401
2013.03.28 00:59:34.500,0.84392,0.84401
2013.03.28 00:59:35.653,0.84392,0.84402
2013.03.28 00:59:36.211,0.84394,0.84406
2013.03.28 00:59:36.762,0.84393,0.84405
2013.03.28 00:59:36.831,0.84393,0.84405
2013.03.28 00:59:38.120,0.84391,0.84405
2013.03.28 00:59:39.434,0.84391,0.84403
2013.03.28 00:59:43.220,0.84389,0.84401
2013.03.28 00:59:43.880,0.84387,0.84402
2013.03.28 00:59:44.810,0.84389,0.84403
2013.03.28 00:59:44.870,0.84391,0.84403
2013.03.28 00:59:45.170,0.84392,0.84403
2013.03.28 00:59:49.893,0.84394,0.84404
2013.03.28 00:59:50.093,0.84395,0.84406
2013.03.28 00:59:50.640,0.84395,0.84406
2013.03.28 00:59:51.316,0.84395,0.84406
2013.03.28 00:59:54.850,0.84395,0.84406
2013.03.28 00:59:58.030,0.84395,0.84405
2013.03.28 00:59:58.701,0.84395,0.84407
2013.03.28 00:59:59.261,0.84395,0.84407
2013.03.28 01:00:07.640,0.84395,0.84407
2013.03.28 01:00:15.220,0.84395,0.84406
2013.03.28 01:00:18.922,0.84395,0.84406
2013.03.28 01:00:23.721,0.84396,0.84407
2013.03.28 01:00:24.022,0.84398,0.84407
2013.03.28 01:00:24.090,0.84398,0.8441
2013.03.28 01:00:24.630,0.84398,0.84408
2013.03.28 01:00:26.482,0.84399,0.84411
2013.03.28 01:00:30.591,0.84398,0.84411
2013.03.28 01:00:31.418,0.84398,0.84411
2013.03.28 01:00:31.960,0.84398,0.84411
2013.03.28 01:00:35.510,0.84398,0.84411
2013.03.28 01:00:36.051,0.84398,0.84411
2013.03.28 01:00:43.902,0.84398,0.84411
2013.03.28 01:00:45.241,0.84398,0.84407
2013.03.28 01:00:45.380,0.84395,0.84406
2013.03.28 01:00:45.441,0.84398,0.84406
2013.03.28 01:00:46.237,0.84398,0.84406
2013.03.28 01:00:47.681,0.84398,0.84405
2013.03.28 01:00:48.110,0.84394,0.84404
2013.03.28 01:00:48.472,0.84394,0.84403
2013.03.28 01:00:49.571,0.84394,0.84406
2013.03.28 01:00:49.774,0.84394,0.84406
2013.03.28 01:00:55.095,0.84395,0.84406
2013.03.28 01:00:56.802,0.84396,0.84407
2013.03.28 01:00:56.931,0.84397,0.84408
2013.03.28 01:00:57.452,0.84399,0.84409
2013.03.28 01:00:57.580,0.84399,0.8441
2013.03.28 01:00:57.881,0.84397,0.84409
2013.03.28 01:00:58.551,0.84397,0.84406
2013.03.28 01:00:58.670,0.84394,0.84405
2013.03.28 01:01:01.134,0.84392,0.84403
2013.03.28 01:01:01.581,0.84391,0.84402
2013.03.28 01:01:01.763,0.84391,0.84404
2013.03.28 01:01:02.272,0.84391,0.84401
2013.03.28 01:01:02.780,0.84391,0.84404
2013.03.28 01:01:03.320,0.84391,0.84404
2013.03.28 01:01:03.862,0.84391,0.84404
2013.03.28 01:01:04.385,0.84391,0.84404
2013.03.28 01:01:08.381,0.84391,0.84404
2013.03.28 01:01:08.640,0.84391,0.84403
2013.03.28 01:01:08.820,0.84392,0.84405
2013.03.28 01:01:09.812,0.84392,0.84406
2013.03.28 01:01:10.382,0.84392,0.84408
2013.03.28 01:01:10.583,0.84393,0.84408
2013.03.28 01:01:10.711,0.84397,0.84408
2013.03.28 01:01:13.040,0.84397,0.84409
2013.03.28 01:01:16.901,0.84394,0.84409
2013.03.28 01:01:16.960,0.84394,0.84409
2013.03.28 01:01:17.512,0.84393,0.84409
2013.03.28 01:01:17.641,0.84395,0.84409
2013.03.28 01:01:19.794,0.84395,0.84409
2013.03.28 01:01:19.922,0.84395,0.84408
2013.03.28 01:01:20.051,0.84396,0.84411
2013.03.28 01:01:20.240,0.84396,0.84411
2013.03.28 01:01:20.602,0.84398,0.84414
2013.03.28 01:01:20.970,0.84397,0.84411
2013.03.28 01:01:21.271,0.84397,0.84411
2013.03.28 01:01:21.341,0.84397,0.84413
2013.03.28 01:01:22.901,0.84398,0.84415
2013.03.28 01:01:30.812,0.84401,0.84415
2013.03.28 01:01:31.121,0.84398,0.84413
2013.03.28 01:01:31.372,0.84398,0.84411
2013.03.28 01:01:46.598,0.84397,0.84411
2013.03.28 01:01:55.675,0.84399,0.84412
2013.03.28 01:01:58.860,0.84399,0.84413
2013.03.28 01:01:59.723,0.84399,0.84413
2013.03.28 01:02:01.441,0.84399,0.84413
2013.03.28 01:02:02.141,0.84399,0.84409
2013.03.28 01:02:02.261,0.84394,0.84406
2013.03.28 01:02:02.772,0.84393,0.84405
2013.03.28 01:02:05.104,0.84393,0.84406
2013.03.28 01:02:18.301,0.84393,0.84405
2013.03.28 01:02:30.613,0.84393,0.84404
2013.03.28 01:02:32.601,0.84393,0.84404
2013.03.28 01:02:33.689,0.84392,0.84405
2013.03.28 01:02:34.274,0.84392,0.84405
2013.03.28 01:02:41.621,0.84393,0.84405
2013.03.28 01:02:42.160,0.84393,0.84406
2013.03.28 01:02:42.641,0.84394,0.84403
2013.03.28 01:02:43.192,0.84394,0.84407
2013.03.28 01:02:43.702,0.84394,0.84407
2013.03.28 01:02:44.252,0.84394,0.84407
2013.03.28 01:02:45.023,0.84394,0.84409
2013.03.28 01:02:45.690,0.84394,0.84409
2013.03.28 01:02:49.473,0.84394,0.84408
2013.03.28 01:02:51.529,0.84394,0.84407
2013.03.28 01:02:53.261,0.84394,0.84407
2013.03.28 01:02:53.802,0.84394,0.84405
2013.03.28 01:02:54.970,0.84394,0.84408
2013.03.28 01:02:57.411,0.84394,0.84407
2013.03.28 01:02:58.553,0.84394,0.84407
2013.03.28 01:02:58.860,0.84395,0.84409
2013.03.28 01:03:26.971,0.84394,0.84408
2013.03.28 01:03:35.613,0.84394,0.84406
2013.03.28 01:03:38.871,0.84394,0.84406
2013.03.28 01:03:44.142,0.84393,0.84404
2013.03.28 01:03:45.503,0.84392,0.84404
2013.03.28 01:03:59.810,0.84391,0.84404
2013.03.28 01:04:00.404,0.84394,0.84405
2013.03.28 01:04:02.708,0.84394,0.84407
2013.03.28 01:04:05.793,0.84394,0.84405
2013.03.28 01:04:08.838,0.84394,0.84405
2013.03.28 01:04:11.981,0.84392,0.84406
2013.03.28 01:04:12.291,0.84395,0.84406
2013.03.28 01:04:13.080,0.84395,0.84409
2013.03.28 01:04:38.262,0.84397,0.84409
2013.03.28 01:04:43.471,0.84396,0.8441
2013.03.28 01:04:45.650,0.84396,0.84409
2013.03.28 01:04:50.133,0.84398,0.8441
2013.03.28 01:04:50.692,0.84398,0.84409
2013.03.28 01:04:51.362,0.84394,0.84407
2013.03.28 01:04:51.492,0.84394,0.84407
2013.03.28 01:04:52.041,0.84394,0.84408
2013.03.28 01:04:52.411,0.84394,0.84408
2013.03.28 01:04:59.461,0.84394,0.84408
2013.03.28 01:05:02.733,0.84394,0.84408
2013.03.28 01:05:12.881,0.84394,0.84408
2013.03.28 01:05:13.792,0.84394,0.84408
2013.03.28 01:05:15.944,0.84394,0.84408
2013.03.28 01:05:16.460,0.84394,0.84408
2013.03.28 01:05:27.691,0.84394,0.84407
2013.03.28 01:05:28.230,0.84394,0.84409
2013.03.28 01:05:29.782,0.84394,0.84408
2013.03.28 01:05:30.597,0.84394,0.84408
2013.03.28 01:05:36.560,0.84394,0.84408
2013.03.28 01:05:37.120,0.84392,0.84407
2013.03.28 01:05:38.051,0.84392,0.84407
2013.03.28 01:05:38.662,0.84393,0.84407
2013.03.28 01:05:39.878,0.84396,0.84407
2013.03.28 01:05:40.002,0.84397,0.8441
2013.03.28 01:05:40.071,0.84397,0.8441
2013.03.28 01:05:40.132,0.84397,0.84408
2013.03.28 01:05:40.321,0.84396,0.84405
2013.03.28 01:05:40.398,0.84393,0.84405
2013.03.28 01:05:42.052,0.84393,0.84405
2013.03.28 01:05:42.241,0.84391,0.84404
2013.03.28 01:05:42.781,0.84391,0.84403
2013.03.28 01:05:44.131,0.84391,0.84404
2013.03.28 01:05:44.251,0.84391,0.84404
2013.03.28 01:05:44.492,0.84389,0.84403
2013.03.28 01:05:55.881,0.84389,0.84401
2013.03.28 01:06:16.391,0.84392,0.84403
2013.03.28 01:06:28.841,0.84389,0.84402
2013.03.28 01:06:29.331,0.84388,0.84401
2013.03.28 01:06:31.901,0.84388,0.84402
2013.03.28 01:06:34.602,0.84388,0.84401
2013.03.28 01:06:34.674,0.84386,0.844
2013.03.28 01:06:34.983,0.84378,0.84393
2013.03.28 01:06:35.170,0.84378,0.84394
2013.03.28 01:06:35.471,0.84381,0.84395
2013.03.28 01:06:36.028,0.84381,0.84397
2013.03.28 01:06:36.093,0.84381,0.84397
2013.03.28 01:06:36.281,0.84381,0.84397
2013.03.28 01:06:36.662,0.84381,0.84397
2013.03.28 01:06:38.962,0.84383,0.84397
2013.03.28 01:06:39.331,0.84384,0.84399
2013.03.28 01:06:40.971,0.84385,0.844
2013.03.28 01:06:41.530,0.84386,0.84401
2013.03.28 01:06:43.162,0.84386,0.844
2013.03.28 01:06:43.470,0.84386,0.84399
2013.03.28 01:06:44.101,0.84384,0.84399
2013.03.28 01:06:54.053,0.84383,0.84397
2013.03.28 01:06:54.671,0.84383,0.84397
2013.03.28 01:06:54.736,0.8438,0.84395
2013.03.28 01:06:56.061,0.8438,0.84395
2013.03.28 01:06:59.022,0.84382,0.84395
2013.03.28 01:06:59.154,0.84381,0.84395
2013.03.28 01:06:59.353,0.84381,0.84395
2013.03.28 01:06:59.722,0.84381,0.84395
2013.03.28 01:07:00.037,0.84381,0.84395
2013.03.28 01:07:00.582,0.84382,0.84396
2013.03.28 01:07:00.712,0.84382,0.84395
2013.03.28 01:07:00.902,0.84382,0.84395
2013.03.28 01:07:01.961,0.84382,0.84396
2013.03.28 01:07:02.151,0.8438,0.84395
2013.03.28 01:07:03.861,0.84379,0.84394
2013.03.28 01:07:03.922,0.84379,0.84393
2013.03.28 01:07:06.642,0.84379,0.84391
2013.03.28 01:07:07.191,0.84378,0.84391
2013.03.28 01:07:07.681,0.84378,0.84391
2013.03.28 01:07:08.424,0.84378,0.84391
2013.03.28 01:07:08.802,0.84378,0.84391
2013.03.28 01:07:09.353,0.84378,0.84391
2013.03.28 01:07:13.482,0.84377,0.84391
2013.03.28 01:07:14.034,0.84377,0.84388
2013.03.28 01:07:14.582,0.84377,0.84388
2013.03.28 01:07:15.311,0.84377,0.84388
2013.03.28 01:07:17.162,0.84374,0.84388
2013.03.28 01:07:17.234,0.84374,0.84387
2013.03.28 01:07:17.304,0.84374,0.84387
2013.03.28 01:07:17.433,0.84374,0.84387
2013.03.28 01:07:17.759,0.84376,0.84387
2013.03.28 01:07:18.633,0.84377,0.8439
2013.03.28 01:07:24.191,0.84377,0.8439
2013.03.28 01:07:24.673,0.84379,0.84391
2013.03.28 01:07:24.982,0.84379,0.84391
2013.03.28 01:07:27.380,0.84378,0.84392
2013.03.28 01:07:29.952,0.84379,0.84393
2013.03.28 01:07:40.341,0.84378,0.84392
2013.03.28 01:07:40.730,0.84378,0.84392
2013.03.28 01:07:40.870,0.84377,0.84389
2013.03.28 01:07:41.302,0.84378,0.84389
2013.03.28 01:07:42.412,0.84378,0.84389
2013.03.28 01:07:46.496,0.84376,0.84388
2013.03.28 01:07:47.015,0.84377,0.84388
2013.03.28 01:07:47.704,0.84378,0.84389
2013.03.28 01:07:47.832,0.84378,0.84393
2013.03.28 01:07:47.902,0.84377,0.84392
2013.03.28 01:07:48.231,0.84377,0.84389
2013.03.28 01:07:48.771,0.84377,0.84388
2013.03.28 01:07:50.212,0.84377,0.84389
2013.03.28 01:07:50.736,0.84377,0.84389
2013.03.28 01:08:16.423,0.84377,0.84391
2013.03.28 01:08:16.613,0.84377,0.84391
2013.03.28 01:08:16.861,0.84377,0.84391
2013.03.28 01:08:17.422,0.84377,0.84388
2013.03.28 01:08:20.276,0.84377,0.84391
2013.03.28 01:08:20.523,0.84377,0.84391
2013.03.28 01:08:20.970,0.8438,0.84394
2013.03.28 01:08:21.482,0.84379,0.84392
2013.03.28 01:08:23.891,0.84381,0.84397
2013.03.28 01:08:24.072,0.84381,0.84397
2013.03.28 01:08:24.630,0.84381,0.84397
2013.03.28 01:08:25.251,0.8438,0.84394
2013.03.28 01:08:29.381,0.84382,0.84396
2013.03.28 01:08:30.911,0.8438,0.84394
2013.03.28 01:08:31.455,0.84381,0.84396
2013.03.28 01:08:31.838,0.84381,0.84395
2013.03.28 01:08:31.962,0.84381,0.84395
2013.03.28 01:08:32.381,0.84381,0.84395
2013.03.28 01:08:36.826,0.84379,0.84393
2013.03.28 01:08:39.621,0.84383,0.84394
2013.03.28 01:08:40.182,0.84386,0.84395
2013.03.28 01:08:43.220,0.84387,0.84395
2013.03.28 01:08:49.722,0.84387,0.84396
2013.03.28 01:08:51.764,0.84387,0.84397
2013.03.28 01:08:51.964,0.84382,0.84395
2013.03.28 01:08:52.470,0.84385,0.84395
2013.03.28 01:08:53.010,0.84385,0.84396
2013.03.28 01:08:53.512,0.84385,0.84396
2013.03.28 01:08:56.845,0.84385,0.84398
2013.03.28 01:08:56.913,0.84388,0.84398
2013.03.28 01:08:57.461,0.84386,0.84398
2013.03.28 01:08:57.641,0.84386,0.84398
2013.03.28 01:08:58.181,0.84389,0.84398
2013.03.28 01:08:58.602,0.84386,0.84398
2013.03.28 01:08:58.790,0.84388,0.84398
2013.03.28 01:08:58.975,0.84386,0.84398
2013.03.28 01:08:59.281,0.84388,0.84398
2013.03.28 01:08:59.401,0.84387,0.84398
2013.03.28 01:08:59.704,0.84389,0.84397
2013.03.28 01:09:00.251,0.84389,0.84397
2013.03.28 01:09:01.183,0.84389,0.84397
2013.03.28 01:09:01.861,0.84388,0.84397
2013.03.28 01:09:02.411,0.84383,0.84399
2013.03.28 01:09:02.530,0.84383,0.84399
2013.03.28 01:09:03.081,0.84383,0.84399
2013.03.28 01:09:03.922,0.84383,0.84397
2013.03.28 01:09:04.172,0.84384,0.84398
2013.03.28 01:09:04.721,0.84384,0.84398
2013.03.28 01:09:08.343,0.84383,0.84397
2013.03.28 01:09:08.891,0.84383,0.84397
2013.03.28 01:09:10.533,0.84381,0.84396
2013.03.28 01:09:10.603,0.84381,0.84395
2013.03.28 01:09:11.182,0.84378,0.84393
2013.03.28 01:09:23.853,0.84378,0.84395
2013.03.28 01:09:24.172,0.84381,0.84397
2013.03.28 01:09:25.317,0.84382,0.84398
2013.03.28 01:09:25.404,0.84381,0.84398
2013.03.28 01:09:27.249,0.84381,0.84398
2013.03.28 01:09:27.382,0.84382,0.84397
2013.03.28 01:09:28.494,0.84382,0.84396
2013.03.28 01:09:37.952,0.84381,0.84397
2013.03.28 01:09:38.083,0.84382,0.84398
2013.03.28 01:09:38.212,0.84383,0.84397
2013.03.28 01:09:38.522,0.84382,0.84397
2013.03.28 01:09:39.070,0.84382,0.84396
2013.03.28 01:09:41.136,0.84382,0.84396
2013.03.28 01:09:41.503,0.84383,0.84398
2013.03.28 01:09:41.691,0.84383,0.84398
2013.03.28 01:09:42.051,0.84383,0.84398
2013.03.28 01:09:43.590,0.84383,0.84398
2013.03.28 01:09:44.251,0.84383,0.84398
2013.03.28 01:09:44.931,0.84383,0.84398
2013.03.28 01:09:45.899,0.84383,0.84398
2013.03.28 01:09:47.384,0.84383,0.84398
2013.03.28 01:09:49.711,0.84382,0.84397
2013.03.28 01:09:50.251,0.84385,0.84399
2013.03.28 01:09:50.790,0.84385,0.84399
2013.03.28 01:09:51.342,0.84385,0.84399
2013.03.28 01:09:52.102,0.84385,0.84401
2013.03.28 01:09:52.651,0.84385,0.84398
2013.03.28 01:09:53.841,0.84385,0.84398
2013.03.28 01:09:54.381,0.84385,0.84398
2013.03.28 01:09:56.492,0.84387,0.84398
2013.03.28 01:10:18.471,0.84386,0.84398
2013.03.28 01:10:18.593,0.84386,0.84397
2013.03.28 01:10:18.722,0.84383,0.84397
2013.03.28 01:10:18.851,0.84383,0.84397
2013.03.28 01:10:19.391,0.84382,0.84396
2013.03.28 01:10:53.336,0.84382,0.84396
2013.03.28 01:10:53.401,0.84382,0.84398
2013.03.28 01:10:53.921,0.84384,0.84396
2013.03.28 01:10:55.312,0.84384,0.84398
2013.03.28 01:10:55.371,0.84384,0.84399
2013.03.28 01:10:55.561,0.84384,0.84398
2013.03.28 01:10:55.920,0.84384,0.84396
2013.03.28 01:10:57.223,0.84382,0.84395
2013.03.28 01:10:57.671,0.84387,0.84398
2013.03.28 01:10:57.793,0.84386,0.84401
2013.03.28 01:10:57.921,0.84387,0.84401
2013.03.28 01:10:58.162,0.84385,0.844
2013.03.28 01:10:58.232,0.84385,0.844
2013.03.28 01:10:59.506,0.84384,0.844
2013.03.28 01:11:04.811,0.84387,0.844
2013.03.28 01:11:04.932,0.84387,0.84403
2013.03.28 01:11:05.003,0.8439,0.84403
2013.03.28 01:11:05.192,0.84391,0.84403
2013.03.28 01:11:06.981,0.84392,0.84402
2013.03.28 01:11:07.512,0.84391,0.84403
2013.03.28 01:11:08.031,0.84392,0.84402
2013.03.28 01:11:08.853,0.84388,0.84403
2013.03.28 01:11:08.921,0.84388,0.84403
2013.03.28 01:11:09.441,0.84388,0.84402
2013.03.28 01:11:09.957,0.84389,0.84402
2013.03.28 01:11:11.081,0.84388,0.84402
2013.03.28 01:11:11.462,0.84388,0.844
2013.03.28 01:11:11.532,0.84384,0.844
2013.03.28 01:11:11.665,0.84383,0.84398
2013.03.28 01:11:11.791,0.84383,0.84398
2013.03.28 01:11:12.957,0.84384,0.84399
2013.03.28 01:11:26.382,0.84383,0.84397
2013.03.28 01:11:28.288,0.84384,0.84397
2013.03.28 01:11:28.824,0.84384,0.84399
2013.03.28 01:11:32.012,0.84384,0.844
2013.03.28 01:11:32.141,0.84386,0.844
2013.03.28 01:11:32.321,0.84386,0.844
2013.03.28 01:11:33.682,0.84386,0.844
2013.03.28 01:11:34.244,0.84386,0.84401
2013.03.28 01:11:37.621,0.84386,0.84401
2013.03.28 01:11:39.051,0.84386,0.84401
2013.03.28 01:11:39.911,0.84386,0.84401
2013.03.28 01:11:44.011,0.84386,0.84401
2013.03.28 01:11:50.172,0.84386,0.84401
2013.03.28 01:11:54.862,0.84386,0.844
2013.03.28 01:11:54.932,0.84386,0.84399
2013.03.28 01:11:55.062,0.84386,0.84399
2013.03.28 01:11:55.935,0.84386,0.84399
2013.03.28 01:11:56.494,0.84386,0.84399
2013.03.28 01:11:57.021,0.84388,0.84401
2013.03.28 01:12:07.342,0.84389,0.84402
2013.03.28 01:12:07.533,0.84389,0.84403
2013.03.28 01:12:08.081,0.84391,0.84403
2013.03.28 01:12:08.586,0.84391,0.84406
2013.03.28 01:12:09.132,0.84391,0.84405
2013.03.28 01:12:14.220,0.84392,0.84407
2013.03.28 01:12:14.811,0.84392,0.84407
2013.03.28 01:12:16.915,0.84394,0.84409
2013.03.28 01:12:17.018,0.84398,0.84411
2013.03.28 01:12:17.323,0.84398,0.84414
2013.03.28 01:12:17.574,0.844,0.84415
2013.03.28 01:12:18.131,0.84398,0.84415
2013.03.28 01:12:19.423,0.844,0.84413
2013.03.28 01:12:22.391,0.84398,0.84413
2013.03.28 01:12:30.078,0.84398,0.84413
2013.03.28 01:12:30.671,0.84398,0.84413
2013.03.28 01:12:30.853,0.84397,0.84411
2013.03.28 01:12:30.924,0.84396,0.84411
2013.03.28 01:12:31.315,0.84396,0.84407
2013.03.28 01:12:33.892,0.84395,0.84405
2013.03.28 01:12:38.796,0.84393,0.84406
2013.03.28 01:12:42.308,0.84394,0.84409
2013.03.28 01:12:42.843,0.84398,0.84411
2013.03.28 01:12:43.354,0.84397,0.84411
2013.03.28 01:12:43.772,0.84397,0.8441
2013.03.28 01:12:46.191,0.84397,0.84412
2013.03.28 01:12:46.510,0.84396,0.84412
2013.03.28 01:12:46.854,0.84396,0.8441
2013.03.28 01:12:48.202,0.84396,0.8441
2013.03.28 01:12:48.750,0.84396,0.84408
2013.03.28 01:12:49.529,0.84397,0.84409
2013.03.28 01:12:50.042,0.84396,0.8441
2013.03.28 01:12:51.712,0.84396,0.8441
2013.03.28 01:12:52.571,0.84396,0.84408
2013.03.28 01:12:53.022,0.84396,0.84407
2013.03.28 01:12:57.432,0.84394,0.84409
2013.03.28 01:12:57.996,0.84394,0.84406
2013.03.28 01:13:10.332,0.84394,0.84408
2013.03.28 01:13:15.391,0.84395,0.84409
2013.03.28 01:13:20.774,0.84395,0.84409
2013.03.28 01:13:20.904,0.84395,0.84409
2013.03.28 01:13:20.974,0.84395,0.84409
2013.03.28 01:13:21.463,0.84397,0.84412
2013.03.28 01:13:21.832,0.84397,0.84412
2013.03.28 01:13:30.521,0.84399,0.84414
2013.03.28 01:13:30.641,0.84396,0.84413
2013.03.28 01:13:31.181,0.84397,0.84411
2013.03.28 01:13:32.170,0.84397,0.84411
2013.03.28 01:13:36.804,0.84398,0.84412
2013.03.28 01:13:37.434,0.84399,0.84414
2013.03.28 01:13:38.302,0.84398,0.84413
2013.03.28 01:13:38.864,0.84397,0.84411
2013.03.28 01:13:39.171,0.84397,0.84411
2013.03.28 01:13:44.172,0.84397,0.84411
2013.03.28 01:13:44.482,0.84397,0.84409
2013.03.28 01:13:51.403,0.844,0.84414
2013.03.28 01:13:51.534,0.84402,0.84417
2013.03.28 01:13:52.041,0.84403,0.84418
2013.03.28 01:13:52.413,0.84403,0.84415
2013.03.28 01:13:53.951,0.84404,0.84419
2013.03.28 01:13:54.484,0.84404,0.84419
2013.03.28 01:13:56.092,0.84404,0.84419
2013.03.28 01:13:58.633,0.84404,0.84419
2013.03.28 01:13:59.181,0.84404,0.84419
2013.03.28 01:13:59.691,0.84404,0.84416
2013.03.28 01:14:09.851,0.84403,0.84415
2013.03.28 01:14:10.034,0.84402,0.84415
2013.03.28 01:14:10.970,0.84402,0.84415
2013.03.28 01:14:19.421,0.84402,0.84415
2013.03.28 01:14:19.981,0.84402,0.84417
2013.03.28 01:14:38.941,0.84402,0.84418
2013.03.28 01:14:46.809,0.84402,0.84416
2013.03.28 01:14:47.353,0.84401,0.84413
2013.03.28 01:14:52.452,0.84401,0.84415
2013.03.28 01:14:52.512,0.84401,0.84417
2013.03.28 01:14:52.692,0.84402,0.84415
2013.03.28 01:14:53.201,0.84402,0.84413
2013.03.28 01:14:59.692,0.84403,0.84416
2013.03.28 01:15:01.292,0.84402,0.84414
2013.03.28 01:15:01.843,0.84403,0.84413
2013.03.28 01:15:02.523,0.84402,0.84413
2013.03.28 01:15:02.902,0.84402,0.84416
2013.03.28 01:15:03.451,0.84404,0.8442
2013.03.28 01:15:06.291,0.84404,0.8442
2013.03.28 01:15:06.655,0.84405,0.84419
2013.03.28 01:15:06.854,0.84404,0.84418
2013.03.28 01:15:10.694,0.84406,0.84421
2013.03.28 01:15:11.530,0.84407,0.84423
2013.03.28 01:15:15.962,0.84406,0.84423
2013.03.28 01:15:20.457,0.84406,0.84423
2013.03.28 01:15:21.153,0.84406,0.84422
2013.03.28 01:15:24.712,0.84407,0.84422
2013.03.28 01:15:25.192,0.84407,0.84422
2013.03.28 01:15:29.492,0.84405,0.8442
2013.03.28 01:15:40.720,0.84404,0.84419
2013.03.28 01:15:49.533,0.84406,0.8442
2013.03.28 01:15:49.723,0.84404,0.84419
2013.03.28 01:15:49.914,0.84404,0.84417
2013.03.28 01:16:27.181,0.84404,0.84419
2013.03.28 01:16:43.514,0.84405,0.84419
2013.03.28 01:16:43.646,0.84405,0.8442
2013.03.28 01:16:44.072,0.84408,0.8442
2013.03.28 01:16:44.611,0.84408,0.8442
2013.03.28 01:16:47.413,0.84409,0.84423
2013.03.28 01:16:50.061,0.8441,0.84423
2013.03.28 01:16:50.602,0.84411,0.84423
2013.03.28 01:16:51.530,0.84409,0.84423
2013.03.28 01:16:51.601,0.84409,0.84423
2013.03.28 01:17:01.622,0.8441,0.84423
2013.03.28 01:17:02.915,0.8441,0.84423
2013.03.28 01:17:08.140,0.8441,0.84424
2013.03.28 01:17:08.294,0.8441,0.84423
2013.03.28 01:17:08.482,0.84409,0.84423
2013.03.28 01:17:08.731,0.84409,0.84423
2013.03.28 01:17:09.272,0.84407,0.84422
2013.03.28 01:17:58.192,0.84405,0.84419
2013.03.28 01:17:58.733,0.84405,0.84419
2013.03.28 01:17:58.862,0.84406,0.84419
2013.03.28 01:17:59.202,0.84407,0.84421
2013.03.28 01:17:59.751,0.84405,0.84419
2013.03.28 01:18:02.654,0.84406,0.84419
2013.03.28 01:18:02.903,0.84406,0.84419
2013.03.28 01:18:03.332,0.84407,0.84419
2013.03.28 01:18:04.063,0.84406,0.84419
2013.03.28 01:18:08.414,0.84404,0.84418
2013.03.28 01:18:08.733,0.84403,0.84415
2013.03.28 01:18:09.533,0.84403,0.84414
2013.03.28 01:18:09.964,0.84403,0.84417
2013.03.28 01:18:10.092,0.84404,0.84417
2013.03.28 01:18:10.212,0.84403,0.84417
2013.03.28 01:18:11.521,0.84403,0.84417
2013.03.28 01:18:11.642,0.84403,0.84416
2013.03.28 01:18:12.710,0.84401,0.84415
2013.03.28 01:18:12.792,0.84402,0.84413
2013.03.28 01:18:15.214,0.84402,0.84414
2013.03.28 01:18:34.672,0.84403,0.84416
2013.03.28 01:18:39.822,0.84402,0.84415
2013.03.28 01:18:40.765,0.84402,0.84416
2013.03.28 01:18:41.322,0.84403,0.84418
2013.03.28 01:18:49.962,0.84405,0.84419
2013.03.28 01:18:50.364,0.84406,0.84419
2013.03.28 01:18:54.121,0.84406,0.84419
2013.03.28 01:19:08.322,0.84406,0.84419
2013.03.28 01:19:08.621,0.84406,0.84418
2013.03.28 01:19:08.862,0.84406,0.84418
2013.03.28 01:19:09.452,0.84409,0.84422
2013.03.28 01:19:09.512,0.84409,0.84422
2013.03.28 01:19:09.753,0.84409,0.84422
2013.03.28 01:19:09.884,0.84409,0.84422
2013.03.28 01:19:10.312,0.84407,0.84422
2013.03.28 01:19:12.292,0.84407,0.84422
2013.03.28 01:19:32.265,0.84405,0.84417
2013.03.28 01:19:36.522,0.84406,0.84421
2013.03.28 01:19:37.123,0.84406,0.84421
2013.03.28 01:19:38.490,0.84406,0.84421
2013.03.28 01:19:40.721,0.84406,0.84421
2013.03.28 01:19:41.343,0.84406,0.84421
2013.03.28 01:19:42.031,0.84406,0.84422
2013.03.28 01:19:50.104,0.84407,0.84422
2013.03.28 01:19:50.652,0.84407,0.84422
2013.03.28 01:19:52.522,0.84407,0.84422
2013.03.28 01:19:52.888,0.84407,0.84421
2013.03.28 01:19:56.383,0.84407,0.8442
2013.03.28 01:20:00.062,0.84407,0.84422
2013.03.28 01:20:00.123,0.84407,0.84422
2013.03.28 01:20:00.661,0.84407,0.84422
2013.03.28 01:20:04.081,0.84406,0.84422
2013.03.28 01:20:04.142,0.84407,0.84422
2013.03.28 01:20:13.051,0.84408,0.84422
2013.03.28 01:20:37.719,0.84408,0.84423
2013.03.28 01:20:42.803,0.84408,0.84422
2013.03.28 01:20:56.172,0.84408,0.84421
2013.03.28 01:20:56.931,0.84408,0.84421
2013.03.28 01:21:00.442,0.84408,0.84423
2013.03.28 01:21:12.164,0.8441,0.84422
2013.03.28 01:21:12.723,0.8441,0.84422
2013.03.28 01:21:13.623,0.84409,0.84422
2013.03.28 01:21:14.131,0.84409,0.84422
2013.03.28 01:21:14.671,0.84409,0.84422
2013.03.28 01:21:15.251,0.84408,0.84422
2013.03.28 01:21:18.722,0.84408,0.84421
2013.03.28 01:21:22.912,0.84408,0.84421
2013.03.28 01:21:24.831,0.84408,0.84421
2013.03.28 01:21:27.853,0.84408,0.84421
2013.03.28 01:21:28.403,0.84406,0.84421
2013.03.28 01:21:28.913,0.84407,0.84421
2013.03.28 01:21:31.593,0.84405,0.84418
2013.03.28 01:21:31.664,0.84404,0.84418
2013.03.28 01:21:32.172,0.84404,0.84416
2013.03.28 01:21:36.402,0.84404,0.84416
2013.03.28 01:21:36.959,0.84403,0.84416
2013.03.28 01:21:37.477,0.84403,0.84417
2013.03.28 01:21:38.113,0.84403,0.84416
2013.03.28 01:21:38.624,0.84403,0.84416
2013.03.28 01:21:39.144,0.84403,0.84413
2013.03.28 01:21:39.393,0.844,0.84413
2013.03.28 01:21:39.896,0.844,0.84413
2013.03.28 01:21:40.452,0.844,0.84413
2013.03.28 01:21:42.063,0.84398,0.84411
2013.03.28 01:21:42.196,0.84398,0.84411
2013.03.28 01:21:42.263,0.84395,0.84409
2013.03.28 01:21:42.784,0.84395,0.84409
2013.03.28 01:21:43.358,0.84395,0.84409
2013.03.28 01:21:44.611,0.84396,0.84411
2013.03.28 01:21:45.353,0.84398,0.84412
2013.03.28 01:21:45.433,0.84398,0.84413
2013.03.28 01:21:45.507,0.84398,0.84413
2013.03.28 01:21:46.064,0.84397,0.84413
2013.03.28 01:21:47.103,0.84397,0.84413
2013.03.28 01:21:47.644,0.84397,0.84413
2013.03.28 01:21:50.912,0.84396,0.84412
2013.03.28 01:21:59.205,0.84397,0.84412
2013.03.28 01:21:59.345,0.84397,0.8441
2013.03.28 01:21:59.592,0.84395,0.84408
2013.03.28 01:21:59.715,0.84395,0.84407
2013.03.28 01:22:00.145,0.84395,0.84409
2013.03.28 01:22:00.452,0.84396,0.84411
2013.03.28 01:22:00.513,0.84397,0.84412
2013.03.28 01:22:01.101,0.84397,0.84411
2013.03.28 01:22:02.211,0.84397,0.84411
2013.03.28 01:22:02.983,0.84397,0.84413
2013.03.28 01:22:03.234,0.84401,0.84415
2013.03.28 01:22:03.303,0.84401,0.84417
2013.03.28 01:22:03.435,0.84403,0.84418
2013.03.28 01:22:03.953,0.84404,0.84418
2013.03.28 01:22:04.262,0.84404,0.84417
2013.03.28 01:22:05.438,0.84404,0.84417
2013.03.28 01:22:05.743,0.84402,0.84416
2013.03.28 01:22:05.814,0.84403,0.84416
2013.03.28 01:22:06.247,0.84403,0.84417
2013.03.28 01:22:06.803,0.84404,0.84417
2013.03.28 01:22:07.286,0.84404,0.84417
2013.03.28 01:22:07.676,0.84406,0.84416
2013.03.28 01:22:08.186,0.84406,0.84415
2013.03.28 01:22:08.923,0.84406,0.84416
2013.03.28 01:22:09.164,0.84406,0.84417
2013.03.28 01:22:09.849,0.84407,0.84418
2013.03.28 01:22:09.913,0.84405,0.84417
2013.03.28 01:22:10.093,0.84405,0.84417
2013.03.28 01:22:10.672,0.84408,0.84418
2013.03.28 01:22:11.513,0.84407,0.84418
2013.03.28 01:22:17.202,0.84407,0.84419
2013.03.28 01:22:19.503,0.84406,0.84419
2013.03.28 01:22:25.375,0.84406,0.84419
2013.03.28 01:22:45.142,0.84408,0.84421
2013.03.28 01:22:45.649,0.84408,0.84421
2013.03.28 01:22:46.000,0.84409,0.84423
2013.03.28 01:22:46.371,0.84411,0.84424
2013.03.28 01:22:47.204,0.84412,0.84424
2013.03.28 01:22:49.522,0.84412,0.84426
2013.03.28 01:22:50.395,0.84411,0.84425
2013.03.28 01:22:50.933,0.84412,0.84426
2013.03.28 01:22:52.253,0.84412,0.84425
2013.03.28 01:22:52.778,0.84412,0.84426
2013.03.28 01:22:53.023,0.84412,0.84426
2013.03.28 01:22:53.623,0.84413,0.84427
2013.03.28 01:22:54.094,0.84413,0.84427
2013.03.28 01:22:54.643,0.84413,0.84425
2013.03.28 01:23:01.174,0.8441,0.84421
2013.03.28 01:23:01.245,0.84409,0.84421
2013.03.28 01:23:01.493,0.8441,0.84421
2013.03.28 01:23:28.423,0.8441,0.84421
2013.03.28 01:23:28.902,0.84411,0.84424
2013.03.28 01:23:30.851,0.84409,0.84424
2013.03.28 01:23:30.912,0.84409,0.84424
2013.03.28 01:23:31.153,0.84409,0.84423
2013.03.28 01:23:42.192,0.84409,0.84424
2013.03.28 01:23:42.556,0.8441,0.84424
2013.03.28 01:23:47.432,0.84409,0.84424
2013.03.28 01:23:59.672,0.8441,0.84425
2013.03.28 01:24:00.371,0.84409,0.84423
2013.03.28 01:24:03.862,0.8441,0.84423
2013.03.28 01:24:03.939,0.8441,0.84425
2013.03.28 01:24:04.193,0.84413,0.84426
2013.03.28 01:24:06.032,0.84414,0.84425
2013.03.28 01:24:11.667,0.84413,0.84425
2013.03.28 01:24:12.525,0.84413,0.84425
2013.03.28 01:24:20.536,0.84419,0.84428
2013.03.28 01:24:21.082,0.84419,0.84428
2013.03.28 01:24:23.305,0.84418,0.8443
2013.03.28 01:24:23.854,0.8442,0.84429
2013.03.28 01:24:24.635,0.84416,0.84429
2013.03.28 01:24:25.062,0.84417,0.84427
2013.03.28 01:24:26.423,0.84417,0.84428
2013.03.28 01:24:57.583,0.84418,0.84429
2013.03.28 01:24:58.086,0.84419,0.84431
2013.03.28 01:24:58.214,0.8442,0.84431
2013.03.28 01:24:58.533,0.8442,0.84431
2013.03.28 01:25:00.425,0.8442,0.84429
2013.03.28 01:25:01.132,0.8442,0.84429
2013.03.28 01:25:03.582,0.8442,0.8443
2013.03.28 01:25:11.503,0.84421,0.84431
2013.03.28 01:25:13.057,0.84421,0.84431
2013.03.28 01:25:13.903,0.8442,0.84431
2013.03.28 01:25:24.150,0.8442,0.84431
2013.03.28 01:25:28.269,0.84418,0.84432
2013.03.28 01:25:28.562,0.84418,0.84432
2013.03.28 01:25:29.184,0.84419,0.84433
2013.03.28 01:25:33.993,0.8442,0.84433
2013.03.28 01:25:45.215,0.8442,0.84434
2013.03.28 01:25:46.247,0.8442,0.84432
2013.03.28 01:25:58.193,0.8442,0.84433
2013.03.28 01:26:00.238,0.84421,0.84434
2013.03.28 01:26:00.792,0.84422,0.84435
2013.03.28 01:26:07.066,0.84422,0.84436
2013.03.28 01:26:25.603,0.84421,0.84431
2013.03.28 01:26:26.672,0.84421,0.84433
2013.03.28 01:26:27.484,0.84421,0.84433
2013.03.28 01:26:36.034,0.84421,0.84432
2013.03.28 01:26:36.582,0.84421,0.84428
2013.03.28 01:26:37.122,0.84421,0.84429
2013.03.28 01:26:41.663,0.84421,0.8443
2013.03.28 01:26:45.639,0.84421,0.84428
2013.03.28 01:26:46.751,0.8442,0.84428
2013.03.28 01:26:48.183,0.84421,0.84428
2013.03.28 01:26:51.942,0.8442,0.84428
2013.03.28 01:26:52.075,0.84419,0.84428
2013.03.28 01:26:52.624,0.84419,0.84428
2013.03.28 01:26:52.993,0.84416,0.84428
2013.03.28 01:26:53.917,0.84414,0.84424
2013.03.28 01:26:54.292,0.84414,0.84423
2013.03.28 01:26:54.834,0.84414,0.84422
2013.03.28 01:26:54.902,0.84414,0.84422
2013.03.28 01:26:55.324,0.84414,0.84428
2013.03.28 01:26:55.453,0.84416,0.84428
2013.03.28 01:26:55.992,0.84416,0.84428
2013.03.28 01:27:05.612,0.84416,0.84426
2013.03.28 01:27:06.114,0.84416,0.84426
2013.03.28 01:27:06.624,0.84416,0.84426
2013.03.28 01:27:06.942,0.84416,0.84426
2013.03.28 01:27:07.183,0.84416,0.84426
2013.03.28 01:27:08.216,0.84416,0.84426
2013.03.28 01:27:08.772,0.84415,0.84426
2013.03.28 01:27:08.953,0.84416,0.84426
2013.03.28 01:27:09.194,0.84416,0.84426
2013.03.28 01:27:10.533,0.84416,0.84426
2013.03.28 01:27:10.724,0.84416,0.84426
2013.03.28 01:27:11.272,0.84415,0.84426
2013.03.28 01:27:11.393,0.84415,0.84426
2013.03.28 01:27:12.113,0.84415,0.84426
2013.03.28 01:27:12.423,0.84415,0.84426
2013.03.28 01:27:12.662,0.84415,0.84426
2013.03.28 01:27:12.969,0.84415,0.84426
2013.03.28 01:27:13.153,0.84415,0.84426
2013.03.28 01:27:13.953,0.84416,0.84426
2013.03.28 01:27:14.503,0.84415,0.84426
2013.03.28 01:27:15.234,0.84414,0.84426
2013.03.28 01:27:15.663,0.84415,0.84423
2013.03.28 01:27:16.084,0.84416,0.84423
2013.03.28 01:27:16.393,0.84413,0.84423
2013.03.28 01:27:19.702,0.84413,0.84426
2013.03.28 01:27:19.884,0.84414,0.84427
2013.03.28 01:27:20.207,0.84414,0.84427
2013.03.28 01:27:20.454,0.84415,0.84427
2013.03.28 01:27:21.549,0.84414,0.84427
2013.03.28 01:27:21.616,0.84415,0.84427
2013.03.28 01:27:21.744,0.84415,0.84427
2013.03.28 01:27:21.944,0.84415,0.84427
2013.03.28 01:27:22.492,0.84415,0.84427
2013.03.28 01:27:22.613,0.84415,0.84427
2013.03.28 01:27:22.733,0.84415,0.84427
2013.03.28 01:27:22.913,0.84415,0.84427
2013.03.28 01:27:23.175,0.84415,0.84427
2013.03.28 01:27:23.423,0.84416,0.84427
2013.03.28 01:27:23.682,0.84415,0.84427
2013.03.28 01:27:23.922,0.84416,0.84427
2013.03.28 01:27:24.223,0.84415,0.84427
2013.03.28 01:27:24.402,0.84415,0.84427
2013.03.28 01:27:24.713,0.84415,0.84427
2013.03.28 01:27:24.903,0.84416,0.84427
2013.03.28 01:27:25.203,0.84415,0.84427
2013.03.28 01:27:25.463,0.84416,0.84427
2013.03.28 01:27:25.712,0.84415,0.84427
2013.03.28 01:27:25.893,0.84415,0.84427
2013.03.28 01:27:26.724,0.84415,0.84427
2013.03.28 01:27:27.033,0.84415,0.84427
2013.03.28 01:27:27.214,0.84415,0.84427
2013.03.28 01:27:27.473,0.84416,0.84427
2013.03.28 01:27:27.652,0.84415,0.84427
2013.03.28 01:27:27.953,0.84415,0.84427
2013.03.28 01:27:28.154,0.84415,0.84427
2013.03.28 01:27:28.894,0.84414,0.84427
2013.03.28 01:27:29.233,0.84413,0.84427
2013.03.28 01:27:29.543,0.84413,0.84427
2013.03.28 01:27:29.663,0.84412,0.84426
2013.03.28 01:27:30.027,0.84414,0.84426
2013.03.28 01:27:30.216,0.84413,0.84426
2013.03.28 01:27:30.403,0.84413,0.84426
2013.03.28 01:27:30.703,0.84413,0.84426
2013.03.28 01:27:30.882,0.84413,0.84426
2013.03.28 01:27:31.242,0.84413,0.84426
2013.03.28 01:27:31.423,0.84413,0.84426
2013.03.28 01:27:31.724,0.84412,0.84423
2013.03.28 01:27:32.463,0.84414,0.84424
2013.03.28 01:27:33.197,0.84413,0.84424
2013.03.28 01:27:34.412,0.84414,0.84423
2013.03.28 01:27:34.952,0.84414,0.84423
2013.03.28 01:27:35.192,0.84412,0.84423
2013.03.28 01:27:35.454,0.84412,0.84423
2013.03.28 01:27:35.702,0.84413,0.84423
2013.03.28 01:27:36.433,0.84414,0.84424
2013.03.28 01:27:36.743,0.84412,0.84424
2013.03.28 01:27:36.932,0.84414,0.84424
2013.03.28 01:27:37.114,0.84414,0.84424
2013.03.28 01:27:37.663,0.84412,0.84425
2013.03.28 01:27:37.724,0.84413,0.84425
2013.03.28 01:27:37.794,0.84414,0.84425
2013.03.28 01:27:38.344,0.84414,0.84427
2013.03.28 01:27:38.895,0.84415,0.84427
2013.03.28 01:27:45.325,0.84416,0.84429
2013.03.28 01:27:45.873,0.84417,0.84429
2013.03.28 01:27:48.944,0.84418,0.84432
2013.03.28 01:27:49.194,0.84418,0.84434
2013.03.28 01:27:49.264,0.8442,0.84434
2013.03.28 01:27:49.814,0.84421,0.84434
2013.03.28 01:27:53.403,0.84422,0.84431
2013.03.28 01:27:54.943,0.84422,0.84434
2013.03.28 01:27:59.763,0.8442,0.84436
2013.03.28 01:27:59.893,0.84421,0.84436
2013.03.28 01:28:00.442,0.8442,0.84437
2013.03.28 01:28:08.742,0.84423,0.84438
2013.03.28 01:28:09.502,0.84423,0.84436
2013.03.28 01:28:19.762,0.8442,0.84433
2013.03.28 01:28:19.884,0.8442,0.84433
2013.03.28 01:28:20.486,0.8442,0.84432
2013.03.28 01:28:21.771,0.8442,0.84435
2013.03.28 01:28:21.847,0.8442,0.84435
2013.03.28 01:28:22.393,0.84421,0.84435
2013.03.28 01:28:23.183,0.84421,0.84435
2013.03.28 01:28:24.897,0.84421,0.84433
2013.03.28 01:28:25.513,0.8442,0.84433
2013.03.28 01:28:26.056,0.84422,0.84433
2013.03.28 01:28:29.602,0.8442,0.84434
2013.03.28 01:28:30.145,0.8442,0.84434
2013.03.28 01:28:31.082,0.8442,0.84434
2013.03.28 01:28:31.623,0.8442,0.84432
2013.03.28 01:28:33.279,0.8442,0.84434
2013.03.28 01:28:33.833,0.84418,0.84434
2013.03.28 01:28:34.357,0.84419,0.84434
2013.03.28 01:28:34.483,0.8442,0.84434
2013.03.28 01:28:34.845,0.8442,0.84434
2013.03.28 01:28:35.032,0.84421,0.84436
2013.03.28 01:28:35.273,0.84421,0.84436
2013.03.28 01:28:35.513,0.84421,0.84433
2013.03.28 01:28:37.878,0.8442,0.84433
2013.03.28 01:28:38.343,0.84418,0.84433
2013.03.28 01:28:38.883,0.84421,0.84432
2013.03.28 01:28:39.423,0.84421,0.84434
2013.03.28 01:28:45.662,0.84422,0.84431
2013.03.28 01:28:56.052,0.84421,0.84435
2013.03.28 01:28:58.041,0.84422,0.84436
2013.03.28 01:28:59.352,0.84422,0.84436
2013.03.28 01:29:07.945,0.84421,0.84436
2013.03.28 01:29:08.808,0.8442,0.84434
2013.03.28 01:29:10.545,0.8442,0.84434
2013.03.28 01:29:12.683,0.8442,0.84434
2013.03.28 01:29:13.113,0.8442,0.84434
2013.03.28 01:29:14.122,0.8442,0.84434
2013.03.28 01:29:33.904,0.84421,0.84436
2013.03.28 01:29:36.702,0.8442,0.84432
2013.03.28 01:29:37.244,0.84421,0.84431
2013.03.28 01:29:37.793,0.84421,0.84432
2013.03.28 01:29:40.433,0.84421,0.84434
2013.03.28 01:29:40.677,0.84421,0.84435
2013.03.28 01:29:40.746,0.84422,0.84435
2013.03.28 01:29:41.053,0.84423,0.84438
2013.03.28 01:29:41.233,0.84423,0.84437
2013.03.28 01:29:41.592,0.84423,0.84438
2013.03.28 01:29:44.514,0.84424,0.84438
2013.03.28 01:29:45.056,0.84425,0.84438
2013.03.28 01:29:45.545,0.84425,0.84438
2013.03.28 01:29:45.675,0.84425,0.84438
2013.03.28 01:29:46.223,0.84425,0.84438
2013.03.28 01:29:49.633,0.84425,0.84438
2013.03.28 01:29:49.872,0.84425,0.84438
2013.03.28 01:29:52.023,0.84425,0.84438
2013.03.28 01:29:52.393,0.84424,0.84438
2013.03.28 01:29:54.114,0.84424,0.84438
2013.03.28 01:30:00.923,0.84424,0.84438
2013.03.28 01:30:01.472,0.84426,0.84438
2013.03.28 01:30:02.014,0.84425,0.84438
2013.03.28 01:30:02.562,0.84425,0.84439
2013.03.28 01:30:10.203,0.84423,0.84439
2013.03.28 01:30:13.603,0.84423,0.84435
2013.03.28 01:30:14.208,0.84421,0.84435
2013.03.28 01:30:17.418,0.84419,0.8443
2013.03.28 01:30:17.490,0.84418,0.8443
2013.03.28 01:30:17.630,0.84418,0.84431
2013.03.28 01:30:18.217,0.84417,0.84431
2013.03.28 01:30:49.263,0.84416,0.84429
2013.03.28 01:30:53.410,0.84416,0.84429
2013.03.28 01:30:57.654,0.84416,0.84428
2013.03.28 01:30:57.774,0.84413,0.84428
2013.03.28 01:30:58.016,0.84412,0.84426
2013.03.28 01:30:58.444,0.84412,0.84426
2013.03.28 01:31:05.493,0.84413,0.84426
2013.03.28 01:31:08.063,0.84413,0.84422
2013.03.28 01:31:08.603,0.84411,0.8442
2013.03.28 01:31:08.843,0.84408,0.84424
2013.03.28 01:31:09.022,0.8441,0.84425
2013.03.28 01:31:09.564,0.84408,0.84424
2013.03.28 01:31:10.643,0.8441,0.84424
2013.03.28 01:31:11.184,0.8441,0.84424
2013.03.28 01:31:13.883,0.8441,0.84425
2013.03.28 01:31:14.004,0.84408,0.84423
2013.03.28 01:31:14.304,0.84407,0.8442
2013.03.28 01:31:14.804,0.84406,0.84418
2013.03.28 01:31:18.662,0.84406,0.84418
2013.03.28 01:31:19.833,0.84405,0.84418
2013.03.28 01:31:25.943,0.84405,0.84418
2013.03.28 01:31:35.382,0.84405,0.84418
2013.03.28 01:31:36.183,0.84406,0.84418
2013.03.28 01:31:45.093,0.84405,0.84419
2013.03.28 01:31:45.654,0.84405,0.84419
2013.03.28 01:31:47.073,0.84405,0.84419
2013.03.28 01:31:54.603,0.84406,0.84419
2013.03.28 01:31:55.153,0.84405,0.84416
2013.03.28 01:31:56.504,0.84405,0.84416
2013.03.28 01:32:00.904,0.84405,0.84418
2013.03.28 01:32:00.974,0.84405,0.84419
2013.03.28 01:32:04.193,0.84406,0.84419
2013.03.28 01:32:08.063,0.84406,0.84421
2013.03.28 01:32:09.086,0.84406,0.84421
2013.03.28 01:32:09.643,0.84406,0.84421
2013.03.28 01:32:10.694,0.84406,0.84421
2013.03.28 01:32:11.200,0.84407,0.84419
2013.03.28 01:32:11.673,0.84407,0.84418
2013.03.28 01:32:13.425,0.84409,0.84418
2013.03.28 01:32:13.734,0.8441,0.84418
2013.03.28 01:32:14.704,0.8441,0.84422
2013.03.28 01:32:15.136,0.8441,0.84423
2013.03.28 01:32:16.489,0.8441,0.84422
2013.03.28 01:32:16.944,0.84412,0.84424
2013.03.28 01:32:17.133,0.84412,0.84424
2013.03.28 01:32:17.644,0.84414,0.84424
2013.03.28 01:32:18.283,0.84414,0.84424
2013.03.28 01:32:18.608,0.84414,0.84427
2013.03.28 01:32:19.473,0.84414,0.84428
2013.03.28 01:32:19.550,0.84415,0.84428
2013.03.28 01:32:42.485,0.84414,0.84427
2013.03.28 01:32:42.865,0.84414,0.84422
2013.03.28 01:32:42.993,0.84411,0.84422
2013.03.28 01:32:43.174,0.84411,0.84421
2013.03.28 01:32:43.474,0.84412,0.84421
2013.03.28 01:32:43.715,0.8441,0.84421
2013.03.28 01:32:43.785,0.8441,0.84421
2013.03.28 01:32:43.913,0.8441,0.84421
2013.03.28 01:32:43.973,0.8441,0.84421
2013.03.28 01:32:44.841,0.8441,0.84422
2013.03.28 01:32:44.920,0.84411,0.84422
2013.03.28 01:32:45.223,0.8441,0.84422
2013.03.28 01:32:45.464,0.84412,0.84422
2013.03.28 01:32:45.653,0.84412,0.84422
2013.03.28 01:32:45.953,0.8441,0.84422
2013.03.28 01:32:46.554,0.8441,0.84421
2013.03.28 01:32:46.685,0.84408,0.84421
2013.03.28 01:32:46.873,0.84408,0.84421
2013.03.28 01:32:47.175,0.84408,0.84421
2013.03.28 01:32:47.303,0.84408,0.84421
2013.03.28 01:32:47.843,0.84408,0.84421
2013.03.28 01:32:48.383,0.84408,0.84421
2013.03.28 01:32:51.913,0.84408,0.84421
2013.03.28 01:32:53.959,0.84408,0.84422
2013.03.28 01:32:54.027,0.84408,0.84422
2013.03.28 01:32:54.155,0.84408,0.84422
2013.03.28 01:32:54.643,0.84408,0.84421
2013.03.28 01:32:55.183,0.84409,0.84421
2013.03.28 01:32:55.724,0.84411,0.84425
2013.03.28 01:32:55.926,0.84412,0.84425
2013.03.28 01:32:56.233,0.84412,0.84426
2013.03.28 01:32:57.129,0.84411,0.84425
2013.03.28 01:32:57.212,0.84408,0.84421
2013.03.28 01:32:57.403,0.84409,0.84422
2013.03.28 01:32:57.524,0.84409,0.84422
2013.03.28 01:32:57.645,0.84409,0.84421
2013.03.28 01:32:57.715,0.84408,0.84421
2013.03.28 01:32:58.263,0.84409,0.84421
2013.03.28 01:32:58.764,0.84409,0.84421
2013.03.28 01:33:05.573,0.8441,0.84421
2013.03.28 01:33:09.324,0.84408,0.8442
2013.03.28 01:33:17.818,0.8441,0.84422
2013.03.28 01:33:18.454,0.84409,0.84423
2013.03.28 01:33:25.924,0.84409,0.84425
2013.03.28 01:33:34.884,0.84411,0.84423
2013.03.28 01:33:54.543,0.8441,0.84423
2013.03.28 01:33:54.663,0.8441,0.84421
2013.03.28 01:33:55.674,0.84408,0.84421
2013.03.28 01:33:56.233,0.84408,0.84421
2013.03.28 01:33:57.214,0.84408,0.84421
2013.03.28 01:33:57.274,0.84408,0.84421
2013.03.28 01:33:57.393,0.84408,0.84421
2013.03.28 01:34:04.114,0.84408,0.84423
2013.03.28 01:34:07.644,0.84409,0.84421
2013.03.28 01:34:07.774,0.84409,0.84421
2013.03.28 01:34:11.475,0.84409,0.84422
2013.03.28 01:34:14.364,0.84409,0.84422
2013.03.28 01:34:15.198,0.84411,0.84424
2013.03.28 01:34:15.782,0.84412,0.84425
2013.03.28 01:34:16.944,0.84411,0.84423
2013.03.28 01:34:17.864,0.8441,0.84422
2013.03.28 01:34:18.819,0.8441,0.84422
2013.03.28 01:34:19.138,0.84408,0.84421
2013.03.28 01:34:19.863,0.84408,0.84418
2013.03.28 01:34:20.603,0.84408,0.84419
2013.03.28 01:34:23.994,0.84408,0.84416
2013.03.28 01:34:24.503,0.84407,0.84419
2013.03.28 01:34:25.924,0.84407,0.84417
2013.03.28 01:34:28.156,0.84407,0.84417
2013.03.28 01:34:28.706,0.84407,0.84418
2013.03.28 01:34:31.334,0.84405,0.84418
2013.03.28 01:34:48.026,0.84405,0.84418
2013.03.28 01:34:55.763,0.84405,0.8442
2013.03.28 01:34:58.925,0.84405,0.8442
2013.03.28 01:34:59.473,0.84406,0.84419
2013.03.28 01:35:10.504,0.84406,0.84419
2013.03.28 01:35:11.602,0.84405,0.84418
2013.03.28 01:35:12.143,0.84405,0.84418
2013.03.28 01:35:13.274,0.84405,0.84418
2013.03.28 01:35:13.396,0.84405,0.84418
2013.03.28 01:35:13.704,0.84403,0.84418
2013.03.28 01:35:14.213,0.84406,0.84416
2013.03.28 01:35:15.135,0.84406,0.84419
2013.03.28 01:35:16.083,0.84406,0.84419
2013.03.28 01:35:16.205,0.84406,0.84421
2013.03.28 01:35:16.334,0.84406,0.84421
2013.03.28 01:35:16.884,0.84406,0.84421
2013.03.28 01:35:17.013,0.84406,0.84421
2013.03.28 01:35:20.965,0.84409,0.84422
2013.03.28 01:35:21.486,0.84409,0.84422
2013.03.28 01:35:41.235,0.84408,0.84422
2013.03.28 01:35:41.744,0.84408,0.84421
2013.03.28 01:35:42.490,0.84408,0.84421
2013.03.28 01:35:42.884,0.84409,0.84421
2013.03.28 01:35:43.376,0.8441,0.84425
2013.03.28 01:35:43.694,0.84407,0.84421
2013.03.28 01:35:43.815,0.84404,0.84419
2013.03.28 01:35:44.134,0.84405,0.84419
2013.03.28 01:35:44.683,0.84405,0.84419
2013.03.28 01:35:46.547,0.84408,0.84423
2013.03.28 01:35:46.684,0.84408,0.84423
2013.03.28 01:35:46.865,0.8441,0.84424
2013.03.28 01:35:47.414,0.84409,0.84424
2013.03.28 01:35:48.145,0.84411,0.84424
2013.03.28 01:35:48.395,0.84409,0.84424
2013.03.28 01:35:48.894,0.8441,0.84424
2013.03.28 01:35:49.553,0.8441,0.84424
2013.03.28 01:35:56.953,0.84408,0.84422
2013.03.28 01:35:57.405,0.84408,0.84422
2013.03.28 01:35:59.564,0.84408,0.84422
2013.03.28 01:35:59.895,0.84408,0.8442
2013.03.28 01:36:00.865,0.84408,0.8442
2013.03.28 01:36:01.182,0.84407,0.8442
2013.03.28 01:36:01.827,0.84407,0.84419
2013.03.28 01:36:02.634,0.84407,0.8442
2013.03.28 01:36:02.761,0.84407,0.84418
2013.03.28 01:36:02.827,0.84406,0.84418
2013.03.28 01:36:02.895,0.84405,0.84418
2013.03.28 01:36:03.026,0.84404,0.84418
2013.03.28 01:36:03.095,0.84402,0.84417
2013.03.28 01:36:03.524,0.84404,0.84417
2013.03.28 01:36:05.383,0.84404,0.84415
2013.03.28 01:36:11.998,0.84402,0.84417
2013.03.28 01:36:12.134,0.84402,0.84415
2013.03.28 01:36:13.104,0.84402,0.84415
2013.03.28 01:36:13.414,0.84402,0.84415
2013.03.28 01:36:14.193,0.84402,0.84415
2013.03.28 01:36:15.186,0.84402,0.84414
2013.03.28 01:36:15.434,0.84403,0.84413
2013.03.28 01:36:31.564,0.84403,0.84415
2013.03.28 01:36:33.865,0.84403,0.84412
2013.03.28 01:36:34.413,0.84403,0.84414
2013.03.28 01:36:35.514,0.84402,0.84414
2013.03.28 01:36:35.644,0.84402,0.84414
2013.03.28 01:36:36.015,0.84399,0.8441
2013.03.28 01:36:36.204,0.84396,0.8441
2013.03.28 01:36:36.750,0.84396,0.84409
2013.03.28 01:36:37.418,0.84397,0.84409
2013.03.28 01:36:37.933,0.84397,0.84411
2013.03.28 01:36:38.534,0.84396,0.84411
2013.03.28 01:36:38.715,0.84397,0.84411
2013.03.28 01:36:38.963,0.84394,0.84408
2013.03.28 01:36:39.467,0.84394,0.84408
2013.03.28 01:36:40.586,0.84394,0.8441
2013.03.28 01:36:40.714,0.84397,0.84411
2013.03.28 01:36:41.014,0.84397,0.84411
2013.03.28 01:36:41.553,0.84397,0.84411
2013.03.28 01:36:44.383,0.84397,0.84412
2013.03.28 01:36:45.032,0.84401,0.84412
2013.03.28 01:36:55.637,0.84402,0.84416
2013.03.28 01:36:56.283,0.84402,0.84417
2013.03.28 01:36:56.465,0.84402,0.84417
2013.03.28 01:36:56.773,0.84403,0.84417
2013.03.28 01:36:57.317,0.84403,0.84417
2013.03.28 01:36:57.864,0.84402,0.84412
2013.03.28 01:36:57.985,0.84399,0.84412
2013.03.28 01:36:58.119,0.84399,0.8441
2013.03.28 01:36:58.184,0.84401,0.84412
2013.03.28 01:37:01.595,0.84402,0.84417
2013.03.28 01:37:01.724,0.84402,0.84417
2013.03.28 01:37:02.265,0.84404,0.84417
2013.03.28 01:37:04.474,0.84404,0.84418
2013.03.28 01:37:04.846,0.84404,0.84419
2013.03.28 01:37:05.047,0.84407,0.8442
2013.03.28 01:37:05.954,0.84408,0.84421
2013.03.28 01:37:06.494,0.84408,0.84422
2013.03.28 01:37:06.795,0.84407,0.84421
2013.03.28 01:37:06.936,0.84407,0.84421
2013.03.28 01:37:07.275,0.84409,0.84419
2013.03.28 01:37:07.757,0.84407,0.84419
2013.03.28 01:37:08.127,0.84403,0.84417
2013.03.28 01:37:10.045,0.84403,0.84417
2013.03.28 01:37:10.354,0.84404,0.84417
2013.03.28 01:37:11.204,0.84403,0.84417
2013.03.28 01:37:11.765,0.84403,0.84417
2013.03.28 01:37:13.124,0.84403,0.84417
2013.03.28 01:37:13.245,0.84403,0.84417
2013.03.28 01:37:13.315,0.84403,0.84417
2013.03.28 01:37:13.865,0.84401,0.84415
2013.03.28 01:37:14.678,0.84401,0.84416
2013.03.28 01:37:14.746,0.84401,0.84416
2013.03.28 01:37:15.066,0.84401,0.84416
2013.03.28 01:37:15.568,0.84401,0.84414
2013.03.28 01:37:16.304,0.84401,0.84416
2013.03.28 01:37:16.675,0.84403,0.84417
2013.03.28 01:37:16.866,0.84403,0.84419
2013.03.28 01:37:16.996,0.84403,0.84419
2013.03.28 01:37:17.306,0.84403,0.84418
2013.03.28 01:37:17.855,0.84402,0.84417
2013.03.28 01:37:20.111,0.84402,0.84417
2013.03.28 01:37:20.187,0.84402,0.84416
2013.03.28 01:37:20.494,0.844,0.84416
2013.03.28 01:37:20.736,0.844,0.84415
2013.03.28 01:37:21.284,0.844,0.84413
2013.03.28 01:37:26.355,0.844,0.84413
2013.03.28 01:37:26.545,0.844,0.84413
2013.03.28 01:37:27.918,0.84402,0.84414
2013.03.28 01:37:28.466,0.84401,0.84414
2013.03.28 01:37:28.972,0.84402,0.84415
2013.03.28 01:37:29.854,0.84402,0.84415
2013.03.28 01:37:30.338,0.84403,0.84416
2013.03.28 01:37:30.524,0.84403,0.84417
2013.03.28 01:37:31.232,0.84405,0.84418
2013.03.28 01:37:31.304,0.84405,0.84419
2013.03.28 01:37:31.734,0.84405,0.84419
2013.03.28 01:37:31.986,0.84407,0.8442
2013.03.28 01:37:32.534,0.84405,0.84421
2013.03.28 01:37:32.724,0.84405,0.84421
2013.03.28 01:37:33.146,0.84405,0.84418
2013.03.28 01:37:39.654,0.84404,0.84418
2013.03.28 01:37:40.245,0.84404,0.84418
2013.03.28 01:37:40.814,0.84404,0.84418
2013.03.28 01:37:44.175,0.84408,0.84418
2013.03.28 01:37:44.305,0.84408,0.84421
2013.03.28 01:37:44.375,0.84408,0.84421
2013.03.28 01:37:44.505,0.84409,0.84423
2013.03.28 01:37:48.695,0.84408,0.84419
2013.03.28 01:37:48.894,0.84406,0.84419
2013.03.28 01:37:49.405,0.84406,0.84419
2013.03.28 01:37:50.170,0.84406,0.84419
2013.03.28 01:37:51.315,0.84406,0.84419
2013.03.28 01:37:57.164,0.84406,0.8442
2013.03.28 01:37:57.872,0.84406,0.84422
2013.03.28 01:37:57.950,0.84407,0.84422
2013.03.28 01:38:03.007,0.84407,0.84423
2013.03.28 01:38:03.315,0.84405,0.84419
2013.03.28 01:38:03.684,0.84405,0.84419
2013.03.28 01:38:07.379,0.84405,0.84419
2013.03.28 01:38:07.944,0.84407,0.8442
2013.03.28 01:38:08.304,0.84407,0.84419
2013.03.28 01:38:15.473,0.84408,0.84421
2013.03.28 01:38:16.023,0.84408,0.84421
2013.03.28 01:38:18.945,0.84406,0.84419
2013.03.28 01:38:19.014,0.84406,0.84419
2013.03.28 01:38:24.653,0.84405,0.84419
2013.03.28 01:38:25.726,0.84405,0.84419
2013.03.28 01:38:36.043,0.84406,0.84419
2013.03.28 01:38:42.901,0.84406,0.84419
2013.03.28 01:38:43.323,0.84406,0.8442
2013.03.28 01:38:54.080,0.84407,0.84419
2013.03.28 01:38:56.107,0.84407,0.8442
2013.03.28 01:38:56.534,0.8441,0.84422
2013.03.28 01:38:57.066,0.8441,0.84424
2013.03.28 01:38:57.616,0.8441,0.84425
2013.03.28 01:38:58.165,0.8441,0.84424
2013.03.28 01:39:00.335,0.84411,0.84426
2013.03.28 01:39:00.525,0.84413,0.84428
2013.03.28 01:39:00.704,0.84413,0.84428
2013.03.28 01:39:01.005,0.84413,0.84427
2013.03.28 01:39:01.198,0.84415,0.84429
2013.03.28 01:39:01.386,0.84415,0.8443
2013.03.28 01:39:02.370,0.84414,0.84428
2013.03.28 01:39:02.923,0.84415,0.8443
2013.03.28 01:39:05.215,0.84415,0.84428
2013.03.28 01:39:06.804,0.84416,0.84428
2013.03.28 01:39:08.863,0.84416,0.8443
2013.03.28 01:39:17.534,0.84415,0.8443
2013.03.28 01:39:17.954,0.84414,0.84428
2013.03.28 01:39:18.464,0.84413,0.84428
2013.03.28 01:39:27.385,0.84413,0.84428
2013.03.28 01:39:30.726,0.84413,0.84425
2013.03.28 01:39:30.854,0.84413,0.84426
2013.03.28 01:39:31.454,0.84413,0.84426
2013.03.28 01:39:39.084,0.84413,0.84426
2013.03.28 01:39:39.206,0.84414,0.84428
2013.03.28 01:39:39.333,0.84416,0.84431
2013.03.28 01:39:40.035,0.84417,0.84431
2013.03.28 01:39:40.111,0.84417,0.84431
2013.03.28 01:39:50.873,0.84416,0.84427
2013.03.28 01:40:02.374,0.84416,0.84427
2013.03.28 01:40:02.494,0.84412,0.84427
2013.03.28 01:40:02.614,0.84412,0.84427
2013.03.28 01:40:03.144,0.84414,0.84427
2013.03.28 01:40:04.203,0.84415,0.84429
2013.03.28 01:40:04.384,0.84415,0.84428
2013.03.28 01:40:04.886,0.84415,0.84428
2013.03.28 01:40:09.165,0.84414,0.84426
2013.03.28 01:40:11.451,0.84414,0.84426
2013.03.28 01:40:14.224,0.84414,0.84426
2013.03.28 01:40:14.465,0.84412,0.84425
2013.03.28 01:40:15.271,0.84411,0.84425
2013.03.28 01:40:20.644,0.84413,0.84425
2013.03.28 01:40:21.173,0.84411,0.84425
2013.03.28 01:40:23.077,0.84411,0.84424
2013.03.28 01:40:23.449,0.84409,0.84422
2013.03.28 01:40:23.646,0.84407,0.84419
2013.03.28 01:40:24.176,0.84407,0.84419
2013.03.28 01:40:24.916,0.84407,0.84419
2013.03.28 01:40:25.106,0.84405,0.84419
2013.03.28 01:40:25.378,0.84403,0.84417
2013.03.28 01:40:25.636,0.84403,0.84416
2013.03.28 01:40:26.124,0.84401,0.84414
2013.03.28 01:40:26.614,0.84402,0.84416
2013.03.28 01:40:27.154,0.84402,0.84418
2013.03.28 01:40:27.275,0.84402,0.84418
2013.03.28 01:40:29.483,0.84404,0.84418
2013.03.28 01:40:30.250,0.84404,0.84418
2013.03.28 01:40:30.326,0.84406,0.84419
2013.03.28 01:40:31.624,0.84406,0.84419
2013.03.28 01:40:32.134,0.84405,0.84419
2013.03.28 01:40:32.864,0.84405,0.84417
2013.03.28 01:40:38.227,0.84407,0.84422
2013.03.28 01:40:38.416,0.84412,0.84422
2013.03.28 01:40:38.484,0.84412,0.84426
2013.03.28 01:40:38.606,0.84412,0.84427
2013.03.28 01:40:38.736,0.84413,0.84429
2013.03.28 01:40:38.929,0.84413,0.84427
2013.03.28 01:40:39.475,0.84413,0.84427
2013.03.28 01:40:41.287,0.84415,0.84428
2013.03.28 01:40:42.445,0.84415,0.84426
2013.03.28 01:40:43.784,0.84413,0.84426
2013.03.28 01:40:47.184,0.84413,0.84426
2013.03.28 01:40:51.404,0.84413,0.84426
2013.03.28 01:41:09.435,0.84413,0.84425
2013.03.28 01:41:09.564,0.84413,0.84426
2013.03.28 01:41:13.984,0.84413,0.84424
2013.03.28 01:41:14.184,0.84412,0.84424
2013.03.28 01:41:14.734,0.84412,0.84424
2013.03.28 01:41:15.644,0.84412,0.84425
2013.03.28 01:41:17.284,0.84413,0.84428
2013.03.28 01:41:17.645,0.84413,0.84425
2013.03.28 01:41:17.715,0.84413,0.84428
2013.03.28 01:41:18.144,0.84414,0.8443
2013.03.28 01:41:18.712,0.84414,0.8443
2013.03.28 01:41:24.224,0.84416,0.84429
2013.03.28 01:41:25.374,0.84417,0.8443
2013.03.28 01:41:26.424,0.84416,0.84431
2013.03.28 01:41:26.964,0.84416,0.8443
2013.03.28 01:41:27.204,0.84414,0.84427
2013.03.28 01:41:27.325,0.84413,0.84426
2013.03.28 01:41:28.164,0.84413,0.84423
2013.03.28 01:41:30.545,0.84412,0.84423
2013.03.28 01:41:37.312,0.84411,0.84423
2013.03.28 01:41:37.995,0.84411,0.84423
2013.03.28 01:41:38.556,0.84409,0.84421
2013.03.28 01:41:40.633,0.84409,0.84421
2013.03.28 01:41:56.434,0.8441,0.84421
2013.03.28 01:41:59.286,0.84409,0.8442
2013.03.28 01:42:00.147,0.84406,0.84417
2013.03.28 01:42:00.224,0.84404,0.84416
2013.03.28 01:42:00.778,0.84405,0.84415
2013.03.28 01:42:04.687,0.84404,0.84415
2013.03.28 01:42:05.205,0.84403,0.84414
2013.03.28 01:42:06.147,0.84403,0.84415
2013.03.28 01:42:09.421,0.84403,0.84415
2013.03.28 01:42:13.724,0.84403,0.84415
2013.03.28 01:42:17.474,0.84404,0.84419
2013.03.28 01:42:34.506,0.84403,0.84416
2013.03.28 01:42:35.065,0.84401,0.84415
2013.03.28 01:42:44.075,0.84402,0.84415
2013.03.28 01:42:51.436,0.84402,0.84412
2013.03.28 01:42:53.544,0.844,0.84412
2013.03.28 01:42:53.606,0.84399,0.84412
2013.03.28 01:42:53.796,0.84397,0.84412
2013.03.28 01:42:54.344,0.84397,0.84412
2013.03.28 01:42:54.405,0.84398,0.84412
2013.03.28 01:42:54.775,0.84397,0.84412
2013.03.28 01:42:55.364,0.84398,0.84412
2013.03.28 01:42:56.704,0.84398,0.84409
2013.03.28 01:42:58.355,0.84397,0.84409
2013.03.28 01:42:58.484,0.84397,0.84409
2013.03.28 01:42:58.994,0.84397,0.8441
2013.03.28 01:43:01.713,0.84398,0.84412
2013.03.28 01:43:01.846,0.84399,0.84414
2013.03.28 01:43:02.154,0.844,0.84414
2013.03.28 01:43:02.875,0.84399,0.84414
2013.03.28 01:43:03.668,0.84399,0.84414
2013.03.28 01:43:03.974,0.84399,0.84414
2013.03.28 01:43:09.246,0.844,0.84415
2013.03.28 01:43:09.495,0.844,0.84415
2013.03.28 01:43:12.737,0.84399,0.84412
2013.03.28 01:43:18.655,0.844,0.84413
2013.03.28 01:44:02.315,0.84401,0.84413
2013.03.28 01:44:02.866,0.84402,0.84416
2013.03.28 01:44:02.937,0.84405,0.84418
2013.03.28 01:44:03.495,0.84404,0.8442
2013.03.28 01:44:04.035,0.84404,0.8442
2013.03.28 01:44:05.072,0.84405,0.84419
2013.03.28 01:44:08.355,0.84405,0.84419
2013.03.28 01:44:10.395,0.84404,0.84416
2013.03.28 01:44:12.689,0.84403,0.84416
2013.03.28 01:44:13.054,0.84403,0.84415
2013.03.28 01:44:13.641,0.84403,0.84415
2013.03.28 01:44:17.775,0.84403,0.84416
2013.03.28 01:44:18.317,0.84404,0.8442
2013.03.28 01:44:18.446,0.84404,0.8442
2013.03.28 01:44:18.636,0.84408,0.8442
2013.03.28 01:44:18.706,0.84408,0.8442
2013.03.28 01:44:19.075,0.84408,0.8442
2013.03.28 01:44:21.934,0.84408,0.84419
2013.03.28 01:44:22.071,0.84405,0.84419
2013.03.28 01:44:22.266,0.84405,0.84418
2013.03.28 01:44:22.517,0.84405,0.84419
2013.03.28 01:44:27.225,0.84407,0.84421
2013.03.28 01:44:27.776,0.84407,0.8442
2013.03.28 01:44:28.536,0.84406,0.8442
2013.03.28 01:44:28.740,0.84408,0.84423
2013.03.28 01:44:28.866,0.8441,0.84425
