Time,Bid,Ask
2013.03.15 00:00:00.326,0.86224,0.86236
2013.03.15 00:00:00.830,0.86224,0.86238
2013.03.15 00:00:02.223,0.86224,0.86238
2013.03.15 00:00:05.180,0.86224,0.86233
2013.03.15 00:00:06.124,0.86224,0.86235
2013.03.15 00:00:09.351,0.86224,0.86236
2013.03.15 00:00:10.420,0.86224,0.86236
2013.03.15 00:00:11.012,0.86224,0.86237
2013.03.15 00:00:12.942,0.86225,0.86237
2013.03.15 00:00:13.930,0.86225,0.86237
2013.03.15 00:00:14.431,0.86225,0.86237
2013.03.15 00:00:14.952,0.86225,0.86237
2013.03.15 00:00:17.071,0.86222,0.86235
2013.03.15 00:00:22.522,0.86224,0.86235
2013.03.15 00:00:27.403,0.86225,0.86236
2013.03.15 00:00:27.951,0.86225,0.86236
2013.03.15 00:00:29.943,0.86224,0.86236
2013.03.15 00:00:30.192,0.86224,0.86236
2013.03.15 00:00:31.942,0.86226,0.86236
2013.03.15 00:00:36.230,0.86227,0.86239
2013.03.15 00:00:36.758,0.86227,0.86236
2013.03.15 00:00:37.777,0.86227,0.86236
2013.03.15 00:00:39.501,0.86227,0.86236
2013.03.15 00:00:39.871,0.86227,0.86238
2013.03.15 00:00:39.942,0.86227,0.86238
2013.03.15 00:00:41.641,0.86229,0.86238
2013.03.15 00:00:41.701,0.86229,0.86239
2013.03.15 00:00:42.251,0.86229,0.8624
2013.03.15 00:00:44.892,0.86229,0.8624
2013.03.15 00:00:45.083,0.8623,0.8624
2013.03.15 00:00:45.631,0.86228,0.8624
2013.03.15 00:00:45.932,0.86228,0.86238
2013.03.15 00:00:50.731,0.86228,0.86238
2013.03.15 00:00:51.243,0.86228,0.86239
2013.03.15 00:00:52.893,0.86228,0.86239
2013.03.15 00:00:53.442,0.86228,0.86239
2013.03.15 00:00:55.416,0.8623,0.86241
2013.03.15 00:00:56.292,0.86229,0.86241
2013.03.15 00:00:57.743,0.86226,0.86239
2013.03.15 00:00:58.171,0.86224,0.86238
2013.03.15 00:00:58.712,0.86224,0.86237
2013.03.15 00:01:03.282,0.86225,0.86236
2013.03.15 00:01:03.883,0.86225,0.86236
2013.03.15 00:01:04.013,0.86225,0.86235
2013.03.15 00:01:04.791,0.86225,0.86237
2013.03.15 00:01:08.613,0.86226,0.86239
2013.03.15 00:01:10.153,0.86226,0.86238
2013.03.15 00:01:12.582,0.86227,0.86238
2013.03.15 00:01:15.343,0.86225,0.86239
2013.03.15 00:01:15.971,0.86225,0.86239
2013.03.15 00:01:20.651,0.86226,0.86239
2013.03.15 00:01:20.771,0.86226,0.86239
2013.03.15 00:01:21.723,0.86226,0.86238
2013.03.15 00:01:34.853,0.86225,0.86238
2013.03.15 00:01:36.463,0.86225,0.86238
2013.03.15 00:01:37.013,0.86225,0.86238
2013.03.15 00:01:38.063,0.86225,0.86237
2013.03.15 00:01:38.573,0.86223,0.86235
2013.03.15 00:01:39.231,0.86223,0.86235
2013.03.15 00:01:39.413,0.86222,0.86234
2013.03.15 00:01:39.903,0.86225,0.86236
2013.03.15 00:01:40.463,0.86225,0.86236
2013.03.15 00:01:40.534,0.86225,0.86236
2013.03.15 00:01:40.854,0.86223,0.86236
2013.03.15 00:01:43.423,0.86222,0.86235
2013.03.15 00:01:57.227,0.86222,0.86234
2013.03.15 00:01:57.751,0.86222,0.86235
2013.03.15 00:02:01.722,0.86225,0.86235
2013.03.15 00:02:02.257,0.86224,0.86235
2013.03.15 00:02:02.573,0.86224,0.86234
2013.03.15 00:02:02.643,0.86224,0.86234
2013.03.15 00:02:21.254,0.86223,0.86235
2013.03.15 00:02:26.343,0.86223,0.86234
2013.03.15 00:02:31.092,0.86224,0.86233
2013.03.15 00:02:43.121,0.86222,0.86237
2013.03.15 00:02:43.242,0.86222,0.86236
2013.03.15 00:02:46.208,0.86222,0.86236
2013.03.15 00:02:59.361,0.86223,0.86235
2013.03.15 00:03:00.223,0.86225,0.86236
2013.03.15 00:03:03.281,0.86224,0.86236
2013.03.15 00:03:13.073,0.86224,0.86239
2013.03.15 00:03:22.362,0.86225,0.86239
2013.03.15 00:03:23.742,0.86224,0.86237
2013.03.15 00:03:24.472,0.86224,0.86236
2013.03.15 00:03:24.974,0.86222,0.86233
2013.03.15 00:03:25.482,0.86223,0.86235
2013.03.15 00:03:25.613,0.86224,0.86235
2013.03.15 00:03:26.135,0.86223,0.86235
2013.03.15 00:03:26.672,0.86223,0.86235
2013.03.15 00:03:27.302,0.86223,0.86235
2013.03.15 00:03:29.323,0.86219,0.86233
2013.03.15 00:03:29.451,0.86219,0.86233
2013.03.15 00:03:29.573,0.86219,0.86233
2013.03.15 00:03:29.703,0.86217,0.8623
2013.03.15 00:03:30.321,0.86218,0.86232
2013.03.15 00:03:30.984,0.86215,0.86229
2013.03.15 00:03:31.052,0.86215,0.86228
2013.03.15 00:03:35.702,0.86218,0.8623
2013.03.15 00:03:36.211,0.86219,0.86232
2013.03.15 00:03:36.513,0.86221,0.86234
2013.03.15 00:03:37.242,0.86223,0.86234
2013.03.15 00:03:37.732,0.86221,0.86234
2013.03.15 00:03:48.462,0.86221,0.86236
2013.03.15 00:04:06.503,0.86221,0.86235
2013.03.15 00:04:06.632,0.86221,0.86233
2013.03.15 00:04:07.172,0.86218,0.86232
2013.03.15 00:04:07.622,0.86218,0.86232
2013.03.15 00:04:11.513,0.86218,0.86233
2013.03.15 00:04:11.582,0.86218,0.86233
2013.03.15 00:04:12.123,0.86221,0.86233
2013.03.15 00:04:15.504,0.86221,0.86236
2013.03.15 00:04:17.882,0.86221,0.86236
2013.03.15 00:04:20.198,0.86221,0.86236
2013.03.15 00:04:26.002,0.86221,0.86235
2013.03.15 00:04:26.952,0.86218,0.86234
2013.03.15 00:04:32.184,0.86217,0.86232
2013.03.15 00:04:32.334,0.86218,0.8623
2013.03.15 00:04:32.652,0.86214,0.86228
2013.03.15 00:04:33.201,0.86212,0.86228
2013.03.15 00:04:34.162,0.86212,0.86228
2013.03.15 00:04:39.592,0.8621,0.86225
2013.03.15 00:04:39.893,0.86209,0.86224
2013.03.15 00:04:43.621,0.86207,0.86223
2013.03.15 00:04:44.182,0.86209,0.86223
2013.03.15 00:04:44.442,0.86209,0.86223
2013.03.15 00:04:44.981,0.86209,0.86224
2013.03.15 00:04:47.502,0.86209,0.86224
2013.03.15 00:04:50.734,0.8621,0.86224
2013.03.15 00:04:54.452,0.86209,0.86224
2013.03.15 00:04:55.683,0.86209,0.86224
2013.03.15 00:04:57.622,0.8621,0.86222
2013.03.15 00:05:02.683,0.86212,0.86224
2013.03.15 00:05:02.992,0.86212,0.86225
2013.03.15 00:05:03.532,0.86212,0.86226
2013.03.15 00:05:04.471,0.86212,0.86225
2013.03.15 00:05:04.733,0.86212,0.86224
2013.03.15 00:05:05.702,0.86212,0.86225
2013.03.15 00:05:06.243,0.86213,0.86227
2013.03.15 00:05:06.794,0.86213,0.86228
2013.03.15 00:05:07.186,0.86215,0.86228
2013.03.15 00:05:08.221,0.86215,0.86229
2013.03.15 00:05:09.362,0.86215,0.86229
2013.03.15 00:05:09.603,0.86216,0.86229
2013.03.15 00:05:10.162,0.86215,0.86228
2013.03.15 00:05:10.230,0.86215,0.8623
2013.03.15 00:05:10.476,0.86217,0.8623
2013.03.15 00:05:10.603,0.86218,0.86234
2013.03.15 00:05:10.674,0.86218,0.86234
2013.03.15 00:05:10.744,0.86218,0.86234
2013.03.15 00:05:11.292,0.86218,0.86234
2013.03.15 00:05:15.361,0.86218,0.86234
2013.03.15 00:05:16.872,0.86216,0.86231
2013.03.15 00:05:17.965,0.86216,0.86231
2013.03.15 00:05:20.711,0.86216,0.8623
2013.03.15 00:05:21.286,0.86216,0.86229
2013.03.15 00:05:21.663,0.86217,0.8623
2013.03.15 00:05:22.193,0.86214,0.8623
2013.03.15 00:05:22.502,0.86214,0.86228
2013.03.15 00:05:25.683,0.86214,0.86229
2013.03.15 00:05:29.706,0.86214,0.86226
2013.03.15 00:05:29.955,0.86212,0.86225
2013.03.15 00:05:30.741,0.86209,0.86223
2013.03.15 00:05:31.063,0.86208,0.86223
2013.03.15 00:05:31.133,0.86208,0.86223
2013.03.15 00:05:31.323,0.86209,0.86223
2013.03.15 00:05:31.454,0.86209,0.86223
2013.03.15 00:05:31.986,0.86209,0.86223
2013.03.15 00:05:32.495,0.86209,0.86224
2013.03.15 00:05:33.050,0.86209,0.86224
2013.03.15 00:05:34.183,0.8621,0.86224
2013.03.15 00:05:34.485,0.86215,0.86226
2013.03.15 00:05:34.672,0.86216,0.86228
2013.03.15 00:05:34.742,0.86216,0.86229
2013.03.15 00:05:34.994,0.86217,0.86231
2013.03.15 00:05:35.062,0.86218,0.86231
2013.03.15 00:05:35.424,0.86219,0.86232
2013.03.15 00:05:35.983,0.8622,0.86232
2013.03.15 00:05:36.232,0.86222,0.86236
2013.03.15 00:05:36.495,0.86225,0.8624
2013.03.15 00:05:36.623,0.86227,0.86243
2013.03.15 00:05:36.752,0.86228,0.86246
2013.03.15 00:05:36.812,0.86231,0.86245
2013.03.15 00:05:37.122,0.86234,0.86245
2013.03.15 00:05:37.185,0.86233,0.86245
2013.03.15 00:05:37.754,0.86236,0.86246
2013.03.15 00:05:38.078,0.86233,0.86246
2013.03.15 00:05:38.623,0.86232,0.86244
2013.03.15 00:05:39.232,0.86232,0.86244
2013.03.15 00:05:40.922,0.86231,0.86244
2013.03.15 00:05:41.463,0.86233,0.86244
2013.03.15 00:05:42.644,0.86232,0.86243
2013.03.15 00:05:43.202,0.86231,0.86243
2013.03.15 00:05:46.082,0.86232,0.86241
2013.03.15 00:05:48.782,0.86232,0.86241
2013.03.15 00:05:51.313,0.86232,0.86243
2013.03.15 00:05:51.682,0.86233,0.86244
2013.03.15 00:05:52.706,0.86233,0.86243
2013.03.15 00:05:55.043,0.86233,0.86242
2013.03.15 00:05:55.783,0.86233,0.86243
2013.03.15 00:05:58.152,0.86233,0.86243
2013.03.15 00:05:58.453,0.86233,0.86243
2013.03.15 00:05:58.969,0.86233,0.86244
2013.03.15 00:06:00.263,0.86233,0.86242
2013.03.15 00:06:00.822,0.86232,0.86242
2013.03.15 00:06:01.362,0.86232,0.86242
2013.03.15 00:06:06.292,0.8623,0.8624
2013.03.15 00:06:06.841,0.8623,0.8624
2013.03.15 00:06:09.273,0.86229,0.86239
2013.03.15 00:06:09.644,0.86227,0.86237
2013.03.15 00:06:10.641,0.86227,0.86237
2013.03.15 00:06:12.184,0.86225,0.86233
2013.03.15 00:06:12.932,0.86224,0.86233
2013.03.15 00:06:16.154,0.86224,0.86233
2013.03.15 00:06:17.143,0.86224,0.86236
2013.03.15 00:06:17.213,0.86224,0.86237
2013.03.15 00:06:17.524,0.86224,0.86238
2013.03.15 00:06:18.313,0.86225,0.8624
2013.03.15 00:06:18.382,0.86225,0.86241
2013.03.15 00:06:18.454,0.86231,0.86243
2013.03.15 00:06:18.761,0.86231,0.86243
2013.03.15 00:06:19.253,0.86231,0.86243
2013.03.15 00:06:19.803,0.86231,0.86243
2013.03.15 00:06:20.053,0.86231,0.86243
2013.03.15 00:06:20.365,0.86234,0.86244
2013.03.15 00:06:20.492,0.86234,0.86248
2013.03.15 00:06:20.792,0.86234,0.86246
2013.03.15 00:06:21.504,0.86234,0.86247
2013.03.15 00:06:23.823,0.86234,0.86247
2013.03.15 00:06:24.142,0.86234,0.86245
2013.03.15 00:06:29.403,0.86232,0.86244
2013.03.15 00:06:29.952,0.86232,0.86244
2013.03.15 00:06:31.915,0.86232,0.86245
2013.03.15 00:06:32.372,0.86233,0.86246
2013.03.15 00:06:33.513,0.86233,0.86246
2013.03.15 00:06:36.442,0.86232,0.86246
2013.03.15 00:06:40.606,0.86234,0.86246
2013.03.15 00:06:41.122,0.86236,0.86248
2013.03.15 00:06:48.433,0.86237,0.86249
2013.03.15 00:06:52.052,0.86234,0.86248
2013.03.15 00:06:52.353,0.86234,0.86245
2013.03.15 00:06:54.043,0.86233,0.86245
2013.03.15 00:06:54.593,0.86233,0.86245
2013.03.15 00:06:59.454,0.86232,0.86239
2013.03.15 00:06:59.948,0.86231,0.86239
2013.03.15 00:07:00.014,0.8623,0.86238
2013.03.15 00:07:00.942,0.86229,0.86238
2013.03.15 00:07:01.194,0.86227,0.86238
2013.03.15 00:07:05.953,0.86227,0.86239
2013.03.15 00:07:09.813,0.86228,0.86238
2013.03.15 00:07:10.003,0.86226,0.86237
2013.03.15 00:07:10.255,0.86227,0.86238
2013.03.15 00:07:13.182,0.86228,0.8624
2013.03.15 00:07:23.252,0.86228,0.86241
2013.03.15 00:07:24.891,0.86229,0.86241
2013.03.15 00:07:28.284,0.86229,0.86241
2013.03.15 00:07:28.842,0.86229,0.86241
2013.03.15 00:07:29.335,0.86229,0.86241
2013.03.15 00:07:35.741,0.86229,0.86241
2013.03.15 00:07:44.974,0.86229,0.86241
2013.03.15 00:07:47.536,0.86229,0.86241
2013.03.15 00:07:51.041,0.86228,0.86241
2013.03.15 00:07:52.172,0.86228,0.86241
2013.03.15 00:07:56.744,0.86229,0.86241
2013.03.15 00:08:17.154,0.86229,0.86241
2013.03.15 00:08:29.732,0.8623,0.86244
2013.03.15 00:08:31.511,0.86233,0.86247
2013.03.15 00:08:31.812,0.86235,0.86247
2013.03.15 00:08:32.362,0.86236,0.86248
2013.03.15 00:08:33.102,0.86236,0.86247
2013.03.15 00:08:33.227,0.86235,0.86247
2013.03.15 00:08:33.742,0.86234,0.86248
2013.03.15 00:08:37.202,0.86234,0.86248
2013.03.15 00:08:43.202,0.86236,0.8625
2013.03.15 00:08:43.262,0.86237,0.8625
2013.03.15 00:08:48.432,0.86237,0.8625
2013.03.15 00:09:06.094,0.8624,0.86252
2013.03.15 00:09:06.522,0.86238,0.86252
2013.03.15 00:09:21.077,0.86239,0.86252
2013.03.15 00:09:22.603,0.86239,0.86251
2013.03.15 00:09:23.932,0.86239,0.8625
2013.03.15 00:09:25.702,0.86238,0.8625
2013.03.15 00:09:26.252,0.86238,0.8625
2013.03.15 00:09:27.154,0.86238,0.86251
2013.03.15 00:09:27.663,0.86238,0.86252
2013.03.15 00:09:51.673,0.86241,0.86253
2013.03.15 00:09:58.412,0.86242,0.86253
2013.03.15 00:09:58.472,0.86241,0.86253
2013.03.15 00:10:08.984,0.8624,0.86253
2013.03.15 00:10:11.273,0.86242,0.86253
2013.03.15 00:10:11.943,0.86242,0.86255
2013.03.15 00:10:12.452,0.86243,0.86255
2013.03.15 00:10:12.903,0.86242,0.86254
2013.03.15 00:10:15.092,0.86242,0.86255
2013.03.15 00:10:15.394,0.86242,0.86257
2013.03.15 00:10:15.463,0.86245,0.86257
2013.03.15 00:10:17.052,0.86245,0.86257
2013.03.15 00:10:18.196,0.86246,0.86257
2013.03.15 00:10:18.742,0.86245,0.86257
2013.03.15 00:10:19.284,0.86244,0.86257
2013.03.15 00:10:19.782,0.86245,0.8626
2013.03.15 00:10:20.725,0.8625,0.86261
2013.03.15 00:10:20.853,0.8625,0.86263
2013.03.15 00:10:20.913,0.86248,0.86263
2013.03.15 00:10:20.982,0.86248,0.86263
2013.03.15 00:10:22.923,0.86249,0.86263
2013.03.15 00:10:22.997,0.86249,0.86263
2013.03.15 00:10:23.267,0.86252,0.86266
2013.03.15 00:10:23.885,0.86252,0.86266
2013.03.15 00:10:25.634,0.86253,0.86266
2013.03.15 00:10:26.183,0.86255,0.86266
2013.03.15 00:10:26.494,0.86251,0.86266
2013.03.15 00:10:26.563,0.86251,0.86264
2013.03.15 00:10:26.685,0.86251,0.86264
2013.03.15 00:10:26.873,0.8625,0.86265
2013.03.15 00:10:26.942,0.8625,0.86264
2013.03.15 00:10:27.253,0.86249,0.86259
2013.03.15 00:10:27.943,0.86248,0.86261
2013.03.15 00:10:32.643,0.86247,0.86261
2013.03.15 00:10:32.763,0.86247,0.86259
2013.03.15 00:10:33.364,0.86247,0.86257
2013.03.15 00:10:33.993,0.86243,0.86257
2013.03.15 00:10:36.130,0.86243,0.86256
2013.03.15 00:10:39.645,0.86242,0.86254
2013.03.15 00:10:40.182,0.86242,0.86255
2013.03.15 00:10:48.895,0.86243,0.86254
2013.03.15 00:10:49.433,0.86243,0.86254
2013.03.15 00:11:10.943,0.86243,0.86256
2013.03.15 00:11:11.444,0.86243,0.86255
2013.03.15 00:11:12.993,0.86243,0.86254
2013.03.15 00:11:23.399,0.86241,0.86251
2013.03.15 00:11:23.748,0.86239,0.86251
2013.03.15 00:11:23.821,0.86239,0.86249
2013.03.15 00:11:23.891,0.86238,0.8625
2013.03.15 00:11:23.963,0.86236,0.8625
2013.03.15 00:11:24.246,0.86237,0.86252
2013.03.15 00:11:24.495,0.86238,0.86253
2013.03.15 00:11:25.054,0.86241,0.86253
2013.03.15 00:11:31.173,0.86238,0.86253
2013.03.15 00:11:31.436,0.86238,0.86252
2013.03.15 00:11:31.684,0.86238,0.86251
2013.03.15 00:11:32.243,0.86235,0.86249
2013.03.15 00:11:36.695,0.86237,0.8625
2013.03.15 00:11:48.062,0.86237,0.86252
2013.03.15 00:11:54.746,0.86237,0.86252
2013.03.15 00:11:55.683,0.86237,0.86252
2013.03.15 00:12:00.673,0.86237,0.86254
2013.03.15 00:12:00.872,0.86238,0.86254
2013.03.15 00:12:02.652,0.8624,0.86256
2013.03.15 00:12:03.943,0.8624,0.86255
2013.03.15 00:12:07.812,0.8624,0.86255
2013.03.15 00:12:08.543,0.8624,0.86255
2013.03.15 00:12:09.099,0.8624,0.86255
2013.03.15 00:12:10.133,0.86241,0.86255
2013.03.15 00:12:10.852,0.86241,0.86254
2013.03.15 00:12:11.092,0.8624,0.86255
2013.03.15 00:12:12.940,0.86241,0.86255
2013.03.15 00:12:18.162,0.8624,0.86256
2013.03.15 00:12:18.684,0.8624,0.86256
2013.03.15 00:12:19.842,0.8624,0.86257
2013.03.15 00:12:28.922,0.8624,0.86256
2013.03.15 00:12:34.094,0.8624,0.86256
2013.03.15 00:13:02.173,0.86243,0.86255
2013.03.15 00:13:04.973,0.86243,0.86255
2013.03.15 00:13:06.885,0.86243,0.86255
2013.03.15 00:13:07.016,0.86241,0.86254
2013.03.15 00:13:07.265,0.86241,0.86254
2013.03.15 00:13:09.672,0.86243,0.86255
2013.03.15 00:13:10.403,0.86243,0.86255
2013.03.15 00:13:20.646,0.86243,0.86257
2013.03.15 00:13:24.282,0.86245,0.86257
2013.03.15 00:13:27.811,0.86244,0.86256
2013.03.15 00:13:28.675,0.86244,0.86256
2013.03.15 00:13:29.005,0.86246,0.8626
2013.03.15 00:13:29.074,0.86246,0.86261
2013.03.15 00:13:31.324,0.86246,0.86261
2013.03.15 00:13:33.314,0.86246,0.86258
2013.03.15 00:13:33.384,0.86246,0.86257
2013.03.15 00:13:33.895,0.86248,0.86259
2013.03.15 00:13:41.997,0.86247,0.8626
2013.03.15 00:13:43.734,0.86247,0.86261
2013.03.15 00:13:45.712,0.86246,0.86259
2013.03.15 00:13:46.023,0.86247,0.86261
2013.03.15 00:13:55.213,0.8625,0.86263
2013.03.15 00:13:56.294,0.8625,0.86263
2013.03.15 00:13:56.872,0.86251,0.86264
2013.03.15 00:13:57.415,0.86251,0.86266
2013.03.15 00:13:58.083,0.86251,0.86266
2013.03.15 00:14:05.302,0.86254,0.86266
2013.03.15 00:14:05.603,0.86251,0.86263
2013.03.15 00:14:05.963,0.86249,0.86263
2013.03.15 00:14:06.515,0.86247,0.86262
2013.03.15 00:14:06.702,0.86245,0.86259
2013.03.15 00:14:07.003,0.86245,0.86259
2013.03.15 00:14:09.414,0.86247,0.86262
2013.03.15 00:14:09.483,0.86249,0.86263
2013.03.15 00:14:09.555,0.86248,0.86263
2013.03.15 00:14:09.743,0.86247,0.86263
2013.03.15 00:14:11.918,0.86248,0.86261
2013.03.15 00:14:12.173,0.86246,0.8626
2013.03.15 00:14:12.722,0.86246,0.8626
2013.03.15 00:14:14.212,0.86248,0.8626
2013.03.15 00:14:15.442,0.86245,0.8626
2013.03.15 00:14:18.123,0.86243,0.86257
2013.03.15 00:14:19.094,0.86243,0.86257
2013.03.15 00:14:20.546,0.86243,0.86257
2013.03.15 00:14:20.743,0.86244,0.86256
2013.03.15 00:14:21.283,0.86243,0.86257
2013.03.15 00:14:27.363,0.86243,0.86259
2013.03.15 00:14:30.382,0.86246,0.86259
2013.03.15 00:14:39.075,0.86244,0.86258
2013.03.15 00:14:42.310,0.86244,0.86258
2013.03.15 00:14:47.253,0.86243,0.86257
2013.03.15 00:14:56.683,0.86243,0.86258
2013.03.15 00:14:57.254,0.86243,0.86258
2013.03.15 00:15:01.174,0.86242,0.86257
2013.03.15 00:15:01.684,0.86244,0.86257
2013.03.15 00:15:01.935,0.86244,0.86256
2013.03.15 00:15:02.483,0.86242,0.86257
2013.03.15 00:15:03.083,0.86241,0.86257
2013.03.15 00:15:03.273,0.86241,0.86256
2013.03.15 00:15:03.404,0.86241,0.86256
2013.03.15 00:15:03.908,0.86245,0.86257
2013.03.15 00:15:04.913,0.86244,0.86257
2013.03.15 00:15:05.464,0.86243,0.86255
2013.03.15 00:15:05.592,0.86243,0.86254
2013.03.15 00:15:05.713,0.8624,0.86253
2013.03.15 00:15:06.252,0.8624,0.86252
2013.03.15 00:15:10.542,0.86239,0.86253
2013.03.15 00:15:11.222,0.8624,0.86254
2013.03.15 00:15:12.132,0.86241,0.86254
2013.03.15 00:15:17.942,0.86241,0.86254
2013.03.15 00:15:21.097,0.8624,0.86253
2013.03.15 00:15:21.284,0.86239,0.86252
2013.03.15 00:15:21.413,0.86237,0.86252
2013.03.15 00:15:22.323,0.86236,0.86251
2013.03.15 00:15:22.952,0.86236,0.86251
2013.03.15 00:15:23.263,0.86235,0.8625
2013.03.15 00:15:23.633,0.86234,0.86249
2013.03.15 00:15:24.742,0.86233,0.86249
2013.03.15 00:15:29.793,0.86233,0.86248
2013.03.15 00:15:30.333,0.86233,0.86248
2013.03.15 00:15:31.763,0.86232,0.86248
2013.03.15 00:15:31.953,0.86236,0.86251
2013.03.15 00:15:34.013,0.86238,0.86254
2013.03.15 00:15:36.382,0.86239,0.86254
2013.03.15 00:15:37.945,0.86238,0.86254
2013.03.15 00:15:40.002,0.86238,0.86254
2013.03.15 00:15:42.641,0.86238,0.86254
2013.03.15 00:15:48.272,0.86237,0.86253
2013.03.15 00:15:55.082,0.86237,0.86252
2013.03.15 00:16:01.166,0.86237,0.86253
2013.03.15 00:16:01.713,0.86236,0.86252
2013.03.15 00:16:04.514,0.86237,0.86252
2013.03.15 00:16:05.065,0.86238,0.86252
2013.03.15 00:16:05.623,0.86236,0.86251
2013.03.15 00:16:10.952,0.86236,0.86251
2013.03.15 00:16:18.163,0.86236,0.86252
2013.03.15 00:16:24.415,0.8624,0.86255
2013.03.15 00:16:26.564,0.8624,0.86256
2013.03.15 00:16:27.113,0.8624,0.86256
2013.03.15 00:16:29.533,0.8624,0.86256
2013.03.15 00:16:29.724,0.8624,0.86255
2013.03.15 00:16:30.426,0.86237,0.86253
2013.03.15 00:16:33.862,0.86237,0.86252
2013.03.15 00:16:34.413,0.86237,0.86251
2013.03.15 00:16:41.172,0.86237,0.86253
2013.03.15 00:16:41.713,0.8624,0.86254
2013.03.15 00:16:44.792,0.86237,0.86253
2013.03.15 00:16:49.424,0.86239,0.86254
2013.03.15 00:16:49.742,0.86239,0.86255
2013.03.15 00:16:53.503,0.86239,0.86255
2013.03.15 00:16:54.233,0.86239,0.86255
2013.03.15 00:16:54.792,0.86239,0.86255
2013.03.15 00:16:58.964,0.86237,0.86253
2013.03.15 00:16:59.278,0.86237,0.86253
2013.03.15 00:17:02.262,0.86237,0.86253
2013.03.15 00:17:05.132,0.86239,0.86253
2013.03.15 00:17:05.638,0.86239,0.86253
2013.03.15 00:17:05.883,0.8624,0.86253
2013.03.15 00:17:06.122,0.8624,0.86253
2013.03.15 00:17:24.052,0.8624,0.86255
2013.03.15 00:17:25.954,0.8624,0.86255
2013.03.15 00:17:29.003,0.8624,0.86254
2013.03.15 00:17:31.245,0.8624,0.86254
2013.03.15 00:17:32.584,0.8624,0.86254
2013.03.15 00:17:34.520,0.8624,0.86255
2013.03.15 00:17:42.322,0.8624,0.86256
2013.03.15 00:17:43.204,0.8624,0.86256
2013.03.15 00:17:43.764,0.86241,0.86258
2013.03.15 00:17:46.703,0.86241,0.86258
2013.03.15 00:17:49.112,0.8624,0.86256
2013.03.15 00:17:49.702,0.8624,0.86256
2013.03.15 00:17:56.252,0.8624,0.86256
2013.03.15 00:17:57.142,0.86241,0.86255
2013.03.15 00:17:57.263,0.86239,0.86254
2013.03.15 00:17:57.865,0.86238,0.86253
2013.03.15 00:17:58.413,0.86238,0.86252
2013.03.15 00:18:00.153,0.86238,0.86253
2013.03.15 00:18:00.554,0.86238,0.86254
2013.03.15 00:18:01.074,0.86238,0.86254
2013.03.15 00:18:01.656,0.86238,0.86253
2013.03.15 00:18:05.491,0.86238,0.86254
2013.03.15 00:18:05.984,0.86242,0.86258
2013.03.15 00:18:06.294,0.86242,0.86258
2013.03.15 00:18:07.804,0.86242,0.86258
2013.03.15 00:18:08.353,0.86242,0.86258
2013.03.15 00:18:08.413,0.86242,0.86258
2013.03.15 00:18:10.462,0.86242,0.86258
2013.03.15 00:18:12.993,0.86244,0.86258
2013.03.15 00:18:17.148,0.86244,0.86257
2013.03.15 00:18:18.095,0.86242,0.86256
2013.03.15 00:18:18.285,0.86241,0.86257
2013.03.15 00:18:20.243,0.86241,0.86255
2013.03.15 00:18:20.802,0.86241,0.86255
2013.03.15 00:18:23.133,0.86241,0.86254
2013.03.15 00:18:24.493,0.86244,0.86254
2013.03.15 00:18:24.922,0.86242,0.86255
2013.03.15 00:18:36.043,0.86242,0.86254
2013.03.15 00:18:36.723,0.86242,0.86257
2013.03.15 00:18:36.783,0.86243,0.86258
2013.03.15 00:18:37.333,0.86245,0.86257
2013.03.15 00:18:37.874,0.86245,0.86257
2013.03.15 00:18:38.382,0.86246,0.86258
2013.03.15 00:18:44.291,0.86247,0.8626
2013.03.15 00:18:54.452,0.86247,0.8626
2013.03.15 00:18:54.993,0.86246,0.86258
2013.03.15 00:18:55.743,0.86246,0.86263
2013.03.15 00:18:56.164,0.86247,0.86263
2013.03.15 00:18:56.484,0.86247,0.86263
2013.03.15 00:19:00.684,0.86247,0.86263
2013.03.15 00:19:01.864,0.86247,0.86261
2013.03.15 00:19:08.902,0.86247,0.86261
2013.03.15 00:19:11.738,0.86247,0.86261
2013.03.15 00:19:14.378,0.86247,0.86261
2013.03.15 00:19:18.794,0.86246,0.86262
2013.03.15 00:19:19.043,0.86246,0.86262
2013.03.15 00:19:19.403,0.86249,0.86263
2013.03.15 00:19:23.403,0.8625,0.86265
2013.03.15 00:19:24.313,0.86253,0.86267
2013.03.15 00:19:25.068,0.8625,0.86263
2013.03.15 00:19:31.134,0.86253,0.86263
2013.03.15 00:19:31.873,0.86254,0.86266
2013.03.15 00:19:31.944,0.86254,0.86266
2013.03.15 00:19:46.388,0.86253,0.86267
2013.03.15 00:19:56.873,0.86252,0.86267
2013.03.15 00:19:59.763,0.86252,0.86267
2013.03.15 00:20:01.614,0.86251,0.86266
2013.03.15 00:20:05.452,0.86251,0.86266
2013.03.15 00:20:15.043,0.86251,0.86266
2013.03.15 00:20:21.814,0.8625,0.86263
2013.03.15 00:20:23.593,0.8625,0.86265
2013.03.15 00:20:28.213,0.8625,0.86265
2013.03.15 00:20:33.083,0.8625,0.86265
2013.03.15 00:20:39.853,0.8625,0.86263
2013.03.15 00:20:44.824,0.8625,0.86263
2013.03.15 00:20:46.065,0.86249,0.86263
2013.03.15 00:20:54.325,0.86251,0.86264
2013.03.15 00:20:54.401,0.86252,0.86268
2013.03.15 00:20:54.593,0.86253,0.86268
2013.03.15 00:20:56.977,0.86256,0.86268
2013.03.15 00:20:57.964,0.86256,0.86268
2013.03.15 00:21:01.804,0.86256,0.86268
2013.03.15 00:21:17.433,0.86258,0.86268
2013.03.15 00:21:17.763,0.86257,0.86268
2013.03.15 00:21:18.288,0.86259,0.86271
2013.03.15 00:21:18.895,0.86258,0.8627
2013.03.15 00:21:19.326,0.86258,0.86269
2013.03.15 00:21:19.633,0.86253,0.86268
2013.03.15 00:21:20.754,0.86252,0.86267
2013.03.15 00:21:22.166,0.86253,0.86266
2013.03.15 00:21:22.728,0.86251,0.86265
2013.03.15 00:21:23.166,0.86254,0.86268
2013.03.15 00:21:23.305,0.86254,0.86267
2013.03.15 00:21:24.253,0.86255,0.86268
2013.03.15 00:21:24.573,0.86252,0.86265
2013.03.15 00:21:25.017,0.86251,0.86266
2013.03.15 00:21:35.894,0.86251,0.86265
2013.03.15 00:21:42.524,0.8625,0.86263
2013.03.15 00:21:47.694,0.86251,0.86264
2013.03.15 00:21:48.369,0.8625,0.86263
2013.03.15 00:21:48.763,0.86253,0.86265
2013.03.15 00:21:50.004,0.86252,0.86265
2013.03.15 00:21:50.414,0.86252,0.86265
2013.03.15 00:21:54.893,0.86252,0.86263
2013.03.15 00:21:55.194,0.86252,0.86265
2013.03.15 00:21:56.005,0.86252,0.86265
2013.03.15 00:21:56.553,0.86252,0.86265
2013.03.15 00:21:57.537,0.86252,0.86265
2013.03.15 00:21:58.373,0.86252,0.86265
2013.03.15 00:21:58.889,0.86253,0.86265
2013.03.15 00:22:00.278,0.86253,0.86265
2013.03.15 00:22:00.801,0.86253,0.86267
2013.03.15 00:22:00.868,0.86253,0.86268
2013.03.15 00:22:01.413,0.86253,0.86267
2013.03.15 00:22:04.095,0.86253,0.86266
2013.03.15 00:22:04.615,0.86252,0.86265
2013.03.15 00:22:06.084,0.86251,0.86265
2013.03.15 00:22:18.029,0.86249,0.86261
2013.03.15 00:22:21.064,0.8625,0.86261
2013.03.15 00:22:22.994,0.86248,0.86261
2013.03.15 00:22:23.364,0.86248,0.8626
2013.03.15 00:22:23.666,0.86247,0.86258
2013.03.15 00:22:24.599,0.86247,0.86257
2013.03.15 00:22:28.436,0.86246,0.8626
2013.03.15 00:22:28.984,0.86247,0.86262
2013.03.15 00:22:38.073,0.86247,0.86262
2013.03.15 00:22:39.324,0.86247,0.86262
2013.03.15 00:22:40.430,0.86252,0.86267
2013.03.15 00:22:40.975,0.86251,0.86267
2013.03.15 00:22:41.483,0.8625,0.86264
2013.03.15 00:22:41.970,0.8625,0.86263
2013.03.15 00:22:42.817,0.8625,0.86262
2013.03.15 00:22:49.364,0.8625,0.86262
2013.03.15 00:22:50.663,0.86246,0.86262
2013.03.15 00:22:56.735,0.86246,0.86262
2013.03.15 00:22:56.805,0.86246,0.8626
2013.03.15 00:22:57.725,0.86246,0.8626
2013.03.15 00:23:05.587,0.86246,0.8626
2013.03.15 00:23:07.384,0.86246,0.8626
2013.03.15 00:23:10.334,0.86246,0.8626
2013.03.15 00:23:10.845,0.86246,0.8626
2013.03.15 00:23:12.404,0.86246,0.8626
2013.03.15 00:23:12.942,0.86246,0.8626
2013.03.15 00:23:14.083,0.86246,0.8626
2013.03.15 00:23:14.622,0.86246,0.86259
2013.03.15 00:23:15.613,0.86246,0.86259
2013.03.15 00:23:17.805,0.86246,0.86259
2013.03.15 00:23:18.335,0.86245,0.86258
2013.03.15 00:23:19.393,0.86246,0.86258
2013.03.15 00:23:21.035,0.86246,0.8626
2013.03.15 00:23:28.892,0.86246,0.8626
2013.03.15 00:23:32.203,0.86246,0.86259
2013.03.15 00:23:37.254,0.86243,0.86259
2013.03.15 00:23:44.065,0.86244,0.86258
2013.03.15 00:23:54.054,0.86244,0.86259
2013.03.15 00:23:59.125,0.86242,0.86258
2013.03.15 00:24:00.543,0.86242,0.86258
2013.03.15 00:24:03.093,0.86242,0.86257
2013.03.15 00:24:06.145,0.86242,0.86258
2013.03.15 00:24:10.244,0.86244,0.86259
2013.03.15 00:24:11.723,0.86243,0.86259
2013.03.15 00:24:13.066,0.86243,0.86257
2013.03.15 00:24:13.135,0.86243,0.86257
2013.03.15 00:24:13.693,0.86245,0.8626
2013.03.15 00:24:18.923,0.86242,0.86257
2013.03.15 00:24:19.963,0.86244,0.8626
2013.03.15 00:24:20.145,0.86244,0.8626
2013.03.15 00:24:20.696,0.86245,0.86261
2013.03.15 00:24:21.487,0.86246,0.8626
2013.03.15 00:24:22.324,0.86246,0.8626
2013.03.15 00:24:22.383,0.86246,0.8626
2013.03.15 00:24:23.565,0.86245,0.8626
2013.03.15 00:24:27.994,0.86245,0.8626
2013.03.15 00:24:30.944,0.86244,0.86259
2013.03.15 00:24:35.984,0.86244,0.86258
2013.03.15 00:24:36.534,0.8624,0.86256
2013.03.15 00:24:36.653,0.8624,0.86256
2013.03.15 00:24:37.864,0.8624,0.86254
2013.03.15 00:24:58.390,0.86239,0.86253
2013.03.15 00:25:03.995,0.86239,0.86253
2013.03.15 00:25:15.915,0.86239,0.86253
2013.03.15 00:25:16.244,0.86239,0.86253
2013.03.15 00:25:19.014,0.86238,0.86253
2013.03.15 00:25:23.043,0.86238,0.86253
2013.03.15 00:25:28.530,0.86238,0.86253
2013.03.15 00:25:41.237,0.86239,0.86254
2013.03.15 00:25:42.393,0.86239,0.86254
2013.03.15 00:25:50.572,0.86238,0.86254
2013.03.15 00:25:56.408,0.86239,0.86254
2013.03.15 00:25:58.440,0.86239,0.86254
2013.03.15 00:26:04.164,0.86239,0.86254
2013.03.15 00:26:10.431,0.86239,0.86255
2013.03.15 00:26:17.913,0.86238,0.86255
2013.03.15 00:26:39.328,0.86239,0.86255
2013.03.15 00:26:43.770,0.86239,0.86255
2013.03.15 00:26:46.087,0.86239,0.86255
2013.03.15 00:26:50.368,0.86239,0.86255
2013.03.15 00:26:52.234,0.86239,0.86255
2013.03.15 00:27:01.445,0.86239,0.86255
2013.03.15 00:27:10.464,0.86242,0.86256
2013.03.15 00:27:13.214,0.86241,0.86256
2013.03.15 00:27:36.608,0.86244,0.86256
2013.03.15 00:27:37.045,0.86242,0.86256
2013.03.15 00:27:44.405,0.86242,0.86255
2013.03.15 00:27:49.138,0.86241,0.86255
2013.03.15 00:27:54.574,0.86241,0.86254
2013.03.15 00:28:11.174,0.86241,0.86256
2013.03.15 00:28:11.534,0.86241,0.86256
2013.03.15 00:28:14.186,0.86241,0.86256
2013.03.15 00:28:15.464,0.86238,0.86253
2013.03.15 00:28:15.527,0.86238,0.86253
2013.03.15 00:28:15.598,0.86238,0.86251
2013.03.15 00:28:16.025,0.86239,0.86252
2013.03.15 00:28:16.527,0.86241,0.86255
2013.03.15 00:28:24.834,0.86241,0.86255
2013.03.15 00:28:24.964,0.86241,0.86255
2013.03.15 00:28:52.124,0.86241,0.86255
2013.03.15 00:28:52.665,0.86239,0.86252
2013.03.15 00:28:53.204,0.86239,0.86253
2013.03.15 00:28:53.264,0.86239,0.86253
2013.03.15 00:28:53.505,0.86239,0.86253
2013.03.15 00:28:54.055,0.86239,0.8625
2013.03.15 00:28:54.924,0.86238,0.86248
2013.03.15 00:28:55.556,0.86236,0.86247
2013.03.15 00:28:55.805,0.86237,0.86251
2013.03.15 00:28:55.874,0.86238,0.86251
2013.03.15 00:28:56.546,0.86238,0.86251
2013.03.15 00:28:57.103,0.86239,0.86254
2013.03.15 00:28:57.559,0.86239,0.86254
2013.03.15 00:28:57.685,0.86239,0.86256
2013.03.15 00:28:57.754,0.86241,0.86256
2013.03.15 00:28:58.307,0.86242,0.86258
2013.03.15 00:28:58.677,0.86244,0.86258
2013.03.15 00:28:58.824,0.86246,0.86259
2013.03.15 00:28:59.607,0.86245,0.8626
2013.03.15 00:29:01.734,0.86246,0.8626
2013.03.15 00:29:01.795,0.86246,0.8626
2013.03.15 00:29:03.514,0.86244,0.86258
2013.03.15 00:29:04.080,0.8624,0.86255
2013.03.15 00:29:04.281,0.8624,0.86255
2013.03.15 00:29:12.187,0.86241,0.86256
2013.03.15 00:29:26.923,0.86244,0.86258
2013.03.15 00:29:41.820,0.86242,0.86256
2013.03.15 00:29:50.333,0.86242,0.86256
2013.03.15 00:29:50.884,0.86241,0.86257
2013.03.15 00:29:51.385,0.86241,0.86257
2013.03.15 00:29:53.872,0.86241,0.86257
2013.03.15 00:30:14.934,0.86241,0.86257
2013.03.15 00:30:20.226,0.86241,0.86255
2013.03.15 00:30:20.767,0.86242,0.86255
2013.03.15 00:30:27.203,0.86242,0.86255
2013.03.15 00:30:29.753,0.86242,0.86255
2013.03.15 00:30:33.534,0.86241,0.86256
2013.03.15 00:30:34.074,0.86242,0.86256
2013.03.15 00:30:35.187,0.86242,0.86255
2013.03.15 00:30:48.131,0.86242,0.86255
2013.03.15 00:30:51.324,0.86242,0.86255
2013.03.15 00:30:57.804,0.86242,0.86254
2013.03.15 00:31:42.808,0.86239,0.86254
2013.03.15 00:31:43.056,0.86238,0.86254
2013.03.15 00:31:43.678,0.86238,0.8625
2013.03.15 00:31:46.055,0.86237,0.8625
2013.03.15 00:31:48.964,0.86237,0.86249
2013.03.15 00:31:51.675,0.86238,0.86251
2013.03.15 00:31:51.808,0.86238,0.86252
2013.03.15 00:31:52.185,0.86238,0.86253
2013.03.15 00:31:54.766,0.86238,0.86253
2013.03.15 00:31:57.066,0.8624,0.86254
2013.03.15 00:31:57.585,0.86238,0.86252
2013.03.15 00:32:02.956,0.86238,0.86251
2013.03.15 00:32:03.506,0.86237,0.86252
2013.03.15 00:32:05.256,0.86237,0.86254
2013.03.15 00:32:05.385,0.86238,0.86254
2013.03.15 00:32:05.517,0.86236,0.86253
2013.03.15 00:32:05.587,0.86235,0.86252
2013.03.15 00:32:05.961,0.86234,0.86247
2013.03.15 00:32:06.086,0.86237,0.86247
2013.03.15 00:32:06.215,0.86237,0.8625
2013.03.15 00:32:06.716,0.86237,0.86251
2013.03.15 00:32:07.087,0.86235,0.86248
2013.03.15 00:32:07.596,0.86236,0.86252
2013.03.15 00:32:08.106,0.86236,0.86252
2013.03.15 00:32:08.415,0.86236,0.86252
2013.03.15 00:32:09.025,0.86236,0.86252
2013.03.15 00:32:09.679,0.86238,0.86253
2013.03.15 00:32:10.016,0.86236,0.86252
2013.03.15 00:32:16.104,0.86236,0.86251
2013.03.15 00:32:17.745,0.86234,0.86249
2013.03.15 00:32:18.307,0.86234,0.86249
2013.03.15 00:32:20.909,0.86234,0.86249
2013.03.15 00:32:25.236,0.86234,0.86247
2013.03.15 00:32:25.376,0.86234,0.86247
2013.03.15 00:32:25.625,0.86231,0.86246
2013.03.15 00:32:25.695,0.86231,0.86246
2013.03.15 00:32:26.016,0.86229,0.86242
2013.03.15 00:32:26.145,0.86227,0.86242
2013.03.15 00:32:26.336,0.86226,0.86241
2013.03.15 00:32:26.856,0.86226,0.86241
2013.03.15 00:32:27.406,0.86228,0.86243
2013.03.15 00:32:33.014,0.86229,0.86245
2013.03.15 00:32:33.354,0.86229,0.86242
2013.03.15 00:32:35.585,0.86231,0.86245
2013.03.15 00:32:36.075,0.86232,0.86245
2013.03.15 00:32:36.255,0.86234,0.86245
2013.03.15 00:32:36.795,0.86234,0.86246
2013.03.15 00:32:37.334,0.86231,0.86246
2013.03.15 00:32:51.825,0.86232,0.86246
2013.03.15 00:32:53.534,0.86231,0.86246
2013.03.15 00:32:59.193,0.86231,0.86246
2013.03.15 00:33:01.227,0.86234,0.86247
2013.03.15 00:33:01.416,0.86234,0.86247
2013.03.15 00:33:01.966,0.86234,0.86248
2013.03.15 00:33:07.186,0.86234,0.86247
2013.03.15 00:33:09.474,0.86234,0.86247
2013.03.15 00:33:10.774,0.86234,0.86247
2013.03.15 00:33:27.465,0.86234,0.86249
2013.03.15 00:33:32.984,0.86233,0.86249
2013.03.15 00:33:33.524,0.86234,0.86249
2013.03.15 00:33:36.044,0.86234,0.86249
2013.03.15 00:33:37.391,0.86235,0.86251
2013.03.15 00:33:37.844,0.86237,0.86253
2013.03.15 00:33:38.384,0.86237,0.86254
2013.03.15 00:33:40.127,0.86239,0.86254
2013.03.15 00:33:43.545,0.86242,0.86257
2013.03.15 00:33:43.691,0.86242,0.86259
2013.03.15 00:33:43.879,0.86243,0.86259
2013.03.15 00:33:44.555,0.86244,0.86258
2013.03.15 00:33:46.998,0.86244,0.86258
2013.03.15 00:33:47.554,0.86243,0.86257
2013.03.15 00:33:48.744,0.86244,0.86257
2013.03.15 00:33:49.854,0.86243,0.86257
2013.03.15 00:33:50.944,0.86244,0.86257
2013.03.15 00:33:51.836,0.86243,0.86256
2013.03.15 00:33:52.101,0.86239,0.86254
2013.03.15 00:33:52.237,0.86239,0.86254
2013.03.15 00:33:52.616,0.86236,0.86252
2013.03.15 00:33:57.015,0.86235,0.86251
2013.03.15 00:33:57.135,0.86239,0.86254
2013.03.15 00:33:57.254,0.86239,0.86255
2013.03.15 00:33:57.616,0.86238,0.86254
2013.03.15 00:33:57.805,0.86239,0.86252
2013.03.15 00:33:58.601,0.86244,0.86258
2013.03.15 00:34:04.426,0.86242,0.86255
2013.03.15 00:34:04.496,0.86242,0.86255
2013.03.15 00:34:04.865,0.86242,0.86257
2013.03.15 00:34:04.935,0.86242,0.86257
2013.03.15 00:34:05.475,0.86239,0.86252
2013.03.15 00:34:06.016,0.86238,0.86255
2013.03.15 00:34:06.526,0.86238,0.86255
2013.03.15 00:34:09.985,0.8624,0.86254
2013.03.15 00:34:11.445,0.86241,0.86254
2013.03.15 00:34:17.966,0.86242,0.86257
2013.03.15 00:34:18.491,0.86242,0.86257
2013.03.15 00:34:20.974,0.86242,0.86257
2013.03.15 00:34:21.485,0.86245,0.86261
2013.03.15 00:34:21.666,0.86248,0.86261
2013.03.15 00:34:21.795,0.86247,0.86263
2013.03.15 00:34:21.854,0.86248,0.86264
2013.03.15 00:34:22.414,0.86249,0.86264
2013.03.15 00:34:24.645,0.86249,0.86264
2013.03.15 00:34:26.074,0.86248,0.86263
2013.03.15 00:34:26.794,0.86249,0.86263
2013.03.15 00:34:27.035,0.86248,0.8626
2013.03.15 00:34:28.015,0.86249,0.86263
2013.03.15 00:34:28.445,0.86247,0.8626
2013.03.15 00:34:30.214,0.86248,0.8626
2013.03.15 00:34:31.541,0.86248,0.86261
2013.03.15 00:34:37.504,0.86246,0.86262
2013.03.15 00:34:40.947,0.86243,0.86258
2013.03.15 00:34:41.076,0.86242,0.86258
2013.03.15 00:34:41.266,0.86243,0.86256
2013.03.15 00:34:41.586,0.86242,0.86256
2013.03.15 00:34:44.091,0.86243,0.86256
2013.03.15 00:34:44.775,0.86243,0.86256
2013.03.15 00:34:45.106,0.86243,0.86258
2013.03.15 00:34:45.416,0.86245,0.86259
2013.03.15 00:34:45.964,0.86245,0.86259
2013.03.15 00:34:48.853,0.86247,0.86261
2013.03.15 00:34:49.415,0.86248,0.86261
2013.03.15 00:34:49.654,0.86251,0.86264
2013.03.15 00:34:51.424,0.86251,0.86264
2013.03.15 00:35:03.386,0.8625,0.86265
2013.03.15 00:35:04.904,0.86248,0.86261
2013.03.15 00:35:05.145,0.86248,0.86261
2013.03.15 00:35:06.435,0.86244,0.86259
2013.03.15 00:35:06.555,0.86243,0.86258
2013.03.15 00:35:07.105,0.86244,0.86257
2013.03.15 00:35:07.926,0.86242,0.86257
2013.03.15 00:35:09.074,0.86241,0.86255
2013.03.15 00:35:09.255,0.86241,0.86254
2013.03.15 00:35:12.234,0.86242,0.86256
2013.03.15 00:35:12.816,0.86242,0.86258
2013.03.15 00:35:13.714,0.86242,0.86258
2013.03.15 00:35:26.965,0.86243,0.86257
2013.03.15 00:35:30.445,0.86245,0.86257
2013.03.15 00:35:30.695,0.86245,0.86258
2013.03.15 00:35:31.366,0.86245,0.86258
2013.03.15 00:35:39.157,0.86244,0.86258
2013.03.15 00:35:39.285,0.86244,0.86257
2013.03.15 00:35:42.468,0.86244,0.86258
2013.03.15 00:35:49.263,0.86244,0.86257
2013.03.15 00:35:49.331,0.86244,0.86257
2013.03.15 00:35:54.804,0.86243,0.86257
2013.03.15 00:35:56.192,0.86244,0.86257
2013.03.15 00:36:09.656,0.86243,0.86259
2013.03.15 00:36:10.338,0.86249,0.86262
2013.03.15 00:36:10.725,0.86245,0.86261
2013.03.15 00:36:11.264,0.86243,0.86258
2013.03.15 00:36:11.506,0.86242,0.86257
2013.03.15 00:36:12.056,0.86244,0.86257
2013.03.15 00:36:12.562,0.86245,0.8626
2013.03.15 00:36:13.046,0.86244,0.86258
2013.03.15 00:36:13.611,0.86242,0.86257
2013.03.15 00:36:14.165,0.86242,0.86258
2013.03.15 00:36:17.935,0.86243,0.86258
2013.03.15 00:36:18.068,0.86243,0.86258
2013.03.15 00:36:19.677,0.86242,0.86257
2013.03.15 00:36:20.376,0.86242,0.86257
2013.03.15 00:36:20.805,0.86244,0.8626
2013.03.15 00:36:21.225,0.86246,0.86261
2013.03.15 00:36:21.764,0.86248,0.86262
2013.03.15 00:36:38.046,0.86248,0.86261
2013.03.15 00:36:42.110,0.86248,0.86262
2013.03.15 00:36:45.016,0.86247,0.86259
2013.03.15 00:36:45.455,0.86247,0.86261
2013.03.15 00:36:50.768,0.86247,0.8626
2013.03.15 00:36:51.318,0.86247,0.8626
2013.03.15 00:37:00.445,0.86249,0.86262
2013.03.15 00:37:00.566,0.86251,0.86265
2013.03.15 00:37:00.696,0.8625,0.86264
2013.03.15 00:37:00.825,0.86251,0.86266
2013.03.15 00:37:01.145,0.86254,0.86268
2013.03.15 00:37:02.976,0.86255,0.86269
2013.03.15 00:37:10.875,0.86255,0.86266
2013.03.15 00:37:11.777,0.86255,0.8627
2013.03.15 00:37:11.907,0.86255,0.8627
2013.03.15 00:37:12.110,0.86258,0.86271
2013.03.15 00:37:12.356,0.86259,0.86271
2013.03.15 00:37:12.876,0.8626,0.86271
2013.03.15 00:37:15.845,0.86258,0.86272
2013.03.15 00:37:17.616,0.86258,0.86272
2013.03.15 00:37:18.258,0.86258,0.86271
2013.03.15 00:37:18.695,0.86256,0.86269
2013.03.15 00:37:18.754,0.86255,0.86269
2013.03.15 00:37:19.056,0.86253,0.86268
2013.03.15 00:37:26.695,0.86252,0.86268
2013.03.15 00:37:31.844,0.86252,0.86267
2013.03.15 00:37:46.144,0.86254,0.86267
2013.03.15 00:37:59.875,0.86255,0.86267
2013.03.15 00:38:00.584,0.86256,0.86269
2013.03.15 00:38:14.635,0.86257,0.86271
2013.03.15 00:38:14.936,0.86259,0.86271
2013.03.15 00:38:15.485,0.8626,0.86275
2013.03.15 00:38:16.182,0.86259,0.86274
2013.03.15 00:38:16.644,0.8626,0.86274
2013.03.15 00:38:21.222,0.86261,0.86276
2013.03.15 00:38:26.225,0.86261,0.86277
2013.03.15 00:38:26.835,0.86261,0.86276
2013.03.15 00:38:33.980,0.86261,0.86274
2013.03.15 00:38:40.249,0.86261,0.86274
2013.03.15 00:38:57.438,0.86259,0.86273
2013.03.15 00:39:05.880,0.86257,0.86271
2013.03.15 00:39:07.586,0.86259,0.86273
2013.03.15 00:39:13.425,0.86259,0.86274
2013.03.15 00:39:21.926,0.86258,0.86272
2013.03.15 00:39:22.545,0.86258,0.86272
2013.03.15 00:39:23.895,0.86259,0.86272
2013.03.15 00:39:23.966,0.8626,0.86276
2013.03.15 00:39:24.036,0.86261,0.86277
2013.03.15 00:39:24.405,0.86265,0.86279
2013.03.15 00:39:24.825,0.86267,0.86281
2013.03.15 00:39:25.185,0.86266,0.86279
2013.03.15 00:39:28.825,0.86261,0.86278
2013.03.15 00:39:29.186,0.86264,0.86279
2013.03.15 00:39:29.317,0.86265,0.8628
2013.03.15 00:39:32.780,0.86266,0.86279
2013.03.15 00:39:33.929,0.86266,0.86279
2013.03.15 00:39:37.865,0.86265,0.86278
2013.03.15 00:39:40.559,0.86265,0.86278
2013.03.15 00:39:41.136,0.86265,0.86276
2013.03.15 00:39:41.648,0.86265,0.86276
2013.03.15 00:39:42.157,0.86264,0.86277
2013.03.15 00:39:42.767,0.86264,0.86276
2013.03.15 00:39:43.324,0.86262,0.86277
2013.03.15 00:39:43.507,0.86259,0.86274
2013.03.15 00:39:43.636,0.8626,0.86274
2013.03.15 00:39:43.945,0.86259,0.86272
2013.03.15 00:39:46.127,0.86259,0.86271
2013.03.15 00:39:47.095,0.86258,0.86271
2013.03.15 00:39:47.966,0.86258,0.86271
2013.03.15 00:39:48.682,0.86259,0.86272
2013.03.15 00:39:49.256,0.86259,0.86272
2013.03.15 00:39:53.785,0.86258,0.86271
2013.03.15 00:39:54.645,0.86258,0.86272
2013.03.15 00:39:56.147,0.86258,0.86272
2013.03.15 00:39:59.175,0.86257,0.86272
2013.03.15 00:40:00.326,0.86257,0.86272
2013.03.15 00:40:01.387,0.86257,0.86272
2013.03.15 00:40:01.936,0.86257,0.86272
2013.03.15 00:40:02.439,0.86257,0.86272
2013.03.15 00:40:02.766,0.86257,0.86271
2013.03.15 00:40:03.496,0.86257,0.86271
2013.03.15 00:40:03.998,0.86258,0.86271
2013.03.15 00:40:04.886,0.86258,0.86271
2013.03.15 00:40:06.048,0.86257,0.86271
2013.03.15 00:40:06.545,0.86257,0.86271
2013.03.15 00:40:08.918,0.86256,0.8627
2013.03.15 00:40:09.837,0.86254,0.8627
2013.03.15 00:40:12.607,0.86255,0.8627
2013.03.15 00:40:13.158,0.86256,0.86269
2013.03.15 00:40:13.226,0.86256,0.86271
2013.03.15 00:40:13.656,0.86255,0.86269
2013.03.15 00:40:14.765,0.86256,0.86269
2013.03.15 00:40:16.415,0.86256,0.86269
2013.03.15 00:40:17.486,0.86256,0.86269
2013.03.15 00:40:19.550,0.86255,0.86267
2013.03.15 00:40:28.751,0.86254,0.86267
2013.03.15 00:40:30.516,0.86254,0.86267
2013.03.15 00:40:36.306,0.86255,0.86268
2013.03.15 00:40:37.865,0.86255,0.8627
2013.03.15 00:40:37.987,0.86258,0.8627
2013.03.15 00:40:39.936,0.86259,0.86272
2013.03.15 00:40:40.308,0.86259,0.86275
2013.03.15 00:40:40.615,0.86263,0.86277
2013.03.15 00:40:40.925,0.86263,0.86278
2013.03.15 00:40:40.986,0.86263,0.86278
2013.03.15 00:40:41.637,0.86263,0.86279
2013.03.15 00:40:48.108,0.86263,0.86277
2013.03.15 00:40:48.427,0.86261,0.86276
2013.03.15 00:40:48.935,0.86261,0.86273
2013.03.15 00:40:55.996,0.86259,0.86273
2013.03.15 00:40:59.468,0.86259,0.86273
2013.03.15 00:40:59.717,0.86258,0.86273
2013.03.15 00:41:00.025,0.86258,0.86273
2013.03.15 00:41:02.386,0.86258,0.86271
2013.03.15 00:41:05.476,0.86259,0.86272
2013.03.15 00:41:09.285,0.86259,0.86272
2013.03.15 00:41:18.228,0.86254,0.8627
2013.03.15 00:41:18.358,0.86254,0.8627
2013.03.15 00:41:26.596,0.86258,0.86271
2013.03.15 00:41:29.841,0.86258,0.86271
2013.03.15 00:41:39.905,0.86258,0.86271
2013.03.15 00:41:41.446,0.86256,0.86271
2013.03.15 00:41:46.236,0.86256,0.86269
2013.03.15 00:41:49.847,0.86256,0.86269
2013.03.15 00:41:56.166,0.86254,0.86267
2013.03.15 00:41:56.705,0.86253,0.86266
2013.03.15 00:41:57.669,0.86254,0.86268
2013.03.15 00:41:59.776,0.86253,0.86267
2013.03.15 00:42:06.385,0.86253,0.86268
2013.03.15 00:42:08.445,0.86253,0.86268
2013.03.15 00:42:10.025,0.86253,0.86268
2013.03.15 00:42:10.720,0.86253,0.86268
2013.03.15 00:42:17.916,0.86256,0.8627
2013.03.15 00:42:24.263,0.86258,0.86271
2013.03.15 00:42:29.996,0.86258,0.86271
2013.03.15 00:42:40.566,0.86258,0.86271
2013.03.15 00:42:53.163,0.86258,0.86271
2013.03.15 00:42:53.826,0.86258,0.86271
2013.03.15 00:42:54.368,0.86258,0.86272
2013.03.15 00:42:55.226,0.86258,0.86272
2013.03.15 00:42:56.866,0.86258,0.86271
2013.03.15 00:43:00.647,0.86258,0.86271
2013.03.15 00:43:02.735,0.86258,0.86271
2013.03.15 00:43:10.075,0.86258,0.86271
2013.03.15 00:43:10.626,0.86259,0.86271
2013.03.15 00:43:47.645,0.86259,0.86272
2013.03.15 00:44:05.019,0.86259,0.86272
2013.03.15 00:44:31.974,0.86259,0.86272
2013.03.15 00:44:47.275,0.86256,0.86273
2013.03.15 00:44:50.878,0.86256,0.86272
2013.03.15 00:44:54.555,0.86256,0.86271
2013.03.15 00:45:02.777,0.86256,0.86273
2013.03.15 00:45:03.835,0.86256,0.86273
2013.03.15 00:45:03.976,0.86256,0.86273
2013.03.15 00:45:06.335,0.86256,0.86273
2013.03.15 00:45:10.105,0.86259,0.86272
2013.03.15 00:45:33.729,0.86259,0.86272
2013.03.15 00:45:35.161,0.86257,0.86272
2013.03.15 00:45:36.435,0.86256,0.86269
2013.03.15 00:46:02.366,0.86255,0.86269
2013.03.15 00:46:02.671,0.86252,0.86266
2013.03.15 00:46:10.797,0.86252,0.86265
2013.03.15 00:46:11.696,0.86252,0.86265
2013.03.15 00:46:18.818,0.86252,0.86266
2013.03.15 00:46:20.195,0.86252,0.86265
2013.03.15 00:46:26.886,0.86252,0.86267
2013.03.15 00:46:32.652,0.86252,0.86265
2013.03.15 00:47:16.037,0.86249,0.86266
2013.03.15 00:47:31.664,0.86251,0.86265
2013.03.15 00:47:41.587,0.8625,0.86265
2013.03.15 00:47:41.716,0.8625,0.86264
2013.03.15 00:47:42.466,0.86252,0.86267
2013.03.15 00:47:51.411,0.86252,0.86267
2013.03.15 00:48:01.268,0.86251,0.86266
2013.03.15 00:48:02.835,0.86251,0.86264
2013.03.15 00:48:09.676,0.86251,0.86264
2013.03.15 00:48:10.931,0.86249,0.86264
2013.03.15 00:48:20.755,0.86249,0.86263
2013.03.15 00:48:21.306,0.8625,0.86263
2013.03.15 00:48:27.047,0.86251,0.86265
2013.03.15 00:48:31.376,0.86251,0.86265
2013.03.15 00:48:32.696,0.86251,0.86264
2013.03.15 00:48:38.407,0.86251,0.86263
2013.03.15 00:48:38.974,0.8625,0.86261
2013.03.15 00:48:40.547,0.86249,0.86261
2013.03.15 00:48:41.736,0.86248,0.86261
2013.03.15 00:48:51.387,0.86246,0.8626
2013.03.15 00:48:55.708,0.86245,0.8626
2013.03.15 00:48:56.995,0.86245,0.8626
2013.03.15 00:48:58.066,0.86243,0.86258
2013.03.15 00:48:59.788,0.86242,0.86255
2013.03.15 00:49:00.346,0.8624,0.86255
2013.03.15 00:49:01.185,0.8624,0.86255
2013.03.15 00:49:01.726,0.8624,0.86252
2013.03.15 00:49:02.626,0.8624,0.86252
2013.03.15 00:49:03.948,0.86242,0.86252
2013.03.15 00:49:10.738,0.86241,0.86253
2013.03.15 00:49:18.336,0.8624,0.86252
2013.03.15 00:49:18.896,0.8624,0.86251
2013.03.15 00:49:24.628,0.86238,0.86249
2013.03.15 00:49:28.039,0.86237,0.86249
2013.03.15 00:49:29.247,0.86236,0.86249
2013.03.15 00:49:32.216,0.86234,0.86247
2013.03.15 00:49:32.646,0.86234,0.86246
2013.03.15 00:49:33.187,0.86233,0.86246
2013.03.15 00:49:33.676,0.86231,0.86244
2013.03.15 00:49:34.482,0.86231,0.86245
2013.03.15 00:49:35.536,0.86231,0.86244
2013.03.15 00:49:40.578,0.86231,0.86245
2013.03.15 00:49:44.797,0.86231,0.86245
2013.03.15 00:49:45.467,0.86231,0.86245
2013.03.15 00:50:02.606,0.8623,0.86244
2013.03.15 00:50:11.066,0.86228,0.86243
2013.03.15 00:50:11.717,0.86227,0.86243
2013.03.15 00:50:16.758,0.86229,0.86242
2013.03.15 00:50:19.986,0.8623,0.86242
2013.03.15 00:50:20.528,0.8623,0.86244
2013.03.15 00:50:20.657,0.8623,0.86243
2013.03.15 00:50:21.147,0.8623,0.86245
2013.03.15 00:50:23.908,0.86229,0.86245
2013.03.15 00:50:24.833,0.8623,0.86244
2013.03.15 00:50:26.795,0.86231,0.86245
2013.03.15 00:50:27.660,0.86233,0.86245
2013.03.15 00:50:30.988,0.86233,0.86246
2013.03.15 00:50:31.178,0.8623,0.86246
2013.03.15 00:50:31.668,0.8623,0.86243
2013.03.15 00:50:31.976,0.8623,0.86245
2013.03.15 00:50:34.957,0.86231,0.86246
2013.03.15 00:50:35.396,0.8623,0.86245
2013.03.15 00:50:35.582,0.86229,0.86243
2013.03.15 00:50:38.378,0.86229,0.86244
2013.03.15 00:50:39.227,0.8623,0.86244
2013.03.15 00:50:43.922,0.86229,0.86244
2013.03.15 00:50:53.480,0.86229,0.86245
2013.03.15 00:50:53.797,0.86229,0.86243
2013.03.15 00:50:55.350,0.86229,0.86243
2013.03.15 00:50:56.125,0.8623,0.86243
2013.03.15 00:51:08.187,0.8623,0.86245
2013.03.15 00:51:09.956,0.8623,0.86245
2013.03.15 00:51:13.840,0.86231,0.86246
2013.03.15 00:51:22.617,0.86231,0.86247
2013.03.15 00:51:30.149,0.86231,0.86248
2013.03.15 00:51:30.816,0.86231,0.86248
2013.03.15 00:51:34.780,0.86231,0.86248
2013.03.15 00:51:40.647,0.86232,0.86247
2013.03.15 00:51:46.376,0.86233,0.86247
2013.03.15 00:52:07.139,0.86233,0.86246
2013.03.15 00:52:12.478,0.86234,0.86247
2013.03.15 00:52:26.706,0.86234,0.86244
2013.03.15 00:52:33.098,0.86232,0.86242
2013.03.15 00:52:44.037,0.86232,0.86243
2013.03.15 00:52:49.007,0.86234,0.86244
2013.03.15 00:52:49.187,0.86232,0.86244
2013.03.15 00:52:59.886,0.86232,0.86242
2013.03.15 00:53:00.575,0.86232,0.86243
2013.03.15 00:53:08.586,0.86232,0.86243
2013.03.15 00:53:13.176,0.86232,0.86241
2013.03.15 00:53:13.416,0.8623,0.86241
2013.03.15 00:53:13.539,0.86228,0.86241
2013.03.15 00:53:15.247,0.86228,0.86243
2013.03.15 00:53:20.137,0.8623,0.86243
2013.03.15 00:53:20.207,0.8623,0.86243
2013.03.15 00:53:29.157,0.8623,0.86242
2013.03.15 00:53:30.518,0.8623,0.86242
2013.03.15 00:53:32.937,0.86231,0.86244
2013.03.15 00:53:41.216,0.86232,0.86245
2013.03.15 00:53:56.530,0.86233,0.86244
2013.03.15 00:53:57.946,0.86233,0.86244
2013.03.15 00:53:59.831,0.86233,0.86244
2013.03.15 00:54:01.397,0.86232,0.86244
2013.03.15 00:54:02.046,0.86232,0.86244
2013.03.15 00:54:02.348,0.86232,0.86242
2013.03.15 00:54:02.907,0.86229,0.86242
2013.03.15 00:54:03.446,0.86229,0.86242
2013.03.15 00:54:05.096,0.86229,0.86242
2013.03.15 00:54:05.646,0.86229,0.86242
2013.03.15 00:54:06.028,0.86231,0.86244
2013.03.15 00:54:08.726,0.8623,0.86244
2013.03.15 00:54:11.997,0.86231,0.86244
2013.03.15 00:54:12.696,0.86233,0.86244
2013.03.15 00:54:28.087,0.86233,0.86246
2013.03.15 00:54:30.121,0.86233,0.86245
2013.03.15 00:54:30.309,0.8623,0.86242
2013.03.15 00:54:30.437,0.86229,0.86242
2013.03.15 00:54:31.977,0.86228,0.8624
2013.03.15 00:54:34.057,0.86229,0.86243
2013.03.15 00:54:34.177,0.8623,0.86244
2013.03.15 00:54:35.516,0.8623,0.86246
2013.03.15 00:54:36.006,0.86233,0.86246
2013.03.15 00:54:36.607,0.86232,0.86246
2013.03.15 00:54:37.717,0.86231,0.86241
2013.03.15 00:54:38.017,0.8623,0.86241
2013.03.15 00:54:39.238,0.8623,0.86241
2013.03.15 00:54:39.308,0.86228,0.86241
2013.03.15 00:54:39.497,0.86228,0.86241
2013.03.15 00:54:40.136,0.86228,0.86241
2013.03.15 00:54:44.976,0.86229,0.86241
2013.03.15 00:54:45.987,0.86228,0.86241
2013.03.15 00:54:47.527,0.86227,0.86241
2013.03.15 00:54:51.266,0.86228,0.86241
2013.03.15 00:54:53.096,0.86229,0.86241
2013.03.15 00:54:58.140,0.86228,0.86241
2013.03.15 00:55:00.027,0.86227,0.86241
2013.03.15 00:55:00.377,0.86229,0.86241
2013.03.15 00:55:00.452,0.8623,0.86242
2013.03.15 00:55:00.520,0.8623,0.86242
2013.03.15 00:55:00.777,0.8623,0.86244
2013.03.15 00:55:00.840,0.86231,0.86244
2013.03.15 00:55:01.182,0.86233,0.86248
2013.03.15 00:55:01.679,0.86235,0.86249
2013.03.15 00:55:02.228,0.86232,0.86245
2013.03.15 00:55:02.788,0.86231,0.86246
2013.03.15 00:55:03.217,0.86231,0.86246
2013.03.15 00:55:04.977,0.86231,0.86245
2013.03.15 00:55:05.278,0.86231,0.86245
2013.03.15 00:55:10.927,0.86231,0.86246
2013.03.15 00:55:16.637,0.86234,0.86248
2013.03.15 00:55:16.997,0.86235,0.86248
2013.03.15 00:55:19.068,0.86233,0.86246
2013.03.15 00:55:19.199,0.86233,0.86246
2013.03.15 00:55:23.767,0.86232,0.86246
2013.03.15 00:55:25.069,0.86232,0.86245
2013.03.15 00:55:25.589,0.86231,0.86244
2013.03.15 00:55:26.198,0.86231,0.86246
2013.03.15 00:55:26.837,0.86231,0.86246
2013.03.15 00:55:27.146,0.86231,0.86246
2013.03.15 00:55:28.738,0.86231,0.86246
2013.03.15 00:55:29.489,0.86231,0.86247
2013.03.15 00:55:29.851,0.86231,0.86245
2013.03.15 00:55:29.931,0.86229,0.86245
2013.03.15 00:55:30.075,0.86229,0.86245
2013.03.15 00:55:32.238,0.86227,0.86243
2013.03.15 00:55:32.489,0.86227,0.86242
2013.03.15 00:55:32.632,0.86227,0.86242
2013.03.15 00:55:32.947,0.86226,0.86241
2013.03.15 00:55:38.197,0.86225,0.86241
2013.03.15 00:55:39.407,0.86225,0.86241
2013.03.15 00:55:42.316,0.86225,0.8624
2013.03.15 00:55:43.087,0.86225,0.86241
2013.03.15 00:55:46.146,0.86225,0.86238
2013.03.15 00:55:46.687,0.86225,0.8624
2013.03.15 00:55:59.680,0.86224,0.86238
2013.03.15 00:56:00.658,0.86224,0.86238
2013.03.15 00:56:05.502,0.86224,0.86238
2013.03.15 00:56:07.837,0.86226,0.86239
2013.03.15 00:56:09.482,0.86226,0.86239
2013.03.15 00:56:13.289,0.86224,0.86238
2013.03.15 00:56:13.479,0.86223,0.86238
2013.03.15 00:56:13.608,0.86223,0.86236
2013.03.15 00:56:16.779,0.8622,0.86236
2013.03.15 00:56:17.957,0.86222,0.86235
2013.03.15 00:56:18.506,0.86224,0.86237
2013.03.15 00:56:21.878,0.86228,0.86241
2013.03.15 00:56:24.354,0.86229,0.86241
2013.03.15 00:56:32.436,0.86229,0.86242
2013.03.15 00:56:34.762,0.86229,0.86242
2013.03.15 00:56:34.982,0.86229,0.86242
2013.03.15 00:56:35.528,0.86229,0.86242
2013.03.15 00:56:36.147,0.86229,0.86242
2013.03.15 00:56:45.287,0.86229,0.86242
2013.03.15 00:56:47.248,0.8623,0.86242
2013.03.15 00:57:07.180,0.86225,0.8624
2013.03.15 00:57:07.308,0.86223,0.86238
2013.03.15 00:57:07.368,0.86223,0.86238
2013.03.15 00:57:07.618,0.86224,0.86236
2013.03.15 00:57:08.168,0.86224,0.86237
2013.03.15 00:57:10.896,0.86223,0.86237
2013.03.15 00:57:20.579,0.86224,0.86238
2013.03.15 00:57:23.238,0.86224,0.86239
2013.03.15 00:57:32.567,0.86224,0.86237
2013.03.15 00:57:32.878,0.86221,0.86235
2013.03.15 00:57:32.947,0.86219,0.86235
2013.03.15 00:57:33.007,0.86219,0.86232
2013.03.15 00:57:33.248,0.86219,0.86234
2013.03.15 00:57:34.271,0.86219,0.86232
2013.03.15 00:57:37.418,0.86218,0.86232
2013.03.15 00:57:39.313,0.86219,0.86232
2013.03.15 00:57:39.497,0.86219,0.86232
2013.03.15 00:57:40.680,0.86219,0.86232
2013.03.15 00:57:47.080,0.86217,0.86231
2013.03.15 00:57:47.209,0.86217,0.8623
2013.03.15 00:57:47.878,0.86216,0.86229
2013.03.15 00:57:48.437,0.86216,0.8623
2013.03.15 00:57:55.088,0.86216,0.86232
2013.03.15 00:57:55.648,0.86217,0.86229
2013.03.15 00:57:57.828,0.86217,0.8623
2013.03.15 00:57:58.823,0.86217,0.86232
2013.03.15 00:58:00.248,0.86217,0.86232
2013.03.15 00:58:04.277,0.86217,0.86232
2013.03.15 00:58:10.067,0.86218,0.86234
2013.03.15 00:58:14.717,0.86221,0.86234
2013.03.15 00:58:14.788,0.86221,0.86235
2013.03.15 00:58:16.337,0.86221,0.86236
2013.03.15 00:58:19.217,0.86223,0.86238
2013.03.15 00:58:19.519,0.86223,0.86238
2013.03.15 00:58:20.397,0.86223,0.86237
2013.03.15 00:58:20.700,0.86227,0.86239
2013.03.15 00:58:20.768,0.86229,0.86243
2013.03.15 00:58:21.078,0.86229,0.86243
2013.03.15 00:58:21.628,0.86229,0.86243
2013.03.15 00:58:22.619,0.86229,0.86243
2013.03.15 00:58:23.575,0.86227,0.86243
2013.03.15 00:58:24.148,0.86227,0.86243
2013.03.15 00:58:26.588,0.86226,0.86241
2013.03.15 00:58:27.138,0.86224,0.86239
2013.03.15 00:58:27.208,0.86224,0.86238
2013.03.15 00:58:27.757,0.86224,0.86237
2013.03.15 00:58:27.858,0.86224,0.86237
2013.03.15 00:58:28.410,0.86224,0.86237
2013.03.15 00:58:28.996,0.86223,0.86237
2013.03.15 00:58:30.608,0.86223,0.86237
2013.03.15 00:58:31.167,0.86223,0.86234
2013.03.15 00:58:34.273,0.86222,0.86236
2013.03.15 00:58:38.082,0.86222,0.86236
2013.03.15 00:58:39.908,0.86222,0.86235
2013.03.15 00:58:43.306,0.86222,0.86237
2013.03.15 00:58:48.678,0.86223,0.86237
2013.03.15 00:58:56.571,0.86223,0.86237
2013.03.15 00:59:04.179,0.86223,0.86236
2013.03.15 00:59:26.948,0.86225,0.8624
2013.03.15 00:59:27.198,0.86228,0.86241
2013.03.15 00:59:28.189,0.86228,0.86242
2013.03.15 00:59:29.690,0.86229,0.86242
2013.03.15 00:59:44.650,0.86228,0.86241
2013.03.15 00:59:48.719,0.86228,0.8624
2013.03.15 00:59:54.891,0.86228,0.86241
2013.03.15 00:59:56.749,0.86226,0.8624
2013.03.15 00:59:59.892,0.86227,0.8624
2013.03.15 01:00:00.207,0.86226,0.8624
2013.03.15 01:00:00.330,0.86226,0.8624
2013.03.15 01:00:00.648,0.86223,0.86238
2013.03.15 01:00:01.198,0.86222,0.86237
2013.03.15 01:00:02.418,0.86221,0.86236
2013.03.15 01:00:04.902,0.86221,0.86236
2013.03.15 01:00:05.817,0.86223,0.86236
2013.03.15 01:00:08.227,0.86224,0.86236
2013.03.15 01:00:08.767,0.86225,0.86239
2013.03.15 01:00:12.301,0.86226,0.86241
2013.03.15 01:00:18.148,0.86227,0.86242
2013.03.15 01:00:18.687,0.86227,0.86241
2013.03.15 01:00:25.218,0.86228,0.86239
2013.03.15 01:00:26.126,0.86228,0.86241
2013.03.15 01:00:31.106,0.86227,0.86242
2013.03.15 01:00:32.106,0.86227,0.86242
2013.03.15 01:00:39.498,0.86226,0.86243
2013.03.15 01:00:40.567,0.86227,0.86243
2013.03.15 01:00:43.007,0.86227,0.86243
2013.03.15 01:00:49.278,0.86227,0.86243
2013.03.15 01:00:50.479,0.86227,0.86244
2013.03.15 01:01:10.941,0.86228,0.86242
2013.03.15 01:01:13.161,0.86227,0.86242
2013.03.15 01:01:13.717,0.86227,0.86244
2013.03.15 01:01:14.222,0.8623,0.86245
2013.03.15 01:01:14.861,0.8623,0.86245
2013.03.15 01:01:15.459,0.8623,0.86245
2013.03.15 01:01:15.588,0.86231,0.86245
2013.03.15 01:01:15.899,0.86229,0.86242
2013.03.15 01:01:17.479,0.8623,0.86245
2013.03.15 01:01:18.126,0.8623,0.86245
2013.03.15 01:01:18.218,0.8623,0.86245
2013.03.15 01:01:20.099,0.86229,0.86243
2013.03.15 01:01:21.869,0.86227,0.86243
2013.03.15 01:01:22.419,0.86228,0.86241
2013.03.15 01:01:24.161,0.86228,0.86242
2013.03.15 01:01:24.725,0.86229,0.86243
2013.03.15 01:01:25.347,0.86228,0.86242
2013.03.15 01:01:25.408,0.86228,0.86242
2013.03.15 01:01:26.594,0.86228,0.86243
2013.03.15 01:01:27.148,0.86228,0.86244
2013.03.15 01:01:27.730,0.8623,0.86245
2013.03.15 01:01:28.479,0.86227,0.86242
2013.03.15 01:01:33.180,0.86227,0.86242
2013.03.15 01:01:36.398,0.86226,0.86241
2013.03.15 01:01:39.681,0.86227,0.86241
2013.03.15 01:01:45.721,0.86227,0.86239
2013.03.15 01:02:00.240,0.86227,0.8624
2013.03.15 01:02:04.317,0.86227,0.8624
2013.03.15 01:02:07.826,0.86226,0.86242
2013.03.15 01:02:13.898,0.86228,0.86242
2013.03.15 01:02:14.439,0.86231,0.86246
2013.03.15 01:02:14.749,0.86231,0.86245
2013.03.15 01:02:16.237,0.86233,0.86244
2013.03.15 01:02:17.119,0.86233,0.86246
2013.03.15 01:02:18.643,0.86234,0.86247
2013.03.15 01:02:18.772,0.86234,0.86247
2013.03.15 01:02:18.839,0.86234,0.86247
2013.03.15 01:02:18.980,0.86235,0.86248
2013.03.15 01:02:19.135,0.86237,0.86248
2013.03.15 01:02:19.388,0.86237,0.86251
2013.03.15 01:02:19.518,0.86236,0.86251
2013.03.15 01:02:19.768,0.86235,0.86249
2013.03.15 01:02:19.972,0.86233,0.86249
2013.03.15 01:02:20.735,0.86231,0.86246
2013.03.15 01:02:30.249,0.8623,0.86246
2013.03.15 01:02:30.638,0.8623,0.86246
2013.03.15 01:02:31.308,0.86235,0.86247
2013.03.15 01:02:39.198,0.86236,0.86249
2013.03.15 01:02:39.999,0.86236,0.8625
2013.03.15 01:02:40.540,0.86236,0.8625
2013.03.15 01:02:42.650,0.86236,0.86249
2013.03.15 01:02:42.779,0.86232,0.86246
2013.03.15 01:02:43.348,0.8623,0.86244
2013.03.15 01:02:43.648,0.8623,0.86243
2013.03.15 01:02:44.138,0.8623,0.86243
2013.03.15 01:02:45.032,0.8623,0.86243
2013.03.15 01:02:51.947,0.86228,0.86241
2013.03.15 01:02:52.859,0.86229,0.86243
2013.03.15 01:02:54.982,0.86232,0.86245
2013.03.15 01:02:58.106,0.86232,0.86245
2013.03.15 01:02:58.739,0.86232,0.86245
2013.03.15 01:03:07.347,0.86229,0.86243
2013.03.15 01:03:11.342,0.8623,0.86243
2013.03.15 01:03:12.548,0.86231,0.86244
2013.03.15 01:03:13.098,0.86231,0.86244
2013.03.15 01:03:13.481,0.86232,0.86244
2013.03.15 01:03:13.788,0.86231,0.86245
2013.03.15 01:03:14.101,0.86231,0.86245
2013.03.15 01:03:14.377,0.86231,0.86244
2013.03.15 01:03:14.454,0.86232,0.86244
2013.03.15 01:03:14.719,0.86234,0.86248
2013.03.15 01:03:15.451,0.86233,0.86248
2013.03.15 01:03:16.129,0.86234,0.86248
2013.03.15 01:03:16.441,0.86234,0.86247
2013.03.15 01:03:16.938,0.86235,0.86246
2013.03.15 01:03:17.009,0.86236,0.86246
2013.03.15 01:03:17.501,0.86236,0.8625
2013.03.15 01:03:17.575,0.86237,0.8625
2013.03.15 01:03:18.078,0.86238,0.8625
2013.03.15 01:03:18.639,0.86235,0.8625
2013.03.15 01:03:18.970,0.86236,0.8625
2013.03.15 01:03:19.519,0.86236,0.8625
2013.03.15 01:03:20.074,0.86236,0.86249
2013.03.15 01:03:20.152,0.86235,0.86248
2013.03.15 01:03:20.784,0.86236,0.8625
2013.03.15 01:03:20.920,0.86235,0.86248
2013.03.15 01:03:20.990,0.86235,0.86248
2013.03.15 01:03:21.120,0.86234,0.86248
2013.03.15 01:03:21.190,0.86235,0.86248
2013.03.15 01:03:21.740,0.86234,0.86249
2013.03.15 01:03:22.301,0.86235,0.86249
2013.03.15 01:03:27.714,0.86233,0.86249
2013.03.15 01:03:28.228,0.86233,0.86248
2013.03.15 01:03:28.529,0.86233,0.86246
2013.03.15 01:03:28.598,0.86233,0.86245
2013.03.15 01:03:28.850,0.86233,0.86246
2013.03.15 01:03:29.280,0.86233,0.86247
2013.03.15 01:03:29.591,0.86234,0.86249
2013.03.15 01:03:30.388,0.86234,0.86249
2013.03.15 01:03:30.918,0.86234,0.86249
2013.03.15 01:03:33.328,0.86235,0.86251
2013.03.15 01:03:33.578,0.86235,0.86251
2013.03.15 01:03:33.639,0.86235,0.8625
2013.03.15 01:03:33.771,0.86232,0.86248
2013.03.15 01:03:33.898,0.86232,0.86248
2013.03.15 01:03:34.258,0.86234,0.86249
2013.03.15 01:03:34.331,0.86236,0.8625
2013.03.15 01:03:34.400,0.86236,0.86252
2013.03.15 01:03:34.901,0.86236,0.86253
2013.03.15 01:03:39.260,0.86236,0.8625
2013.03.15 01:03:39.329,0.86236,0.8625
2013.03.15 01:03:39.701,0.86231,0.86248
2013.03.15 01:03:39.888,0.86232,0.86248
2013.03.15 01:03:40.677,0.86231,0.86247
2013.03.15 01:03:41.738,0.86231,0.86247
2013.03.15 01:03:43.971,0.86231,0.86244
2013.03.15 01:03:44.172,0.86226,0.86241
2013.03.15 01:03:44.359,0.86226,0.86239
2013.03.15 01:03:44.623,0.86223,0.86239
2013.03.15 01:03:44.696,0.86223,0.86239
2013.03.15 01:03:45.249,0.86222,0.86239
2013.03.15 01:03:45.980,0.86223,0.86239
2013.03.15 01:03:48.057,0.86225,0.8624
2013.03.15 01:03:48.980,0.86227,0.86241
2013.03.15 01:03:50.558,0.86227,0.86241
2013.03.15 01:03:51.338,0.86226,0.86241
2013.03.15 01:03:51.663,0.86226,0.86241
2013.03.15 01:03:55.749,0.86226,0.86239
2013.03.15 01:03:58.398,0.86226,0.86242
2013.03.15 01:03:58.589,0.86228,0.86242
2013.03.15 01:03:59.141,0.86228,0.86242
2013.03.15 01:04:04.178,0.86228,0.86243
2013.03.15 01:04:07.641,0.86228,0.86243
2013.03.15 01:04:09.319,0.86228,0.86243
2013.03.15 01:04:10.971,0.86227,0.86242
2013.03.15 01:04:11.479,0.86227,0.86241
2013.03.15 01:04:12.037,0.86226,0.86241
2013.03.15 01:04:13.489,0.86226,0.86241
2013.03.15 01:04:14.459,0.86227,0.86241
2013.03.15 01:04:16.303,0.86227,0.86244
2013.03.15 01:04:16.847,0.86228,0.86244
2013.03.15 01:04:20.858,0.86229,0.86245
2013.03.15 01:04:23.407,0.86229,0.86245
2013.03.15 01:04:24.927,0.86229,0.86245
2013.03.15 01:04:25.478,0.86228,0.86245
2013.03.15 01:04:26.031,0.86229,0.86244
2013.03.15 01:04:28.539,0.86228,0.86244
2013.03.15 01:04:30.458,0.86228,0.86244
2013.03.15 01:04:33.268,0.86227,0.86242
2013.03.15 01:04:33.969,0.86227,0.86243
2013.03.15 01:04:34.359,0.86226,0.86243
2013.03.15 01:04:34.669,0.86226,0.86243
2013.03.15 01:04:37.518,0.86227,0.86243
2013.03.15 01:04:38.950,0.8623,0.86244
2013.03.15 01:04:40.079,0.86229,0.86244
2013.03.15 01:04:44.918,0.86229,0.86243
2013.03.15 01:04:45.786,0.86229,0.86244
2013.03.15 01:04:46.488,0.86229,0.86244
2013.03.15 01:04:47.158,0.86229,0.86244
2013.03.15 01:04:50.497,0.86229,0.86244
2013.03.15 01:04:51.038,0.86229,0.86244
2013.03.15 01:04:51.577,0.86229,0.86244
2013.03.15 01:04:52.697,0.86229,0.86243
2013.03.15 01:04:55.636,0.86229,0.86243
2013.03.15 01:05:02.038,0.86228,0.86242
2013.03.15 01:05:02.731,0.8623,0.86245
2013.03.15 01:05:02.857,0.8623,0.86245
2013.03.15 01:05:05.127,0.8623,0.86245
2013.03.15 01:05:09.855,0.8623,0.86244
2013.03.15 01:05:10.870,0.86233,0.86246
2013.03.15 01:05:11.013,0.86233,0.86248
2013.03.15 01:05:11.140,0.86234,0.86247
2013.03.15 01:05:11.209,0.86234,0.86247
2013.03.15 01:05:21.359,0.86234,0.86247
2013.03.15 01:05:21.668,0.86234,0.86247
2013.03.15 01:05:24.528,0.86235,0.86247
2013.03.15 01:05:26.260,0.86234,0.86247
2013.03.15 01:05:26.839,0.86234,0.86248
2013.03.15 01:05:27.388,0.86234,0.86247
2013.03.15 01:05:27.988,0.86234,0.86247
2013.03.15 01:05:28.170,0.86234,0.86247
2013.03.15 01:05:30.384,0.86232,0.86247
2013.03.15 01:05:30.449,0.86232,0.86245
2013.03.15 01:05:30.578,0.86229,0.86246
2013.03.15 01:05:30.879,0.86231,0.86244
2013.03.15 01:05:32.329,0.86231,0.86246
2013.03.15 01:05:36.366,0.86231,0.86246
2013.03.15 01:05:41.599,0.8623,0.86244
2013.03.15 01:05:44.318,0.8623,0.86244
2013.03.15 01:05:58.028,0.86232,0.86246
2013.03.15 01:06:00.078,0.8623,0.86245
2013.03.15 01:06:01.999,0.86231,0.86246
2013.03.15 01:06:03.249,0.86231,0.86246
2013.03.15 01:06:03.758,0.86233,0.86246
2013.03.15 01:06:20.164,0.86233,0.86245
2013.03.15 01:06:25.932,0.86233,0.86245
2013.03.15 01:06:28.449,0.86234,0.86246
2013.03.15 01:06:32.803,0.86234,0.86246
2013.03.15 01:06:33.718,0.86228,0.86243
2013.03.15 01:06:33.790,0.86228,0.86243
2013.03.15 01:06:33.979,0.8623,0.86242
2013.03.15 01:06:34.288,0.86226,0.86241
2013.03.15 01:06:34.528,0.86226,0.86239
2013.03.15 01:06:34.648,0.86224,0.86239
2013.03.15 01:06:34.710,0.86223,0.86239
2013.03.15 01:06:34.838,0.86223,0.86238
2013.03.15 01:06:34.971,0.86223,0.86238
2013.03.15 01:06:47.821,0.86225,0.86236
2013.03.15 01:06:48.188,0.86221,0.86235
2013.03.15 01:06:48.728,0.86219,0.86233
2013.03.15 01:06:49.613,0.86218,0.86233
2013.03.15 01:06:50.118,0.86218,0.86232
2013.03.15 01:06:50.918,0.8622,0.86233
2013.03.15 01:06:51.468,0.86218,0.86232
2013.03.15 01:06:55.648,0.86218,0.86232
2013.03.15 01:06:56.489,0.86218,0.86232
2013.03.15 01:06:58.168,0.86216,0.86231
2013.03.15 01:07:00.029,0.86216,0.86231
2013.03.15 01:07:04.690,0.86219,0.86232
2013.03.15 01:07:10.694,0.8622,0.86232
2013.03.15 01:07:10.771,0.86222,0.86234
2013.03.15 01:07:12.049,0.86218,0.86233
2013.03.15 01:07:12.197,0.86216,0.86231
2013.03.15 01:07:12.338,0.86215,0.8623
2013.03.15 01:07:12.909,0.86215,0.86229
2013.03.15 01:07:17.157,0.86213,0.86227
2013.03.15 01:07:20.127,0.86214,0.86227
2013.03.15 01:07:21.518,0.86214,0.86227
2013.03.15 01:07:25.879,0.86214,0.86227
2013.03.15 01:07:30.538,0.86211,0.86224
2013.03.15 01:07:31.947,0.86211,0.86224
2013.03.15 01:07:32.249,0.8621,0.86223
2013.03.15 01:07:33.088,0.86209,0.86221
2013.03.15 01:07:33.149,0.86209,0.86221
2013.03.15 01:07:35.475,0.86211,0.86222
2013.03.15 01:07:35.549,0.8621,0.86223
2013.03.15 01:07:35.681,0.86212,0.86222
2013.03.15 01:07:36.003,0.86211,0.86224
2013.03.15 01:07:38.988,0.86211,0.86224
2013.03.15 01:07:40.440,0.86211,0.86224
2013.03.15 01:07:40.749,0.86211,0.86224
2013.03.15 01:07:40.891,0.86211,0.86224
2013.03.15 01:07:40.959,0.86211,0.86224
2013.03.15 01:07:48.203,0.86212,0.86224
2013.03.15 01:07:51.309,0.86212,0.86224
2013.03.15 01:07:54.559,0.86215,0.86225
2013.03.15 01:07:54.869,0.86212,0.86225
2013.03.15 01:07:56.819,0.86212,0.86224
2013.03.15 01:07:57.339,0.86212,0.86225
2013.03.15 01:08:08.288,0.86211,0.86224
2013.03.15 01:08:09.089,0.86211,0.86224
2013.03.15 01:08:10.679,0.86209,0.86225
2013.03.15 01:08:12.640,0.86209,0.86224
2013.03.15 01:08:13.160,0.86209,0.86224
2013.03.15 01:08:17.307,0.86209,0.86223
2013.03.15 01:08:18.369,0.86209,0.86223
2013.03.15 01:08:18.850,0.86209,0.86223
2013.03.15 01:08:21.919,0.86212,0.86222
2013.03.15 01:08:22.170,0.86213,0.86226
2013.03.15 01:08:22.239,0.86212,0.86226
2013.03.15 01:08:22.548,0.86212,0.86226
2013.03.15 01:08:23.088,0.86213,0.86226
2013.03.15 01:08:23.999,0.86213,0.86228
2013.03.15 01:08:24.440,0.86219,0.86231
2013.03.15 01:08:24.809,0.86217,0.8623
2013.03.15 01:08:26.476,0.86214,0.86228
2013.03.15 01:08:26.739,0.86212,0.86225
2013.03.15 01:08:27.188,0.86212,0.86227
2013.03.15 01:08:30.289,0.86214,0.86229
2013.03.15 01:08:30.609,0.86214,0.86227
2013.03.15 01:08:32.948,0.86214,0.86227
2013.03.15 01:08:33.428,0.86214,0.86227
2013.03.15 01:08:39.108,0.86214,0.86227
2013.03.15 01:08:39.169,0.8621,0.86224
2013.03.15 01:08:39.419,0.86207,0.8622
2013.03.15 01:08:39.488,0.86208,0.86223
2013.03.15 01:08:39.548,0.86208,0.86223
2013.03.15 01:08:39.729,0.8621,0.86226
2013.03.15 01:08:40.028,0.8621,0.86225
2013.03.15 01:08:40.388,0.8621,0.86225
2013.03.15 01:08:40.447,0.8621,0.86225
2013.03.15 01:08:40.687,0.8621,0.86223
2013.03.15 01:08:42.218,0.8621,0.86225
2013.03.15 01:08:42.457,0.8621,0.86222
2013.03.15 01:08:42.717,0.8621,0.86225
2013.03.15 01:08:42.897,0.8621,0.86222
2013.03.15 01:08:47.418,0.8621,0.86222
2013.03.15 01:08:47.780,0.8621,0.86225
2013.03.15 01:08:48.178,0.8621,0.86225
2013.03.15 01:08:48.729,0.8621,0.86225
2013.03.15 01:08:55.772,0.86213,0.86226
2013.03.15 01:08:56.419,0.86213,0.86226
2013.03.15 01:08:56.820,0.86213,0.86228
2013.03.15 01:08:56.950,0.8622,0.86231
2013.03.15 01:08:57.508,0.8622,0.86233
2013.03.15 01:08:59.528,0.86221,0.86233
2013.03.15 01:08:59.648,0.86221,0.86233
2013.03.15 01:09:06.869,0.86222,0.86236
2013.03.15 01:09:06.938,0.86222,0.86236
2013.03.15 01:09:11.748,0.86224,0.86237
2013.03.15 01:09:15.588,0.86223,0.86237
2013.03.15 01:09:20.938,0.8622,0.86236
2013.03.15 01:09:21.178,0.86219,0.86235
2013.03.15 01:09:21.539,0.86219,0.86233
2013.03.15 01:09:21.718,0.86219,0.86232
2013.03.15 01:09:22.229,0.86219,0.86233
2013.03.15 01:09:24.729,0.86221,0.86234
2013.03.15 01:09:25.268,0.86219,0.86233
2013.03.15 01:09:26.708,0.8622,0.86234
2013.03.15 01:09:30.628,0.8622,0.86234
2013.03.15 01:09:31.718,0.86218,0.86234
2013.03.15 01:09:34.180,0.86218,0.86233
2013.03.15 01:09:34.311,0.86216,0.86231
2013.03.15 01:09:35.188,0.86218,0.86232
2013.03.15 01:09:35.398,0.86218,0.86233
2013.03.15 01:09:37.009,0.86218,0.86233
2013.03.15 01:09:39.088,0.86219,0.86232
2013.03.15 01:09:39.509,0.86217,0.86231
2013.03.15 01:09:39.759,0.86216,0.86228
2013.03.15 01:09:40.081,0.86214,0.86227
2013.03.15 01:09:48.118,0.86216,0.86228
2013.03.15 01:09:51.299,0.86215,0.86228
2013.03.15 01:09:51.609,0.86214,0.86226
2013.03.15 01:09:52.263,0.86214,0.86226
2013.03.15 01:09:55.757,0.86214,0.86226
2013.03.15 01:09:56.418,0.86214,0.86228
2013.03.15 01:09:58.699,0.86214,0.86228
2013.03.15 01:10:06.581,0.86214,0.86228
2013.03.15 01:10:07.639,0.86214,0.86229
2013.03.15 01:10:08.769,0.86215,0.8623
2013.03.15 01:10:09.131,0.86216,0.8623
2013.03.15 01:10:09.824,0.86216,0.8623
2013.03.15 01:10:11.399,0.86215,0.86228
2013.03.15 01:10:13.508,0.86217,0.86232
2013.03.15 01:10:16.239,0.86217,0.86232
2013.03.15 01:10:16.998,0.86217,0.86232
2013.03.15 01:10:19.332,0.86217,0.86233
2013.03.15 01:10:19.463,0.8622,0.86235
2013.03.15 01:10:19.770,0.86222,0.86236
2013.03.15 01:10:20.019,0.8622,0.86235
2013.03.15 01:10:21.189,0.8622,0.86234
2013.03.15 01:10:21.748,0.8622,0.86234
2013.03.15 01:10:22.300,0.8622,0.86234
2013.03.15 01:10:23.107,0.8622,0.86235
2013.03.15 01:10:23.578,0.8622,0.86235
2013.03.15 01:10:24.000,0.8622,0.86235
2013.03.15 01:10:24.130,0.86218,0.86235
2013.03.15 01:10:24.999,0.8622,0.86235
2013.03.15 01:10:28.201,0.8622,0.86234
2013.03.15 01:10:30.200,0.86218,0.86232
2013.03.15 01:10:31.099,0.8622,0.86234
2013.03.15 01:10:31.648,0.86217,0.86232
2013.03.15 01:10:32.199,0.86217,0.86232
2013.03.15 01:10:32.558,0.86217,0.86232
2013.03.15 01:10:33.188,0.86217,0.86233
2013.03.15 01:10:34.288,0.86217,0.86232
2013.03.15 01:10:36.421,0.86218,0.86232
2013.03.15 01:10:42.689,0.86222,0.86235
2013.03.15 01:10:42.760,0.86222,0.86235
2013.03.15 01:10:43.289,0.86222,0.86237
2013.03.15 01:10:43.529,0.86222,0.86237
2013.03.15 01:10:44.079,0.86222,0.86238
2013.03.15 01:10:45.868,0.86222,0.86238
2013.03.15 01:10:47.119,0.86224,0.86238
2013.03.15 01:10:50.038,0.86222,0.86237
2013.03.15 01:10:51.202,0.86222,0.86237
2013.03.15 01:10:52.089,0.86222,0.86237
2013.03.15 01:10:53.288,0.86223,0.86237
2013.03.15 01:10:54.191,0.86224,0.86239
2013.03.15 01:10:54.938,0.86224,0.86238
2013.03.15 01:10:55.689,0.8622,0.86237
2013.03.15 01:10:55.750,0.8622,0.86237
2013.03.15 01:10:56.140,0.86218,0.86233
2013.03.15 01:10:56.330,0.86218,0.86232
2013.03.15 01:10:56.402,0.86218,0.86232
2013.03.15 01:10:56.470,0.86218,0.86232
2013.03.15 01:10:57.380,0.86217,0.86233
2013.03.15 01:10:57.930,0.86219,0.86234
2013.03.15 01:10:58.479,0.86219,0.86235
2013.03.15 01:10:58.798,0.86219,0.86235
2013.03.15 01:11:00.860,0.86219,0.86237
2013.03.15 01:11:00.991,0.86219,0.86236
2013.03.15 01:11:01.298,0.86219,0.86236
2013.03.15 01:11:01.559,0.86219,0.86236
2013.03.15 01:11:03.259,0.86219,0.86237
2013.03.15 01:11:07.309,0.86219,0.86237
2013.03.15 01:11:07.639,0.86219,0.86235
2013.03.15 01:11:07.889,0.86219,0.86234
2013.03.15 01:11:08.508,0.86219,0.86234
2013.03.15 01:11:09.070,0.86218,0.86234
2013.03.15 01:11:10.100,0.86218,0.86234
2013.03.15 01:11:10.660,0.86219,0.86235
2013.03.15 01:11:10.731,0.86219,0.86236
2013.03.15 01:11:10.859,0.8622,0.86236
2013.03.15 01:11:11.709,0.8622,0.86235
2013.03.15 01:11:12.269,0.8622,0.86235
2013.03.15 01:11:12.571,0.86218,0.86234
2013.03.15 01:11:12.640,0.86218,0.86233
2013.03.15 01:11:12.971,0.86219,0.86234
2013.03.15 01:11:13.310,0.86222,0.86235
2013.03.15 01:11:13.441,0.86222,0.86235
2013.03.15 01:11:15.780,0.8622,0.86234
2013.03.15 01:11:18.208,0.86219,0.86234
2013.03.15 01:11:25.988,0.8622,0.86235
2013.03.15 01:11:26.411,0.86219,0.86235
2013.03.15 01:11:32.041,0.86218,0.86233
2013.03.15 01:11:40.942,0.86217,0.86232
2013.03.15 01:11:41.499,0.8622,0.86233
2013.03.15 01:11:42.037,0.8622,0.86233
2013.03.15 01:11:48.669,0.86221,0.86234
2013.03.15 01:11:50.265,0.86222,0.86234
2013.03.15 01:11:57.909,0.8622,0.86235
2013.03.15 01:11:59.999,0.8622,0.86234
2013.03.15 01:12:01.278,0.8622,0.86234
2013.03.15 01:12:08.529,0.8622,0.86234
2013.03.15 01:12:20.389,0.86219,0.86233
2013.03.15 01:12:20.629,0.86215,0.86231
2013.03.15 01:12:21.168,0.86215,0.8623
2013.03.15 01:12:21.726,0.86215,0.86229
2013.03.15 01:12:23.268,0.86215,0.86229
2013.03.15 01:12:23.690,0.86213,0.86228
2013.03.15 01:12:26.349,0.8621,0.86224
2013.03.15 01:12:28.958,0.86211,0.86225
2013.03.15 01:12:29.398,0.86211,0.86225
2013.03.15 01:12:29.758,0.86211,0.86224
2013.03.15 01:12:31.070,0.86211,0.86224
2013.03.15 01:12:31.382,0.86212,0.86226
2013.03.15 01:12:31.521,0.86213,0.86228
2013.03.15 01:12:31.852,0.86215,0.86229
2013.03.15 01:12:32.409,0.86215,0.86229
2013.03.15 01:12:33.608,0.86215,0.86229
2013.03.15 01:12:33.919,0.86215,0.86229
2013.03.15 01:12:34.664,0.86217,0.86229
2013.03.15 01:12:35.339,0.86217,0.86229
2013.03.15 01:12:45.679,0.86217,0.8623
2013.03.15 01:12:45.999,0.86217,0.8623
2013.03.15 01:12:48.440,0.86216,0.86229
2013.03.15 01:12:49.925,0.86216,0.86229
2013.03.15 01:12:50.200,0.86216,0.86229
2013.03.15 01:12:52.725,0.86216,0.86229
2013.03.15 01:12:57.219,0.86216,0.86228
2013.03.15 01:13:00.938,0.86216,0.86228
2013.03.15 01:13:02.692,0.86217,0.86228
2013.03.15 01:13:05.113,0.86216,0.86228
2013.03.15 01:13:12.729,0.86217,0.86229
2013.03.15 01:13:14.117,0.86217,0.86229
2013.03.15 01:13:14.650,0.86217,0.86229
2013.03.15 01:13:16.342,0.86217,0.86229
2013.03.15 01:13:17.929,0.86216,0.86229
2013.03.15 01:13:18.001,0.86215,0.86229
2013.03.15 01:13:19.000,0.86217,0.86229
2013.03.15 01:13:19.549,0.86219,0.8623
2013.03.15 01:13:19.669,0.86219,0.8623
2013.03.15 01:13:19.971,0.8622,0.86231
2013.03.15 01:13:20.100,0.8622,0.8623
2013.03.15 01:13:20.660,0.8622,0.86233
2013.03.15 01:13:20.790,0.8622,0.86231
2013.03.15 01:13:22.095,0.86221,0.86231
2013.03.15 01:13:22.640,0.86223,0.86233
2013.03.15 01:13:23.179,0.86221,0.86232
2013.03.15 01:13:23.690,0.8622,0.86233
2013.03.15 01:13:23.973,0.86219,0.8623
2013.03.15 01:13:24.112,0.86219,0.8623
2013.03.15 01:13:24.374,0.86215,0.86229
2013.03.15 01:13:24.559,0.86215,0.86228
2013.03.15 01:13:24.860,0.86217,0.86229
2013.03.15 01:13:25.181,0.86217,0.86229
2013.03.15 01:13:26.549,0.86215,0.8623
2013.03.15 01:13:29.098,0.86215,0.8623
2013.03.15 01:13:29.279,0.86215,0.8623
2013.03.15 01:13:29.522,0.86215,0.8623
2013.03.15 01:13:30.080,0.86215,0.8623
2013.03.15 01:13:30.747,0.86215,0.8623
2013.03.15 01:13:32.356,0.86216,0.86231
2013.03.15 01:13:32.789,0.86215,0.8623
2013.03.15 01:13:34.558,0.86216,0.86231
2013.03.15 01:13:35.218,0.86217,0.86232
2013.03.15 01:13:40.481,0.86217,0.8623
2013.03.15 01:13:41.009,0.86217,0.86232
2013.03.15 01:13:41.548,0.86218,0.86233
2013.03.15 01:13:42.492,0.86218,0.86232
2013.03.15 01:13:43.039,0.86218,0.86231
2013.03.15 01:13:43.160,0.86218,0.86231
2013.03.15 01:13:46.879,0.86218,0.86231
2013.03.15 01:13:47.191,0.86218,0.86231
2013.03.15 01:13:48.770,0.86218,0.86231
2013.03.15 01:13:52.911,0.86221,0.86233
2013.03.15 01:13:52.979,0.86223,0.86237
2013.03.15 01:13:53.050,0.86225,0.86238
2013.03.15 01:13:53.179,0.8622,0.86234
2013.03.15 01:13:53.540,0.8622,0.86234
2013.03.15 01:13:53.850,0.86223,0.86236
2013.03.15 01:13:54.039,0.86224,0.86236
2013.03.15 01:13:54.520,0.86223,0.86236
2013.03.15 01:13:54.890,0.86223,0.86238
2013.03.15 01:13:55.198,0.86223,0.86238
2013.03.15 01:13:55.501,0.86228,0.86241
2013.03.15 01:13:55.929,0.8623,0.86241
2013.03.15 01:13:58.184,0.86228,0.86241
2013.03.15 01:13:58.257,0.86227,0.8624
2013.03.15 01:13:59.090,0.86224,0.8624
2013.03.15 01:13:59.443,0.86228,0.86241
2013.03.15 01:13:59.819,0.86228,0.86241
2013.03.15 01:14:00.659,0.8623,0.86242
2013.03.15 01:14:00.789,0.8623,0.86243
2013.03.15 01:14:01.328,0.86228,0.86241
2013.03.15 01:14:01.871,0.86224,0.86241
2013.03.15 01:14:02.400,0.8623,0.86242
2013.03.15 01:14:05.151,0.8623,0.86244
2013.03.15 01:14:12.087,0.86227,0.86243
2013.03.15 01:14:15.208,0.86226,0.86243
2013.03.15 01:14:15.771,0.86225,0.86238
2013.03.15 01:14:16.499,0.86225,0.86238
2013.03.15 01:14:18.071,0.86227,0.86238
2013.03.15 01:14:18.199,0.86227,0.86241
2013.03.15 01:14:18.500,0.86227,0.8624
2013.03.15 01:14:18.809,0.86227,0.8624
2013.03.15 01:14:19.351,0.86229,0.86241
2013.03.15 01:14:20.628,0.86229,0.86241
2013.03.15 01:14:21.931,0.86226,0.86239
2013.03.15 01:14:22.392,0.86226,0.86236
2013.03.15 01:14:23.090,0.86226,0.86236
2013.03.15 01:14:24.410,0.86222,0.86236
2013.03.15 01:14:24.481,0.86222,0.86236
2013.03.15 01:14:25.348,0.86222,0.86234
2013.03.15 01:14:28.200,0.86225,0.86235
2013.03.15 01:14:37.900,0.86222,0.86235
2013.03.15 01:14:41.428,0.86222,0.86235
2013.03.15 01:14:42.789,0.86222,0.86235
2013.03.15 01:14:43.328,0.86222,0.86234
2013.03.15 01:14:46.069,0.86223,0.86234
2013.03.15 01:14:46.911,0.86223,0.86234
2013.03.15 01:14:47.460,0.86223,0.86234
2013.03.15 01:14:49.390,0.86223,0.86235
2013.03.15 01:14:50.408,0.86221,0.86231
2013.03.15 01:14:50.982,0.86223,0.86236
2013.03.15 01:14:51.168,0.86223,0.86236
2013.03.15 01:14:51.570,0.86223,0.86236
2013.03.15 01:14:55.119,0.86226,0.86237
2013.03.15 01:14:55.180,0.86226,0.86237
2013.03.15 01:14:55.379,0.86227,0.86237
2013.03.15 01:14:56.049,0.86227,0.86241
2013.03.15 01:14:57.279,0.86229,0.86241
2013.03.15 01:14:58.471,0.86229,0.86243
2013.03.15 01:14:58.973,0.86229,0.86243
2013.03.15 01:14:59.559,0.86229,0.86243
2013.03.15 01:14:59.869,0.86229,0.86239
2013.03.15 01:15:08.178,0.86229,0.86239
2013.03.15 01:15:09.020,0.86231,0.86244
2013.03.15 01:15:09.619,0.86233,0.86239
2013.03.15 01:15:09.749,0.86231,0.86242
2013.03.15 01:15:11.330,0.8623,0.86242
2013.03.15 01:15:13.079,0.86228,0.86242
2013.03.15 01:15:13.959,0.86228,0.86241
2013.03.15 01:15:19.099,0.86226,0.86238
2013.03.15 01:15:23.253,0.86228,0.86238
2013.03.15 01:15:24.138,0.86225,0.86239
2013.03.15 01:15:24.318,0.86225,0.86237
2013.03.15 01:15:25.289,0.86225,0.86237
2013.03.15 01:15:25.839,0.86224,0.86236
2013.03.15 01:15:26.530,0.86223,0.86236
2013.03.15 01:15:26.720,0.86221,0.86232
2013.03.15 01:15:26.791,0.86221,0.86231
2013.03.15 01:15:27.303,0.86223,0.86231
2013.03.15 01:15:27.433,0.86218,0.86231
2013.03.15 01:15:28.351,0.86219,0.86233
2013.03.15 01:15:28.902,0.86221,0.86233
2013.03.15 01:15:29.100,0.86222,0.86236
2013.03.15 01:15:29.469,0.86224,0.86237
2013.03.15 01:15:31.070,0.86226,0.86237
2013.03.15 01:15:31.379,0.86226,0.86237
2013.03.15 01:15:32.340,0.86227,0.86237
2013.03.15 01:15:32.409,0.86227,0.86239
2013.03.15 01:15:35.548,0.86228,0.86241
2013.03.15 01:15:40.430,0.86226,0.8624
2013.03.15 01:15:42.999,0.86226,0.8624
2013.03.15 01:15:43.750,0.86225,0.86239
2013.03.15 01:15:43.821,0.86223,0.86239
2013.03.15 01:15:43.950,0.86225,0.86239
2013.03.15 01:15:44.150,0.86222,0.86237
2013.03.15 01:15:44.521,0.8622,0.86234
2013.03.15 01:15:45.189,0.8622,0.86234
2013.03.15 01:15:45.429,0.8622,0.86234
2013.03.15 01:15:47.069,0.8622,0.86234
2013.03.15 01:15:48.830,0.86219,0.86234
2013.03.15 01:15:50.590,0.86219,0.86234
2013.03.15 01:15:52.079,0.86219,0.86234
2013.03.15 01:15:52.330,0.8622,0.86236
2013.03.15 01:15:52.831,0.86221,0.86236
2013.03.15 01:15:53.020,0.86224,0.86238
2013.03.15 01:15:56.110,0.86224,0.86239
2013.03.15 01:15:56.910,0.86225,0.8624
2013.03.15 01:15:57.292,0.86224,0.86239
2013.03.15 01:16:00.255,0.86224,0.86239
2013.03.15 01:16:02.209,0.86224,0.86239
2013.03.15 01:16:18.099,0.86222,0.86237
2013.03.15 01:16:18.339,0.86222,0.86238
2013.03.15 01:16:19.134,0.86222,0.86238
2013.03.15 01:16:22.036,0.86223,0.86238
2013.03.15 01:16:25.980,0.86224,0.86239
2013.03.15 01:16:26.900,0.86224,0.86239
2013.03.15 01:16:27.573,0.86224,0.86239
2013.03.15 01:16:29.560,0.86224,0.86239
2013.03.15 01:16:32.190,0.86224,0.8624
2013.03.15 01:16:39.919,0.86225,0.8624
2013.03.15 01:16:45.586,0.86227,0.8624
2013.03.15 01:16:46.670,0.86223,0.86239
2013.03.15 01:16:47.221,0.86223,0.86238
2013.03.15 01:16:47.756,0.86223,0.86238
2013.03.15 01:16:50.130,0.86223,0.86237
2013.03.15 01:16:50.679,0.86223,0.86237
2013.03.15 01:16:51.159,0.86223,0.86235
2013.03.15 01:16:51.350,0.86225,0.8624
2013.03.15 01:16:51.900,0.86225,0.86238
2013.03.15 01:17:01.258,0.86224,0.86238
2013.03.15 01:17:07.991,0.86224,0.86238
2013.03.15 01:17:16.648,0.86224,0.8624
2013.03.15 01:17:22.213,0.86224,0.8624
2013.03.15 01:17:53.929,0.86224,0.86238
2013.03.15 01:18:00.723,0.86224,0.86238
2013.03.15 01:18:01.708,0.86224,0.86238
2013.03.15 01:18:08.989,0.86223,0.86238
2013.03.15 01:18:09.738,0.86222,0.86234
2013.03.15 01:18:11.069,0.86222,0.86238
2013.03.15 01:18:11.311,0.86224,0.86237
2013.03.15 01:18:12.319,0.86225,0.86237
2013.03.15 01:18:12.499,0.86225,0.86239
2013.03.15 01:18:13.110,0.86225,0.86239
2013.03.15 01:18:16.182,0.86225,0.86239
2013.03.15 01:18:20.430,0.86225,0.86241
2013.03.15 01:18:25.248,0.86225,0.86239
2013.03.15 01:18:27.949,0.86225,0.8624
2013.03.15 01:18:29.124,0.86225,0.86239
2013.03.15 01:18:41.891,0.86223,0.86239
2013.03.15 01:18:46.961,0.86227,0.8624
2013.03.15 01:18:47.090,0.86227,0.86238
2013.03.15 01:18:47.160,0.86227,0.8624
2013.03.15 01:18:47.409,0.86229,0.86245
2013.03.15 01:18:47.530,0.86229,0.86245
2013.03.15 01:18:54.471,0.86225,0.8624
2013.03.15 01:18:55.044,0.86225,0.8624
2013.03.15 01:18:56.501,0.86224,0.8624
2013.03.15 01:18:57.030,0.86226,0.86242
2013.03.15 01:18:57.589,0.86228,0.86242
2013.03.15 01:19:05.320,0.86227,0.86242
2013.03.15 01:19:06.850,0.86227,0.86242
2013.03.15 01:19:10.038,0.86227,0.86241
2013.03.15 01:19:12.017,0.86227,0.86243
2013.03.15 01:19:14.110,0.86227,0.86243
2013.03.15 01:19:14.359,0.86228,0.86244
2013.03.15 01:19:14.900,0.86228,0.86244
2013.03.15 01:19:15.259,0.86228,0.86244
2013.03.15 01:19:16.660,0.86228,0.86244
2013.03.15 01:19:17.829,0.86227,0.86242
2013.03.15 01:19:19.070,0.86227,0.86241
2013.03.15 01:19:20.919,0.86225,0.86241
2013.03.15 01:20:05.409,0.86227,0.86242
2013.03.15 01:20:06.421,0.86226,0.86242
2013.03.15 01:20:07.169,0.86226,0.86242
2013.03.15 01:20:16.750,0.86226,0.86242
2013.03.15 01:20:17.400,0.86226,0.86242
2013.03.15 01:20:17.944,0.86225,0.86241
2013.03.15 01:20:31.130,0.86225,0.86241
2013.03.15 01:20:31.250,0.86223,0.8624
2013.03.15 01:20:34.879,0.86224,0.8624
2013.03.15 01:20:35.481,0.86225,0.86241
2013.03.15 01:20:35.849,0.86225,0.86241
2013.03.15 01:20:36.629,0.86225,0.86241
2013.03.15 01:20:36.992,0.86225,0.86242
2013.03.15 01:20:38.160,0.86225,0.86242
2013.03.15 01:20:38.874,0.86225,0.86242
2013.03.15 01:20:38.945,0.86225,0.86242
2013.03.15 01:20:43.462,0.86226,0.86242
2013.03.15 01:20:46.617,0.86226,0.86242
2013.03.15 01:20:59.950,0.86228,0.8624
2013.03.15 01:21:00.201,0.8623,0.86244
2013.03.15 01:21:00.331,0.8623,0.86244
2013.03.15 01:21:25.441,0.86231,0.86245
2013.03.15 01:21:34.231,0.86231,0.86244
2013.03.15 01:21:35.060,0.86231,0.86244
2013.03.15 01:21:44.499,0.8623,0.86245
2013.03.15 01:21:50.251,0.86229,0.86244
2013.03.15 01:21:50.776,0.86229,0.86243
2013.03.15 01:21:53.751,0.86231,0.86245
2013.03.15 01:22:03.763,0.86231,0.86245
2013.03.15 01:22:05.330,0.86231,0.86245
2013.03.15 01:22:15.790,0.86231,0.86246
2013.03.15 01:22:15.980,0.8623,0.86246
2013.03.15 01:22:16.341,0.86228,0.86242
2013.03.15 01:22:16.830,0.86227,0.86241
2013.03.15 01:22:17.169,0.86226,0.8624
2013.03.15 01:22:18.060,0.86229,0.86243
2013.03.15 01:22:18.390,0.86229,0.86245
2013.03.15 01:22:18.921,0.86229,0.86245
2013.03.15 01:22:19.169,0.86229,0.86244
2013.03.15 01:22:23.672,0.86229,0.86245
2013.03.15 01:22:29.939,0.86229,0.86243
2013.03.15 01:22:40.380,0.86229,0.86244
2013.03.15 01:22:52.359,0.8623,0.86246
2013.03.15 01:23:06.219,0.86231,0.86245
2013.03.15 01:23:11.785,0.86232,0.86244
2013.03.15 01:23:13.238,0.86233,0.86248
2013.03.15 01:23:13.314,0.86233,0.86249
2013.03.15 01:23:13.382,0.86233,0.86249
2013.03.15 01:23:13.712,0.86235,0.86251
2013.03.15 01:23:13.840,0.86235,0.86249
2013.03.15 01:23:14.321,0.86234,0.86249
2013.03.15 01:23:14.869,0.86234,0.86249
2013.03.15 01:23:15.969,0.86234,0.86249
2013.03.15 01:23:18.949,0.86234,0.86249
2013.03.15 01:23:19.489,0.86234,0.86248
2013.03.15 01:23:20.831,0.86234,0.86247
2013.03.15 01:23:20.951,0.86233,0.86246
2013.03.15 01:23:21.261,0.86231,0.86245
2013.03.15 01:23:23.418,0.8623,0.86245
2013.03.15 01:23:24.280,0.8623,0.86246
2013.03.15 01:23:27.403,0.86234,0.86248
2013.03.15 01:23:27.900,0.86236,0.8625
2013.03.15 01:23:28.471,0.86236,0.86251
2013.03.15 01:23:28.860,0.86236,0.86251
2013.03.15 01:23:29.931,0.86236,0.8625
2013.03.15 01:23:33.039,0.86236,0.8625
2013.03.15 01:23:33.719,0.86236,0.86253
2013.03.15 01:23:34.413,0.86236,0.86253
2013.03.15 01:23:35.565,0.86236,0.86252
2013.03.15 01:23:37.555,0.86237,0.8625
2013.03.15 01:23:39.979,0.86237,0.86251
2013.03.15 01:23:57.457,0.86236,0.8625
2013.03.15 01:24:03.673,0.86236,0.86251
2013.03.15 01:24:04.229,0.86236,0.8625
2013.03.15 01:24:06.203,0.86237,0.8625
2013.03.15 01:24:09.898,0.86237,0.8625
2013.03.15 01:24:11.990,0.86237,0.8625
2013.03.15 01:24:14.066,0.86236,0.8625
2013.03.15 01:24:20.224,0.86236,0.8625
2013.03.15 01:24:23.426,0.86236,0.8625
2013.03.15 01:24:24.330,0.86236,0.8625
2013.03.15 01:24:24.449,0.86236,0.86249
2013.03.15 01:24:25.109,0.86233,0.86249
2013.03.15 01:24:26.609,0.86233,0.86248
2013.03.15 01:24:26.789,0.86233,0.86248
2013.03.15 01:24:27.330,0.86233,0.86247
2013.03.15 01:24:27.641,0.86232,0.86244
2013.03.15 01:24:28.200,0.86232,0.86246
2013.03.15 01:24:28.380,0.86232,0.86247
2013.03.15 01:24:28.503,0.86232,0.86246
2013.03.15 01:24:28.728,0.86234,0.86249
2013.03.15 01:24:28.851,0.86234,0.86247
2013.03.15 01:24:32.582,0.86234,0.86247
2013.03.15 01:24:33.132,0.86236,0.8625
2013.03.15 01:24:35.735,0.86236,0.8625
2013.03.15 01:24:39.959,0.86236,0.86251
2013.03.15 01:24:40.499,0.86236,0.8625
2013.03.15 01:24:41.807,0.86239,0.86253
2013.03.15 01:24:42.134,0.86239,0.86251
2013.03.15 01:24:42.322,0.86237,0.86251
2013.03.15 01:24:45.021,0.86237,0.86251
2013.03.15 01:24:49.390,0.86237,0.86251
2013.03.15 01:24:49.872,0.86235,0.8625
2013.03.15 01:24:51.609,0.86234,0.8625
2013.03.15 01:24:53.291,0.86234,0.8625
2013.03.15 01:24:54.049,0.86234,0.86249
2013.03.15 01:25:00.929,0.86234,0.86249
2013.03.15 01:25:10.270,0.86234,0.8625
2013.03.15 01:25:10.580,0.86234,0.8625
2013.03.15 01:25:11.139,0.86234,0.8625
2013.03.15 01:25:12.771,0.86234,0.8625
2013.03.15 01:25:14.989,0.86235,0.86252
2013.03.15 01:25:15.529,0.8624,0.86254
2013.03.15 01:25:16.403,0.8624,0.86254
2013.03.15 01:25:16.530,0.8624,0.86254
2013.03.15 01:25:16.852,0.86244,0.86256
2013.03.15 01:25:20.293,0.86241,0.86254
2013.03.15 01:25:21.580,0.86239,0.86252
2013.03.15 01:25:23.829,0.86239,0.86252
2013.03.15 01:25:26.471,0.86238,0.86252
2013.03.15 01:25:27.151,0.86236,0.86251
2013.03.15 01:25:28.526,0.86237,0.86251
2013.03.15 01:25:29.762,0.86239,0.86252
2013.03.15 01:25:29.901,0.86239,0.86252
2013.03.15 01:25:38.693,0.86238,0.86251
2013.03.15 01:25:40.839,0.86236,0.86251
2013.03.15 01:25:43.160,0.86237,0.86251
2013.03.15 01:25:44.410,0.86236,0.86253
2013.03.15 01:25:52.310,0.86236,0.86252
2013.03.15 01:25:56.201,0.86239,0.86252
2013.03.15 01:25:57.130,0.86239,0.86253
2013.03.15 01:25:57.690,0.86241,0.86252
2013.03.15 01:25:59.291,0.86239,0.86254
2013.03.15 01:25:59.600,0.8624,0.86257
2013.03.15 01:26:00.211,0.86241,0.86257
2013.03.15 01:26:01.834,0.86241,0.86256
2013.03.15 01:26:03.961,0.86242,0.86257
2013.03.15 01:26:06.040,0.86242,0.86255
2013.03.15 01:26:06.522,0.86242,0.86254
2013.03.15 01:26:06.593,0.86241,0.86253
2013.03.15 01:26:07.022,0.86242,0.86255
2013.03.15 01:26:07.092,0.8624,0.86255
2013.03.15 01:26:07.521,0.8624,0.86255
2013.03.15 01:26:07.760,0.8624,0.86254
2013.03.15 01:26:08.200,0.8624,0.86255
2013.03.15 01:26:08.261,0.8624,0.86255
2013.03.15 01:26:10.891,0.8624,0.86255
2013.03.15 01:26:11.446,0.8624,0.86255
2013.03.15 01:26:11.969,0.86243,0.86256
2013.03.15 01:26:14.190,0.86243,0.86257
2013.03.15 01:26:18.560,0.86243,0.86256
2013.03.15 01:26:23.173,0.86243,0.86256
2013.03.15 01:26:37.059,0.86243,0.86256
2013.03.15 01:26:37.371,0.86245,0.86258
2013.03.15 01:26:38.423,0.86246,0.86259
2013.03.15 01:26:40.181,0.86244,0.86259
2013.03.15 01:26:40.370,0.86244,0.86259
2013.03.15 01:26:40.431,0.86243,0.86256
2013.03.15 01:26:44.110,0.86243,0.86256
2013.03.15 01:26:44.560,0.86241,0.86255
2013.03.15 01:26:44.921,0.86238,0.86255
2013.03.15 01:26:45.470,0.86241,0.86255
2013.03.15 01:26:45.990,0.86241,0.86256
2013.03.15 01:26:50.410,0.86241,0.86253
2013.03.15 01:26:53.940,0.86242,0.86254
2013.03.15 01:26:55.311,0.8624,0.86253
2013.03.15 01:26:55.633,0.86238,0.86253
2013.03.15 01:26:55.761,0.86239,0.86251
2013.03.15 01:26:56.200,0.86237,0.86249
2013.03.15 01:26:56.752,0.86237,0.86249
2013.03.15 01:26:57.261,0.86237,0.8625
2013.03.15 01:26:58.186,0.86237,0.8625
2013.03.15 01:26:59.391,0.86238,0.86251
2013.03.15 01:26:59.940,0.86238,0.86251
2013.03.15 01:27:00.192,0.8624,0.86249
2013.03.15 01:27:00.382,0.86238,0.86249
2013.03.15 01:27:00.510,0.86239,0.86249
2013.03.15 01:27:01.400,0.8624,0.86253
2013.03.15 01:27:01.491,0.86239,0.86251
2013.03.15 01:27:01.634,0.86238,0.86251
2013.03.15 01:27:01.764,0.86236,0.86243
2013.03.15 01:27:02.011,0.86238,0.86246
2013.03.15 01:27:02.490,0.8624,0.86251
2013.03.15 01:27:02.681,0.86234,0.86251
2013.03.15 01:27:03.191,0.86239,0.86249
2013.03.15 01:27:03.442,0.86238,0.86249
2013.03.15 01:27:04.035,0.86238,0.86245
2013.03.15 01:27:04.961,0.86236,0.86245
2013.03.15 01:27:05.410,0.86235,0.86242
2013.03.15 01:27:05.471,0.86233,0.86241
2013.03.15 01:27:05.902,0.86235,0.86241
2013.03.15 01:27:05.973,0.8623,0.86241
2013.03.15 01:27:06.172,0.8623,0.86243
2013.03.15 01:27:06.242,0.8623,0.86244
2013.03.15 01:27:06.370,0.86231,0.86245
2013.03.15 01:27:06.680,0.86231,0.86244
2013.03.15 01:27:07.050,0.86231,0.86243
2013.03.15 01:27:07.176,0.86231,0.86242
2013.03.15 01:27:07.241,0.86231,0.86241
2013.03.15 01:27:08.590,0.8623,0.86241
2013.03.15 01:27:08.710,0.8623,0.86243
2013.03.15 01:27:08.846,0.8623,0.86243
2013.03.15 01:27:08.970,0.8623,0.86239
2013.03.15 01:27:09.642,0.8623,0.86237
2013.03.15 01:27:09.950,0.86229,0.86242
2013.03.15 01:27:10.152,0.86229,0.86241
2013.03.15 01:27:10.223,0.86229,0.86243
2013.03.15 01:27:11.028,0.8623,0.86244
2013.03.15 01:27:11.541,0.8623,0.86244
2013.03.15 01:27:13.341,0.8623,0.86244
2013.03.15 01:27:13.856,0.8623,0.86244
2013.03.15 01:27:14.306,0.8623,0.86244
2013.03.15 01:27:14.851,0.86232,0.86244
2013.03.15 01:27:15.352,0.86232,0.86244
2013.03.15 01:27:15.783,0.86233,0.86245
2013.03.15 01:27:15.912,0.86233,0.86249
2013.03.15 01:27:15.983,0.86233,0.86249
2013.03.15 01:27:16.170,0.86233,0.86246
2013.03.15 01:27:16.291,0.86233,0.86246
2013.03.15 01:27:16.726,0.86233,0.86244
2013.03.15 01:27:16.797,0.86233,0.86244
2013.03.15 01:27:16.992,0.86233,0.86244
2013.03.15 01:27:17.180,0.86233,0.86243
2013.03.15 01:27:17.732,0.86231,0.86243
2013.03.15 01:27:18.102,0.86232,0.86243
2013.03.15 01:27:18.174,0.86232,0.86242
2013.03.15 01:27:18.241,0.86232,0.86241
2013.03.15 01:27:18.552,0.86226,0.86236
2013.03.15 01:27:18.743,0.86232,0.86238
2013.03.15 01:27:19.480,0.86229,0.86237
2013.03.15 01:27:19.851,0.86227,0.86236
2013.03.15 01:27:20.044,0.86225,0.86238
2013.03.15 01:27:20.111,0.86225,0.86237
2013.03.15 01:27:20.421,0.86224,0.86234
2013.03.15 01:27:20.681,0.86225,0.86235
2013.03.15 01:27:20.751,0.86225,0.86235
2013.03.15 01:27:21.200,0.86227,0.86234
2013.03.15 01:27:21.485,0.86228,0.86236
2013.03.15 01:27:21.554,0.86228,0.86238
2013.03.15 01:27:21.752,0.86228,0.86235
2013.03.15 01:27:21.951,0.86228,0.86238
2013.03.15 01:27:22.084,0.86228,0.86239
2013.03.15 01:27:22.152,0.86228,0.86239
2013.03.15 01:27:22.412,0.86227,0.86239
2013.03.15 01:27:22.483,0.86226,0.86236
2013.03.15 01:27:22.625,0.86226,0.86236
2013.03.15 01:27:22.753,0.86225,0.86236
2013.03.15 01:27:22.892,0.86227,0.86238
2013.03.15 01:27:23.202,0.86229,0.8624
2013.03.15 01:27:23.513,0.86231,0.86242
2013.03.15 01:27:23.702,0.8623,0.86241
2013.03.15 01:27:23.951,0.86228,0.8624
2013.03.15 01:27:24.447,0.86229,0.8624
2013.03.15 01:27:25.273,0.86232,0.86241
2013.03.15 01:27:25.403,0.86233,0.86242
2013.03.15 01:27:26.044,0.86233,0.86244
2013.03.15 01:27:26.576,0.86233,0.86243
2013.03.15 01:27:26.881,0.86233,0.86244
2013.03.15 01:27:27.242,0.86234,0.86244
2013.03.15 01:27:27.455,0.86234,0.86245
2013.03.15 01:27:27.702,0.86234,0.86249
2013.03.15 01:27:27.772,0.86234,0.86249
2013.03.15 01:27:28.081,0.86237,0.86245
2013.03.15 01:27:28.212,0.86237,0.86248
2013.03.15 01:27:28.400,0.86237,0.86249
2013.03.15 01:27:29.452,0.8624,0.86251
2013.03.15 01:27:29.522,0.8624,0.86254
2013.03.15 01:27:29.655,0.86241,0.86254
2013.03.15 01:27:34.722,0.86245,0.86254
2013.03.15 01:27:34.913,0.86243,0.86254
2013.03.15 01:27:37.171,0.86244,0.86254
2013.03.15 01:27:39.390,0.86244,0.86254
2013.03.15 01:27:40.900,0.86244,0.86254
2013.03.15 01:27:41.242,0.86244,0.86255
2013.03.15 01:27:41.312,0.86242,0.86256
2013.03.15 01:27:41.894,0.86241,0.86254
2013.03.15 01:27:42.531,0.8624,0.86254
2013.03.15 01:27:42.786,0.86239,0.86252
2013.03.15 01:27:43.301,0.86236,0.86249
2013.03.15 01:27:43.740,0.86236,0.86249
2013.03.15 01:27:44.707,0.86236,0.86249
2013.03.15 01:27:47.631,0.86235,0.86249
2013.03.15 01:27:48.563,0.86235,0.86249
2013.03.15 01:27:50.661,0.86235,0.86249
2013.03.15 01:27:53.022,0.86235,0.86249
2013.03.15 01:27:53.543,0.86237,0.86248
2013.03.15 01:27:54.073,0.86233,0.86247
2013.03.15 01:27:55.920,0.86233,0.86246
2013.03.15 01:27:56.980,0.86233,0.86245
2013.03.15 01:27:57.967,0.8623,0.86245
2013.03.15 01:27:58.381,0.8623,0.86245
2013.03.15 01:27:59.787,0.86231,0.86246
2013.03.15 01:27:59.981,0.86232,0.86246
2013.03.15 01:28:00.661,0.86232,0.86246
2013.03.15 01:28:00.973,0.86232,0.86246
2013.03.15 01:28:03.250,0.86233,0.86247
2013.03.15 01:28:04.030,0.86233,0.86248
2013.03.15 01:28:05.763,0.86234,0.86248
2013.03.15 01:28:06.081,0.86234,0.86248
2013.03.15 01:28:06.851,0.86234,0.86247
2013.03.15 01:28:07.351,0.86231,0.86247
2013.03.15 01:28:07.602,0.8623,0.86245
2013.03.15 01:28:07.731,0.86226,0.86244
2013.03.15 01:28:08.100,0.86226,0.86243
2013.03.15 01:28:09.721,0.86228,0.86244
2013.03.15 01:28:11.178,0.86229,0.86244
2013.03.15 01:28:11.492,0.86227,0.8624
2013.03.15 01:28:11.621,0.86227,0.86238
2013.03.15 01:28:12.050,0.86227,0.86242
2013.03.15 01:28:12.170,0.86227,0.86242
2013.03.15 01:28:12.800,0.86227,0.86242
2013.03.15 01:28:13.882,0.86228,0.86243
2013.03.15 01:28:14.702,0.8623,0.86243
2013.03.15 01:28:15.690,0.86231,0.86243
2013.03.15 01:28:17.031,0.86232,0.86245
2013.03.15 01:28:17.541,0.86232,0.86245
2013.03.15 01:28:17.900,0.8623,0.86244
2013.03.15 01:28:18.201,0.86229,0.86242
2013.03.15 01:28:18.392,0.86226,0.8624
2013.03.15 01:28:18.640,0.86225,0.8624
2013.03.15 01:28:19.001,0.86229,0.86242
2013.03.15 01:28:19.523,0.86229,0.86244
2013.03.15 01:28:21.632,0.86228,0.86242
2013.03.15 01:28:21.820,0.86226,0.86242
2013.03.15 01:28:21.943,0.86224,0.86239
2013.03.15 01:28:22.070,0.86224,0.86237
2013.03.15 01:28:22.130,0.86224,0.86237
2013.03.15 01:28:22.433,0.86224,0.86239
2013.03.15 01:28:22.981,0.86229,0.86241
2013.03.15 01:28:23.100,0.86229,0.86243
2013.03.15 01:28:23.401,0.86226,0.8624
2013.03.15 01:28:23.471,0.86227,0.8624
2013.03.15 01:28:23.590,0.86226,0.86237
2013.03.15 01:28:23.652,0.86222,0.86237
2013.03.15 01:28:23.961,0.86224,0.86238
2013.03.15 01:28:24.281,0.86225,0.86238
2013.03.15 01:28:24.831,0.86225,0.86239
2013.03.15 01:28:25.370,0.86227,0.8624
2013.03.15 01:28:25.633,0.86227,0.86241
2013.03.15 01:28:26.300,0.86227,0.8624
2013.03.15 01:28:26.990,0.86227,0.86239
2013.03.15 01:28:27.171,0.86227,0.8624
2013.03.15 01:28:27.661,0.86227,0.86238
2013.03.15 01:28:29.052,0.86226,0.86238
2013.03.15 01:28:29.302,0.86226,0.86237
2013.03.15 01:28:29.554,0.86227,0.86238
2013.03.15 01:28:29.881,0.86231,0.86238
2013.03.15 01:28:30.440,0.86231,0.8624
2013.03.15 01:28:31.290,0.86231,0.86238
2013.03.15 01:28:32.220,0.86231,0.86241
2013.03.15 01:28:33.935,0.86232,0.86241
2013.03.15 01:28:34.020,0.86235,0.86244
2013.03.15 01:28:34.501,0.86237,0.86246
2013.03.15 01:28:34.861,0.86237,0.86248
2013.03.15 01:28:35.411,0.86237,0.86248
2013.03.15 01:28:35.961,0.86237,0.86248
2013.03.15 01:28:36.032,0.86237,0.86248
2013.03.15 01:28:36.101,0.86235,0.86248
2013.03.15 01:28:36.660,0.86237,0.86248
2013.03.15 01:28:37.583,0.86239,0.86249
2013.03.15 01:28:38.314,0.86239,0.86249
2013.03.15 01:28:38.810,0.86236,0.86249
2013.03.15 01:28:38.992,0.8624,0.86249
2013.03.15 01:28:39.681,0.8624,0.86249
2013.03.15 01:28:43.700,0.8624,0.8625
2013.03.15 01:28:44.500,0.86237,0.86249
2013.03.15 01:28:44.682,0.86237,0.86248
2013.03.15 01:28:45.620,0.86236,0.86248
2013.03.15 01:28:45.997,0.86236,0.8625
2013.03.15 01:28:47.000,0.86236,0.8625
2013.03.15 01:28:47.583,0.86236,0.86251
2013.03.15 01:28:48.091,0.86238,0.86252
2013.03.15 01:28:48.642,0.86236,0.86252
2013.03.15 01:28:50.760,0.86237,0.86252
2013.03.15 01:28:51.303,0.86236,0.86251
2013.03.15 01:28:51.850,0.86236,0.86251
2013.03.15 01:28:52.881,0.86234,0.86249
2013.03.15 01:28:52.950,0.86234,0.86249
2013.03.15 01:28:53.520,0.86236,0.86253
2013.03.15 01:28:54.261,0.8624,0.86254
2013.03.15 01:28:55.124,0.8624,0.86256
2013.03.15 01:28:56.570,0.86238,0.86253
2013.03.15 01:28:58.011,0.86238,0.86254
2013.03.15 01:28:59.864,0.86241,0.86254
2013.03.15 01:29:00.918,0.86243,0.86255
2013.03.15 01:29:01.461,0.86243,0.86257
2013.03.15 01:29:01.651,0.86247,0.86259
2013.03.15 01:29:02.190,0.86247,0.86259
2013.03.15 01:29:02.895,0.86247,0.86259
2013.03.15 01:29:03.427,0.86245,0.8626
2013.03.15 01:29:04.162,0.86245,0.86259
2013.03.15 01:29:05.411,0.86245,0.8626
2013.03.15 01:29:05.471,0.86247,0.86261
2013.03.15 01:29:05.652,0.86245,0.8626
2013.03.15 01:29:06.911,0.86245,0.8626
2013.03.15 01:29:09.881,0.86245,0.86259
2013.03.15 01:29:10.011,0.86249,0.86262
2013.03.15 01:29:10.441,0.8625,0.86262
2013.03.15 01:29:10.622,0.8625,0.86263
2013.03.15 01:29:11.351,0.86252,0.86265
2013.03.15 01:29:11.472,0.86253,0.86266
2013.03.15 01:29:11.541,0.86253,0.86266
2013.03.15 01:29:12.691,0.86251,0.86266
2013.03.15 01:29:13.241,0.86253,0.86267
2013.03.15 01:29:13.857,0.86252,0.86266
2013.03.15 01:29:13.980,0.86252,0.86266
2013.03.15 01:29:16.830,0.86251,0.86265
2013.03.15 01:29:17.191,0.86251,0.86266
2013.03.15 01:29:17.750,0.86251,0.86265
2013.03.15 01:29:20.831,0.86251,0.86265
2013.03.15 01:29:29.401,0.86251,0.86266
2013.03.15 01:29:31.570,0.86251,0.86266
2013.03.15 01:29:32.092,0.86251,0.86265
2013.03.15 01:29:34.285,0.86251,0.86265
2013.03.15 01:29:34.602,0.86247,0.86262
2013.03.15 01:29:35.151,0.86246,0.86261
2013.03.15 01:29:36.071,0.86244,0.86261
2013.03.15 01:29:36.250,0.86244,0.86261
2013.03.15 01:29:36.850,0.86244,0.86258
2013.03.15 01:29:37.511,0.86244,0.8626
2013.03.15 01:29:38.061,0.86244,0.86257
2013.03.15 01:29:46.161,0.86244,0.8626
2013.03.15 01:29:48.971,0.86243,0.86259
2013.03.15 01:29:49.661,0.86243,0.86259
2013.03.15 01:29:51.311,0.86243,0.86259
2013.03.15 01:29:53.610,0.86244,0.8626
2013.03.15 01:29:53.972,0.86244,0.86259
2013.03.15 01:29:55.372,0.86244,0.86258
2013.03.15 01:29:56.143,0.86244,0.8626
2013.03.15 01:29:56.222,0.86243,0.86259
2013.03.15 01:29:58.471,0.86243,0.86259
2013.03.15 01:29:58.851,0.86243,0.86259
2013.03.15 01:29:59.313,0.86242,0.86255
2013.03.15 01:29:59.382,0.86241,0.86255
2013.03.15 01:29:59.654,0.8624,0.86254
2013.03.15 01:29:59.841,0.8624,0.86254
2013.03.15 01:30:00.142,0.8624,0.86254
2013.03.15 01:30:00.571,0.86236,0.86253
2013.03.15 01:30:01.113,0.86235,0.86252
2013.03.15 01:30:01.387,0.86235,0.86252
2013.03.15 01:30:01.820,0.86235,0.8625
2013.03.15 01:30:02.724,0.86235,0.8625
2013.03.15 01:30:03.494,0.86232,0.86248
2013.03.15 01:30:04.072,0.86232,0.86248
2013.03.15 01:30:04.675,0.86232,0.86248
2013.03.15 01:30:05.302,0.86232,0.86248
2013.03.15 01:30:06.678,0.86233,0.86248
2013.03.15 01:30:06.993,0.86235,0.86248
2013.03.15 01:30:07.266,0.86237,0.86252
2013.03.15 01:30:07.463,0.86238,0.86254
2013.03.15 01:30:07.912,0.8624,0.86256
2013.03.15 01:30:07.981,0.8624,0.86256
2013.03.15 01:30:09.121,0.8624,0.86256
2013.03.15 01:30:09.641,0.8624,0.86256
2013.03.15 01:30:10.132,0.8624,0.86256
2013.03.15 01:30:10.692,0.86239,0.86253
2013.03.15 01:30:10.944,0.86238,0.86253
2013.03.15 01:30:11.672,0.86238,0.86253
2013.03.15 01:30:12.322,0.86238,0.86253
2013.03.15 01:30:13.746,0.86238,0.86253
2013.03.15 01:30:14.352,0.86238,0.86253
2013.03.15 01:30:14.485,0.86238,0.86253
2013.03.15 01:30:15.067,0.86238,0.86254
2013.03.15 01:30:15.672,0.86241,0.86254
2013.03.15 01:30:16.578,0.86241,0.86254
2013.03.15 01:30:17.100,0.86241,0.86254
2013.03.15 01:30:19.941,0.8624,0.86253
2013.03.15 01:30:20.442,0.8624,0.86253
2013.03.15 01:30:21.031,0.8624,0.86253
2013.03.15 01:30:22.106,0.8624,0.86253
2013.03.15 01:30:22.713,0.86241,0.86254
2013.03.15 01:30:22.782,0.86241,0.86254
2013.03.15 01:30:22.852,0.8624,0.86254
2013.03.15 01:30:24.891,0.86241,0.86254
2013.03.15 01:30:25.432,0.86239,0.86254
2013.03.15 01:30:26.242,0.86237,0.86252
2013.03.15 01:30:26.672,0.86237,0.86252
2013.03.15 01:30:28.370,0.86238,0.86252
2013.03.15 01:30:29.394,0.8624,0.86253
2013.03.15 01:30:31.230,0.86238,0.86255
2013.03.15 01:30:31.692,0.86238,0.86255
2013.03.15 01:30:32.193,0.86238,0.86253
2013.03.15 01:30:35.665,0.86239,0.86255
2013.03.15 01:30:39.161,0.86238,0.86253
2013.03.15 01:30:42.411,0.86237,0.86252
2013.03.15 01:30:51.772,0.86238,0.86252
2013.03.15 01:30:53.051,0.86238,0.86253
2013.03.15 01:30:59.883,0.86239,0.86253
2013.03.15 01:31:01.142,0.86237,0.86253
2013.03.15 01:31:01.690,0.86237,0.86252
2013.03.15 01:31:03.181,0.86235,0.86251
2013.03.15 01:31:03.302,0.86235,0.86251
2013.03.15 01:31:05.153,0.86236,0.86251
2013.03.15 01:31:08.002,0.86236,0.86251
2013.03.15 01:31:08.310,0.86241,0.86254
2013.03.15 01:31:08.850,0.86239,0.86252
2013.03.15 01:31:09.972,0.86241,0.86253
2013.03.15 01:31:10.109,0.86239,0.86253
2013.03.15 01:31:10.171,0.86238,0.86253
2013.03.15 01:31:10.431,0.86242,0.86254
2013.03.15 01:31:10.752,0.8624,0.86252
2013.03.15 01:31:10.821,0.86238,0.86252
2013.03.15 01:31:11.190,0.86238,0.86252
2013.03.15 01:31:17.825,0.86238,0.86255
2013.03.15 01:31:18.143,0.86242,0.86257
