Time,Bid,Ask
2013.03.22 00:00:03.554,0.84995,0.85009
2013.03.22 00:00:03.674,0.84996,0.8501
2013.03.22 00:00:03.796,0.84997,0.8501
2013.03.22 00:00:04.116,0.84997,0.85011
2013.03.22 00:00:04.778,0.84997,0.85011
2013.03.22 00:00:07.244,0.84997,0.8501
2013.03.22 00:00:08.464,0.84998,0.85014
2013.03.22 00:00:24.283,0.84997,0.85015
2013.03.22 00:00:28.224,0.84999,0.85012
2013.03.22 00:00:28.764,0.85002,0.85016
2013.03.22 00:00:28.824,0.85002,0.85016
2013.03.22 00:00:29.125,0.85002,0.85016
2013.03.22 00:00:29.426,0.85005,0.85016
2013.03.22 00:00:29.496,0.85005,0.85019
2013.03.22 00:00:29.686,0.85008,0.8502
2013.03.22 00:00:32.685,0.85008,0.85022
2013.03.22 00:00:33.731,0.85008,0.85022
2013.03.22 00:00:39.675,0.85008,0.85022
2013.03.22 00:00:41.545,0.85008,0.85021
2013.03.22 00:00:42.985,0.85008,0.85021
2013.03.22 00:00:44.095,0.85008,0.85021
2013.03.22 00:00:48.034,0.85008,0.85021
2013.03.22 00:01:36.491,0.85007,0.85022
2013.03.22 00:01:37.006,0.8501,0.85021
2013.03.22 00:01:37.075,0.8501,0.85022
2013.03.22 00:01:37.615,0.85009,0.85025
2013.03.22 00:01:37.916,0.85009,0.85023
2013.03.22 00:01:39.275,0.85009,0.85023
2013.03.22 00:01:39.816,0.85009,0.85023
2013.03.22 00:01:40.246,0.85009,0.85023
2013.03.22 00:01:40.865,0.85009,0.85023
2013.03.22 00:01:41.418,0.85009,0.85024
2013.03.22 00:01:41.670,0.85009,0.85022
2013.03.22 00:01:41.985,0.85008,0.85022
2013.03.22 00:01:43.225,0.85006,0.85021
2013.03.22 00:01:45.687,0.85009,0.85022
2013.03.22 00:01:51.996,0.85007,0.85023
2013.03.22 00:01:52.358,0.8501,0.85023
2013.03.22 00:01:52.426,0.85011,0.85025
2013.03.22 00:01:52.544,0.85011,0.85025
2013.03.22 00:01:53.144,0.85013,0.85025
2013.03.22 00:01:53.385,0.85012,0.85025
2013.03.22 00:01:54.326,0.8501,0.85023
2013.03.22 00:01:54.457,0.85008,0.85022
2013.03.22 00:01:55.335,0.85007,0.85022
2013.03.22 00:01:55.853,0.85007,0.85021
2013.03.22 00:01:56.139,0.85004,0.8502
2013.03.22 00:01:56.706,0.85004,0.8502
2013.03.22 00:01:59.815,0.85004,0.85018
2013.03.22 00:01:59.875,0.85003,0.85017
2013.03.22 00:02:00.116,0.85,0.85017
2013.03.22 00:02:00.306,0.85,0.85017
2013.03.22 00:02:00.856,0.85,0.85015
2013.03.22 00:02:01.165,0.85,0.85015
2013.03.22 00:02:02.297,0.85003,0.85016
2013.03.22 00:02:02.846,0.85002,0.85016
2013.03.22 00:02:03.347,0.85002,0.85017
2013.03.22 00:02:03.876,0.85005,0.85019
2013.03.22 00:02:07.397,0.85003,0.85018
2013.03.22 00:02:07.705,0.85005,0.85019
2013.03.22 00:02:08.376,0.85005,0.8502
2013.03.22 00:02:10.741,0.85006,0.8502
2013.03.22 00:02:11.336,0.85006,0.8502
2013.03.22 00:02:11.841,0.85006,0.8502
2013.03.22 00:02:12.219,0.85007,0.85022
2013.03.22 00:02:12.349,0.85011,0.85022
2013.03.22 00:02:12.896,0.85009,0.85023
2013.03.22 00:02:13.027,0.85009,0.85023
2013.03.22 00:02:13.536,0.85009,0.85023
2013.03.22 00:02:13.786,0.85009,0.85023
2013.03.22 00:02:16.715,0.85009,0.85025
2013.03.22 00:02:18.210,0.85009,0.85023
2013.03.22 00:02:19.100,0.85007,0.85022
2013.03.22 00:02:19.176,0.85007,0.85021
2013.03.22 00:02:19.716,0.85007,0.8502
2013.03.22 00:02:20.268,0.85007,0.8502
2013.03.22 00:02:23.506,0.85007,0.8502
2013.03.22 00:02:24.856,0.85007,0.85021
2013.03.22 00:02:41.806,0.85008,0.85022
2013.03.22 00:03:04.815,0.85008,0.85023
2013.03.22 00:03:07.000,0.85007,0.85023
2013.03.22 00:03:12.334,0.85007,0.85021
2013.03.22 00:03:13.462,0.85007,0.85021
2013.03.22 00:03:20.427,0.85007,0.85022
2013.03.22 00:03:33.046,0.85007,0.85024
2013.03.22 00:03:33.605,0.85005,0.8502
2013.03.22 00:03:35.976,0.85003,0.85016
2013.03.22 00:03:36.396,0.85,0.85016
2013.03.22 00:03:36.655,0.85002,0.85014
2013.03.22 00:03:37.194,0.84999,0.85014
2013.03.22 00:03:37.854,0.84999,0.85015
2013.03.22 00:03:38.455,0.84999,0.85014
2013.03.22 00:03:39.737,0.84999,0.85013
2013.03.22 00:03:40.020,0.85003,0.85015
2013.03.22 00:03:40.579,0.85001,0.85014
2013.03.22 00:03:41.124,0.85001,0.85013
2013.03.22 00:03:41.956,0.85001,0.85015
2013.03.22 00:03:43.106,0.85001,0.85015
2013.03.22 00:03:52.855,0.85001,0.85014
2013.03.22 00:03:53.095,0.85001,0.85014
2013.03.22 00:03:53.275,0.85001,0.85014
2013.03.22 00:03:53.865,0.85001,0.85014
2013.03.22 00:03:56.945,0.85001,0.85014
2013.03.22 00:03:57.187,0.84999,0.85011
2013.03.22 00:03:57.616,0.84997,0.85012
2013.03.22 00:03:57.926,0.84996,0.85009
2013.03.22 00:03:58.239,0.84996,0.85009
2013.03.22 00:03:58.306,0.84996,0.85009
2013.03.22 00:04:00.555,0.84996,0.85011
2013.03.22 00:04:00.809,0.84996,0.85011
2013.03.22 00:04:01.446,0.84996,0.85011
2013.03.22 00:04:04.916,0.84996,0.85011
2013.03.22 00:04:05.567,0.84996,0.85009
2013.03.22 00:04:06.115,0.84995,0.85009
2013.03.22 00:04:17.155,0.84995,0.85009
2013.03.22 00:04:18.615,0.84995,0.8501
2013.03.22 00:04:18.676,0.84995,0.8501
2013.03.22 00:04:20.196,0.84995,0.85011
2013.03.22 00:04:20.315,0.84996,0.85013
2013.03.22 00:04:22.577,0.84998,0.85014
2013.03.22 00:04:37.664,0.84997,0.85013
2013.03.22 00:04:42.426,0.84999,0.85013
2013.03.22 00:05:01.116,0.84997,0.85013
2013.03.22 00:05:01.295,0.84995,0.8501
2013.03.22 00:05:01.844,0.84996,0.8501
2013.03.22 00:05:02.624,0.84995,0.8501
2013.03.22 00:05:05.381,0.84996,0.85009
2013.03.22 00:05:05.925,0.84996,0.85011
2013.03.22 00:05:08.165,0.84997,0.85011
2013.03.22 00:05:09.695,0.84996,0.8501
2013.03.22 00:05:18.624,0.84996,0.85009
2013.03.22 00:05:23.996,0.84996,0.8501
2013.03.22 00:05:24.236,0.84998,0.85012
2013.03.22 00:05:24.785,0.85,0.85014
2013.03.22 00:05:28.456,0.85001,0.85014
2013.03.22 00:05:33.935,0.85002,0.85016
2013.03.22 00:05:35.907,0.85003,0.85017
2013.03.22 00:05:36.036,0.85003,0.85017
2013.03.22 00:05:37.336,0.85005,0.85017
2013.03.22 00:05:37.849,0.85005,0.85017
2013.03.22 00:05:39.216,0.85005,0.85019
2013.03.22 00:05:39.766,0.85002,0.85018
2013.03.22 00:05:40.005,0.85002,0.85016
2013.03.22 00:05:40.527,0.85002,0.85016
2013.03.22 00:05:41.065,0.85002,0.85017
2013.03.22 00:05:42.596,0.85001,0.85014
2013.03.22 00:05:42.966,0.85001,0.85014
2013.03.22 00:05:43.923,0.85002,0.85015
2013.03.22 00:05:44.000,0.85,0.85014
2013.03.22 00:05:46.366,0.85,0.85014
2013.03.22 00:05:47.465,0.85,0.85014
2013.03.22 00:05:47.584,0.85001,0.85015
2013.03.22 00:05:52.524,0.85001,0.85015
2013.03.22 00:05:53.126,0.85001,0.85015
2013.03.22 00:05:55.408,0.85001,0.85015
2013.03.22 00:05:55.938,0.85,0.85015
2013.03.22 00:05:56.555,0.84998,0.85011
2013.03.22 00:05:58.705,0.84996,0.85012
2013.03.22 00:05:58.950,0.85,0.85014
2013.03.22 00:05:59.136,0.85,0.85015
2013.03.22 00:06:01.765,0.85,0.85015
2013.03.22 00:06:02.305,0.85,0.85015
2013.03.22 00:06:02.844,0.84998,0.85013
2013.03.22 00:06:03.374,0.84998,0.85013
2013.03.22 00:06:06.764,0.85001,0.85014
2013.03.22 00:06:19.256,0.84998,0.85014
2013.03.22 00:06:19.806,0.85002,0.85016
2013.03.22 00:06:21.182,0.85001,0.85016
2013.03.22 00:06:21.952,0.85001,0.85016
2013.03.22 00:06:22.024,0.85001,0.85016
2013.03.22 00:06:24.495,0.85001,0.85016
2013.03.22 00:06:25.558,0.85,0.85014
2013.03.22 00:06:25.806,0.84999,0.85013
2013.03.22 00:06:25.986,0.84999,0.85013
2013.03.22 00:06:26.536,0.84996,0.85011
2013.03.22 00:06:26.605,0.84996,0.85011
2013.03.22 00:06:39.915,0.84995,0.8501
2013.03.22 00:06:40.455,0.84995,0.8501
2013.03.22 00:07:04.336,0.84996,0.8501
2013.03.22 00:07:19.097,0.84996,0.8501
2013.03.22 00:07:19.650,0.84995,0.85007
2013.03.22 00:07:19.776,0.84996,0.85007
2013.03.22 00:07:21.415,0.84994,0.85008
2013.03.22 00:07:21.926,0.84994,0.85007
2013.03.22 00:07:23.045,0.84994,0.85007
2013.03.22 00:07:23.577,0.84994,0.85007
2013.03.22 00:07:30.217,0.84993,0.85006
2013.03.22 00:07:31.954,0.84993,0.85007
2013.03.22 00:07:44.848,0.84993,0.85006
2013.03.22 00:07:45.725,0.84995,0.85008
2013.03.22 00:07:46.507,0.84995,0.85008
2013.03.22 00:07:56.946,0.84994,0.85006
2013.03.22 00:07:58.307,0.84994,0.85006
2013.03.22 00:08:00.515,0.84994,0.85007
2013.03.22 00:08:03.038,0.84994,0.85006
2013.03.22 00:08:03.476,0.84994,0.85005
2013.03.22 00:08:04.016,0.84993,0.85006
2013.03.22 00:08:04.564,0.84994,0.85006
2013.03.22 00:08:12.047,0.84994,0.85007
2013.03.22 00:08:12.176,0.84994,0.85007
2013.03.22 00:08:12.415,0.84994,0.85007
2013.03.22 00:08:12.536,0.84994,0.85007
2013.03.22 00:08:13.196,0.84994,0.85007
2013.03.22 00:08:13.516,0.84995,0.85009
2013.03.22 00:08:14.386,0.84995,0.85008
2013.03.22 00:08:16.158,0.84996,0.85011
2013.03.22 00:08:16.706,0.84996,0.85011
2013.03.22 00:08:32.904,0.84995,0.85009
2013.03.22 00:08:33.216,0.84995,0.8501
2013.03.22 00:08:33.816,0.84995,0.8501
2013.03.22 00:08:34.895,0.84998,0.8501
2013.03.22 00:08:35.255,0.84996,0.85011
2013.03.22 00:08:35.766,0.84999,0.85012
2013.03.22 00:08:45.566,0.84999,0.8501
2013.03.22 00:08:57.205,0.84997,0.8501
2013.03.22 00:08:57.565,0.84997,0.8501
2013.03.22 00:08:58.125,0.84994,0.85009
2013.03.22 00:09:00.015,0.84994,0.85008
2013.03.22 00:09:00.905,0.84999,0.85008
2013.03.22 00:09:01.590,0.84998,0.85008
2013.03.22 00:09:02.318,0.84998,0.85008
2013.03.22 00:09:04.050,0.84994,0.85008
2013.03.22 00:09:19.318,0.84995,0.85008
2013.03.22 00:10:19.642,0.84995,0.85012
2013.03.22 00:10:27.834,0.84996,0.85012
2013.03.22 00:10:34.878,0.84996,0.85011
2013.03.22 00:10:35.366,0.84994,0.85011
2013.03.22 00:10:36.033,0.84994,0.85009
2013.03.22 00:10:40.326,0.84995,0.8501
2013.03.22 00:10:40.913,0.84995,0.8501
2013.03.22 00:10:41.425,0.84996,0.85008
2013.03.22 00:10:44.896,0.84996,0.85007
2013.03.22 00:10:50.887,0.84995,0.85009
2013.03.22 00:10:51.436,0.84995,0.85009
2013.03.22 00:11:22.827,0.84998,0.85011
2013.03.22 00:11:24.327,0.84997,0.85009
2013.03.22 00:11:24.457,0.85001,0.85013
2013.03.22 00:11:24.698,0.85001,0.85015
2013.03.22 00:11:24.828,0.85,0.85012
2013.03.22 00:11:25.018,0.84997,0.85012
2013.03.22 00:11:25.087,0.84997,0.8501
2013.03.22 00:11:25.635,0.84996,0.85007
2013.03.22 00:11:27.572,0.84996,0.85007
2013.03.22 00:11:30.507,0.84996,0.85011
2013.03.22 00:11:31.427,0.84995,0.85008
2013.03.22 00:11:33.156,0.84996,0.85011
2013.03.22 00:11:33.287,0.84996,0.85011
2013.03.22 00:11:33.616,0.84996,0.85007
2013.03.22 00:11:34.157,0.84994,0.85007
2013.03.22 00:11:34.286,0.84994,0.85007
2013.03.22 00:11:34.409,0.84993,0.85006
2013.03.22 00:11:34.538,0.84993,0.85006
2013.03.22 00:11:34.856,0.84993,0.85004
2013.03.22 00:11:35.157,0.84993,0.85004
2013.03.22 00:11:35.397,0.84993,0.85006
2013.03.22 00:11:35.825,0.84993,0.85006
2013.03.22 00:11:37.499,0.84997,0.85009
2013.03.22 00:11:37.699,0.84997,0.85011
2013.03.22 00:11:38.067,0.84997,0.85011
2013.03.22 00:11:38.588,0.84997,0.8501
2013.03.22 00:11:38.896,0.84997,0.85011
2013.03.22 00:11:39.137,0.84997,0.85011
2013.03.22 00:11:42.356,0.84996,0.85011
2013.03.22 00:11:43.108,0.84996,0.85011
2013.03.22 00:11:43.238,0.84996,0.85009
2013.03.22 00:11:43.306,0.84996,0.85009
2013.03.22 00:11:43.857,0.84993,0.85005
2013.03.22 00:12:12.859,0.84995,0.85009
2013.03.22 00:12:12.930,0.84995,0.85009
2013.03.22 00:12:13.378,0.84998,0.85012
2013.03.22 00:12:13.827,0.84999,0.85014
2013.03.22 00:12:14.547,0.85,0.85014
2013.03.22 00:12:19.665,0.85,0.85014
2013.03.22 00:12:33.927,0.85,0.85012
2013.03.22 00:12:38.105,0.84999,0.85011
2013.03.22 00:12:40.390,0.84998,0.8501
2013.03.22 00:12:40.917,0.84998,0.85011
2013.03.22 00:12:44.556,0.84998,0.85011
2013.03.22 00:12:51.376,0.84997,0.8501
2013.03.22 00:13:10.936,0.84997,0.8501
2013.03.22 00:13:36.636,0.84999,0.85013
2013.03.22 00:13:57.569,0.84998,0.85016
2013.03.22 00:14:11.246,0.84997,0.85015
2013.03.22 00:14:14.315,0.84997,0.85015
2013.03.22 00:14:18.646,0.85,0.85015
2013.03.22 00:14:18.886,0.85,0.85015
2013.03.22 00:14:19.067,0.85,0.85015
2013.03.22 00:14:19.377,0.85003,0.85017
2013.03.22 00:14:21.245,0.85003,0.85017
2013.03.22 00:14:23.858,0.85002,0.85017
2013.03.22 00:14:24.045,0.85002,0.85017
2013.03.22 00:14:24.638,0.85001,0.85017
2013.03.22 00:14:28.075,0.85001,0.85016
2013.03.22 00:14:29.317,0.85002,0.85016
2013.03.22 00:14:31.976,0.85002,0.85017
2013.03.22 00:14:40.274,0.85002,0.85017
2013.03.22 00:14:49.056,0.85003,0.85017
2013.03.22 00:14:49.596,0.85003,0.85017
2013.03.22 00:14:50.195,0.85003,0.85017
2013.03.22 00:14:51.284,0.85004,0.85017
2013.03.22 00:14:51.618,0.85005,0.85017
2013.03.22 00:14:55.531,0.85006,0.85017
2013.03.22 00:15:01.818,0.85005,0.85017
2013.03.22 00:15:02.763,0.85005,0.85017
2013.03.22 00:15:07.638,0.85003,0.85017
2013.03.22 00:15:19.536,0.85003,0.85017
2013.03.22 00:15:20.295,0.85003,0.85017
2013.03.22 00:15:21.746,0.85003,0.85017
2013.03.22 00:15:24.526,0.85002,0.85017
2013.03.22 00:15:24.587,0.85002,0.85017
2013.03.22 00:15:24.769,0.85,0.85014
2013.03.22 00:15:25.315,0.85,0.85012
2013.03.22 00:15:37.133,0.84998,0.85013
2013.03.22 00:15:45.034,0.84999,0.85014
2013.03.22 00:15:45.787,0.84999,0.85014
2013.03.22 00:15:49.396,0.85,0.85014
2013.03.22 00:15:51.596,0.85,0.85014
2013.03.22 00:15:52.156,0.85,0.85014
2013.03.22 00:16:03.119,0.85003,0.85016
2013.03.22 00:16:33.157,0.85002,0.85016
2013.03.22 00:16:33.468,0.85,0.85014
2013.03.22 00:16:33.613,0.84998,0.85012
2013.03.22 00:16:33.807,0.84998,0.8501
2013.03.22 00:16:34.346,0.84998,0.8501
2013.03.22 00:16:35.547,0.84998,0.85012
2013.03.22 00:16:35.788,0.84999,0.85013
2013.03.22 00:16:36.337,0.85,0.85014
2013.03.22 00:16:36.575,0.85001,0.85014
2013.03.22 00:16:44.762,0.85,0.85013
2013.03.22 00:16:51.826,0.85001,0.85013
2013.03.22 00:16:59.198,0.84999,0.8501
2013.03.22 00:16:59.747,0.84996,0.85009
2013.03.22 00:16:59.987,0.84997,0.85009
2013.03.22 00:17:00.057,0.84996,0.85009
2013.03.22 00:17:09.858,0.84996,0.85009
2013.03.22 00:17:09.986,0.84996,0.85009
2013.03.22 00:17:10.527,0.84998,0.85013
2013.03.22 00:17:14.166,0.84999,0.85014
2013.03.22 00:17:14.948,0.84999,0.85014
2013.03.22 00:17:15.563,0.84999,0.85014
2013.03.22 00:17:24.946,0.84998,0.85013
2013.03.22 00:17:37.527,0.84998,0.85012
2013.03.22 00:17:42.146,0.84999,0.85014
2013.03.22 00:17:56.557,0.84998,0.85011
2013.03.22 00:17:56.687,0.84996,0.8501
2013.03.22 00:17:57.058,0.84995,0.8501
2013.03.22 00:17:57.377,0.84995,0.85006
2013.03.22 00:17:57.749,0.84993,0.85004
2013.03.22 00:17:57.817,0.84992,0.85004
2013.03.22 00:17:58.356,0.84991,0.85005
2013.03.22 00:17:58.928,0.84993,0.85005
2013.03.22 00:17:59.330,0.84993,0.85006
2013.03.22 00:18:00.090,0.84994,0.85009
2013.03.22 00:18:00.182,0.84994,0.85009
2013.03.22 00:18:02.927,0.84993,0.85008
2013.03.22 00:18:03.616,0.84993,0.85007
2013.03.22 00:18:03.980,0.84992,0.85007
2013.03.22 00:18:04.307,0.84992,0.85005
2013.03.22 00:18:04.618,0.84993,0.85004
2013.03.22 00:18:05.168,0.84993,0.85005
2013.03.22 00:18:05.721,0.84992,0.85005
2013.03.22 00:18:05.791,0.84992,0.85004
2013.03.22 00:18:06.926,0.84992,0.85006
2013.03.22 00:18:07.358,0.84994,0.85007
2013.03.22 00:18:07.488,0.84994,0.85008
2013.03.22 00:18:07.677,0.84994,0.85008
2013.03.22 00:18:07.798,0.84995,0.8501
2013.03.22 00:18:08.288,0.84996,0.85012
2013.03.22 00:18:08.896,0.84998,0.85012
2013.03.22 00:18:09.456,0.84998,0.85012
2013.03.22 00:18:14.736,0.84998,0.85013
2013.03.22 00:18:19.577,0.84998,0.85013
2013.03.22 00:18:20.128,0.84999,0.85014
2013.03.22 00:18:20.678,0.84999,0.85014
2013.03.22 00:18:20.987,0.85,0.85015
2013.03.22 00:18:21.051,0.85002,0.85015
2013.03.22 00:18:21.477,0.85002,0.85018
2013.03.22 00:18:22.037,0.85004,0.8502
2013.03.22 00:18:22.609,0.85005,0.8502
2013.03.22 00:18:25.737,0.85005,0.85018
2013.03.22 00:18:26.276,0.85003,0.85019
2013.03.22 00:18:26.641,0.85006,0.85019
2013.03.22 00:18:26.887,0.85005,0.8502
2013.03.22 00:18:27.688,0.85005,0.8502
2013.03.22 00:18:32.439,0.85004,0.85018
2013.03.22 00:18:32.748,0.85003,0.85018
2013.03.22 00:18:33.318,0.85004,0.85017
2013.03.22 00:18:35.550,0.85003,0.85018
2013.03.22 00:18:35.868,0.85003,0.85013
2013.03.22 00:18:36.189,0.84999,0.85015
2013.03.22 00:18:36.317,0.84999,0.85015
2013.03.22 00:18:37.094,0.84999,0.85014
2013.03.22 00:18:37.937,0.84998,0.85011
2013.03.22 00:18:38.897,0.84999,0.8501
2013.03.22 00:18:39.272,0.84998,0.85013
2013.03.22 00:18:39.398,0.84999,0.85013
2013.03.22 00:18:39.588,0.84997,0.85013
2013.03.22 00:18:39.720,0.84997,0.85012
2013.03.22 00:18:39.967,0.84997,0.85012
2013.03.22 00:18:40.208,0.84998,0.85012
2013.03.22 00:18:40.757,0.84997,0.85012
2013.03.22 00:18:41.297,0.85,0.85013
2013.03.22 00:18:41.837,0.84998,0.85012
2013.03.22 00:18:42.388,0.85004,0.85014
2013.03.22 00:18:43.057,0.85004,0.85015
2013.03.22 00:18:43.129,0.85004,0.85015
2013.03.22 00:18:43.796,0.85004,0.85014
2013.03.22 00:18:46.487,0.85001,0.85014
2013.03.22 00:18:46.786,0.84999,0.85014
2013.03.22 00:18:47.316,0.85,0.85014
2013.03.22 00:18:47.826,0.85,0.85014
2013.03.22 00:18:52.480,0.84999,0.85011
2013.03.22 00:18:54.037,0.84997,0.85011
2013.03.22 00:18:55.317,0.84997,0.8501
2013.03.22 00:18:55.627,0.84997,0.85006
2013.03.22 00:18:55.698,0.84993,0.85006
2013.03.22 00:18:56.247,0.84993,0.85009
2013.03.22 00:18:59.425,0.84993,0.85008
2013.03.22 00:18:59.908,0.84993,0.85008
2013.03.22 00:19:01.316,0.84993,0.85008
2013.03.22 00:19:01.678,0.84997,0.85012
2013.03.22 00:19:01.867,0.84996,0.85008
2013.03.22 00:19:02.427,0.84996,0.85008
2013.03.22 00:19:03.395,0.84996,0.85011
2013.03.22 00:19:05.077,0.84998,0.85011
2013.03.22 00:19:05.198,0.84998,0.85011
2013.03.22 00:19:06.251,0.84999,0.85015
2013.03.22 00:19:06.321,0.85001,0.85015
2013.03.22 00:19:06.866,0.85002,0.85015
2013.03.22 00:19:17.869,0.85,0.85013
2013.03.22 00:19:23.268,0.85,0.85013
2013.03.22 00:19:23.764,0.85002,0.85016
2013.03.22 00:19:24.376,0.84999,0.85015
2013.03.22 00:19:26.548,0.85,0.85013
2013.03.22 00:19:26.977,0.84998,0.85013
2013.03.22 00:19:27.768,0.84997,0.8501
2013.03.22 00:19:34.107,0.84997,0.85012
2013.03.22 00:19:36.817,0.84997,0.85011
2013.03.22 00:19:37.407,0.84997,0.85011
2013.03.22 00:19:39.589,0.84999,0.85012
2013.03.22 00:19:40.148,0.84997,0.8501
2013.03.22 00:19:40.806,0.84997,0.8501
2013.03.22 00:19:45.547,0.84997,0.8501
2013.03.22 00:19:48.199,0.84997,0.8501
2013.03.22 00:19:53.677,0.85,0.85012
2013.03.22 00:19:53.738,0.85,0.85012
2013.03.22 00:20:13.175,0.85002,0.85015
2013.03.22 00:20:15.342,0.85003,0.85016
2013.03.22 00:20:18.276,0.85003,0.85016
2013.03.22 00:20:29.692,0.85,0.85015
2013.03.22 00:20:29.947,0.84999,0.85012
2013.03.22 00:20:30.066,0.84999,0.85012
2013.03.22 00:20:31.377,0.84999,0.85012
2013.03.22 00:20:32.475,0.84999,0.85015
2013.03.22 00:20:32.617,0.85001,0.85015
2013.03.22 00:20:32.926,0.85002,0.85017
2013.03.22 00:20:33.467,0.85002,0.85017
2013.03.22 00:20:33.707,0.85001,0.85014
2013.03.22 00:20:33.917,0.85001,0.85014
2013.03.22 00:20:35.136,0.85003,0.85017
2013.03.22 00:20:35.676,0.85003,0.85017
2013.03.22 00:20:39.386,0.85001,0.85016
2013.03.22 00:20:39.511,0.85001,0.85016
2013.03.22 00:20:39.653,0.85002,0.85017
2013.03.22 00:20:39.792,0.85007,0.8502
2013.03.22 00:20:39.859,0.85007,0.85019
2013.03.22 00:20:40.229,0.85008,0.85022
2013.03.22 00:20:40.777,0.85006,0.85022
2013.03.22 00:20:41.365,0.85005,0.85021
2013.03.22 00:20:43.188,0.85005,0.85021
2013.03.22 00:20:43.737,0.85008,0.85022
2013.03.22 00:20:44.096,0.85008,0.85023
2013.03.22 00:20:44.637,0.85007,0.85021
2013.03.22 00:20:44.698,0.85007,0.8502
2013.03.22 00:20:45.217,0.85007,0.8502
2013.03.22 00:20:45.639,0.85005,0.8502
2013.03.22 00:20:46.959,0.85006,0.85021
2013.03.22 00:20:47.506,0.85006,0.8502
2013.03.22 00:20:47.828,0.85006,0.8502
2013.03.22 00:20:48.377,0.85008,0.85021
2013.03.22 00:20:48.916,0.85006,0.8502
2013.03.22 00:20:49.732,0.85006,0.8502
2013.03.22 00:20:49.876,0.85004,0.85019
2013.03.22 00:20:49.952,0.85004,0.85019
2013.03.22 00:20:50.517,0.85004,0.85017
2013.03.22 00:20:51.147,0.85004,0.85019
2013.03.22 00:20:51.856,0.85002,0.85016
2013.03.22 00:20:52.739,0.85003,0.85016
2013.03.22 00:20:53.298,0.85003,0.85016
2013.03.22 00:20:58.697,0.85002,0.85015
2013.03.22 00:20:59.008,0.85003,0.85016
2013.03.22 00:20:59.198,0.85003,0.85016
2013.03.22 00:20:59.746,0.85003,0.85016
2013.03.22 00:21:00.515,0.85003,0.85019
2013.03.22 00:21:01.281,0.85003,0.85019
2013.03.22 00:21:03.679,0.85008,0.85022
2013.03.22 00:21:05.187,0.85008,0.85022
2013.03.22 00:21:05.777,0.85008,0.85022
2013.03.22 00:21:10.787,0.85009,0.85022
2013.03.22 00:21:13.293,0.8501,0.85022
2013.03.22 00:21:17.236,0.85009,0.85022
2013.03.22 00:21:19.591,0.85009,0.85022
2013.03.22 00:21:22.530,0.85007,0.85022
2013.03.22 00:21:22.668,0.85006,0.8502
2013.03.22 00:21:23.219,0.85004,0.85017
2013.03.22 00:21:23.467,0.85004,0.85017
2013.03.22 00:21:23.527,0.85004,0.85017
2013.03.22 00:21:25.266,0.85002,0.85015
2013.03.22 00:21:25.447,0.85004,0.85017
2013.03.22 00:21:25.631,0.85005,0.85018
2013.03.22 00:21:25.937,0.85007,0.85021
2013.03.22 00:21:25.997,0.85007,0.85021
2013.03.22 00:21:26.128,0.85007,0.85021
2013.03.22 00:21:26.198,0.85009,0.85021
2013.03.22 00:21:26.788,0.85007,0.85021
2013.03.22 00:21:28.266,0.85006,0.85021
2013.03.22 00:21:31.172,0.85005,0.8502
2013.03.22 00:21:36.716,0.85006,0.85021
2013.03.22 00:21:37.027,0.85005,0.85021
2013.03.22 00:21:37.537,0.85005,0.85019
2013.03.22 00:21:38.266,0.85005,0.85019
2013.03.22 00:21:38.340,0.85005,0.85019
2013.03.22 00:21:38.837,0.85005,0.85019
2013.03.22 00:21:39.268,0.85003,0.85016
2013.03.22 00:21:39.779,0.85001,0.85016
2013.03.22 00:21:40.311,0.85001,0.85016
2013.03.22 00:21:40.737,0.85,0.85013
2013.03.22 00:21:40.977,0.85,0.85013
2013.03.22 00:21:41.739,0.85003,0.85016
2013.03.22 00:21:41.807,0.85003,0.85016
2013.03.22 00:21:42.356,0.85004,0.85016
2013.03.22 00:21:44.067,0.85,0.85014
2013.03.22 00:21:44.559,0.85003,0.85015
2013.03.22 00:21:46.357,0.85002,0.85015
2013.03.22 00:21:47.117,0.84999,0.85014
2013.03.22 00:21:48.629,0.84999,0.85013
2013.03.22 00:21:52.267,0.85001,0.85014
2013.03.22 00:21:53.971,0.85001,0.85014
2013.03.22 00:21:58.517,0.85001,0.85014
2013.03.22 00:21:59.163,0.85001,0.85014
2013.03.22 00:22:00.449,0.85003,0.85015
2013.03.22 00:22:00.828,0.85004,0.85018
2013.03.22 00:22:00.959,0.85007,0.85018
2013.03.22 00:22:01.329,0.85005,0.85018
2013.03.22 00:22:01.457,0.85002,0.85015
2013.03.22 00:22:01.518,0.85002,0.85015
2013.03.22 00:22:02.067,0.85,0.85015
2013.03.22 00:22:02.187,0.85,0.85015
2013.03.22 00:22:03.157,0.85,0.85015
2013.03.22 00:22:03.288,0.85,0.85015
2013.03.22 00:22:03.537,0.85,0.85013
2013.03.22 00:22:03.609,0.85,0.85013
2013.03.22 00:22:07.788,0.85,0.85013
2013.03.22 00:22:07.990,0.84997,0.8501
2013.03.22 00:22:08.547,0.84997,0.8501
2013.03.22 00:22:11.097,0.84997,0.85012
2013.03.22 00:22:11.158,0.84999,0.85013
2013.03.22 00:22:11.656,0.85001,0.85013
2013.03.22 00:22:12.207,0.85001,0.85013
2013.03.22 00:22:21.878,0.85,0.85016
2013.03.22 00:22:22.397,0.85,0.85016
2013.03.22 00:22:25.117,0.85,0.85017
2013.03.22 00:22:25.428,0.85001,0.85017
2013.03.22 00:22:25.497,0.85002,0.85017
2013.03.22 00:22:35.011,0.85002,0.85017
2013.03.22 00:22:52.296,0.84999,0.85014
2013.03.22 00:22:53.706,0.85001,0.85014
2013.03.22 00:22:59.706,0.85001,0.85014
2013.03.22 00:23:04.416,0.85001,0.85015
2013.03.22 00:23:18.867,0.84998,0.85014
2013.03.22 00:23:19.407,0.85001,0.85014
2013.03.22 00:23:32.716,0.85,0.85015
2013.03.22 00:23:49.420,0.85001,0.85016
2013.03.22 00:23:58.044,0.84999,0.85015
2013.03.22 00:23:58.167,0.85001,0.85017
2013.03.22 00:23:58.287,0.85001,0.85017
2013.03.22 00:23:58.837,0.85001,0.85016
2013.03.22 00:23:59.557,0.85001,0.85016
2013.03.22 00:24:00.107,0.84999,0.85016
2013.03.22 00:24:03.197,0.84999,0.85016
2013.03.22 00:24:06.989,0.85,0.85016
2013.03.22 00:24:07.298,0.84999,0.85016
2013.03.22 00:24:07.846,0.85001,0.85016
2013.03.22 00:24:08.639,0.84999,0.85014
2013.03.22 00:24:10.587,0.85,0.85014
2013.03.22 00:24:11.179,0.84999,0.85014
2013.03.22 00:24:11.686,0.84999,0.85014
2013.03.22 00:24:12.668,0.85,0.85016
2013.03.22 00:24:13.217,0.85,0.85016
2013.03.22 00:24:16.027,0.85,0.85016
2013.03.22 00:24:16.086,0.85,0.85016
2013.03.22 00:24:22.696,0.84999,0.85016
2013.03.22 00:24:22.816,0.85001,0.85016
2013.03.22 00:24:23.178,0.85004,0.85016
2013.03.22 00:24:25.568,0.85002,0.85016
2013.03.22 00:24:26.147,0.85001,0.85016
2013.03.22 00:24:26.226,0.85,0.85015
2013.03.22 00:24:32.597,0.85,0.85015
2013.03.22 00:24:32.716,0.85,0.85015
2013.03.22 00:24:55.638,0.85,0.85015
2013.03.22 00:24:58.324,0.85,0.85015
2013.03.22 00:24:58.539,0.85,0.85015
2013.03.22 00:25:00.106,0.85001,0.85015
2013.03.22 00:25:03.397,0.85002,0.85017
2013.03.22 00:25:13.426,0.85001,0.85016
2013.03.22 00:25:22.687,0.85002,0.85017
2013.03.22 00:25:23.116,0.85,0.85015
2013.03.22 00:25:23.797,0.85001,0.85015
2013.03.22 00:25:45.599,0.85,0.85013
2013.03.22 00:25:45.971,0.85,0.85011
2013.03.22 00:25:46.158,0.84998,0.85008
2013.03.22 00:25:46.409,0.84999,0.85013
2013.03.22 00:25:48.416,0.84999,0.85012
2013.03.22 00:25:49.738,0.85001,0.85016
2013.03.22 00:25:49.809,0.85002,0.85017
2013.03.22 00:25:49.999,0.85003,0.85017
2013.03.22 00:25:50.548,0.85005,0.85017
2013.03.22 00:25:51.086,0.85005,0.85017
2013.03.22 00:25:53.851,0.85006,0.85019
2013.03.22 00:25:54.398,0.85006,0.8502
2013.03.22 00:25:55.218,0.85005,0.8502
2013.03.22 00:25:55.543,0.85004,0.85017
2013.03.22 00:25:55.867,0.85003,0.85017
2013.03.22 00:25:56.428,0.85001,0.85015
2013.03.22 00:25:56.797,0.85003,0.85016
2013.03.22 00:25:57.159,0.85003,0.85018
2013.03.22 00:25:57.827,0.85003,0.85018
2013.03.22 00:25:58.347,0.85003,0.85018
2013.03.22 00:25:58.768,0.85005,0.85019
2013.03.22 00:25:59.318,0.85006,0.85019
2013.03.22 00:25:59.866,0.85006,0.85021
2013.03.22 00:26:00.788,0.85006,0.85019
2013.03.22 00:26:01.538,0.85006,0.85019
2013.03.22 00:26:01.787,0.85006,0.85019
2013.03.22 00:26:02.660,0.85007,0.85021
2013.03.22 00:26:05.287,0.85008,0.85021
2013.03.22 00:26:05.828,0.85008,0.85021
2013.03.22 00:26:06.127,0.85009,0.85021
2013.03.22 00:26:11.110,0.85008,0.85021
2013.03.22 00:26:17.991,0.85008,0.85021
2013.03.22 00:26:18.118,0.85008,0.85021
2013.03.22 00:26:18.668,0.85008,0.85021
2013.03.22 00:26:18.726,0.85008,0.85021
2013.03.22 00:26:23.537,0.85008,0.85019
2013.03.22 00:26:24.398,0.85006,0.85019
2013.03.22 00:26:24.886,0.85005,0.85019
2013.03.22 00:26:25.396,0.85005,0.85019
2013.03.22 00:26:25.936,0.85006,0.85019
2013.03.22 00:26:29.627,0.85006,0.8502
2013.03.22 00:26:37.297,0.85006,0.85021
2013.03.22 00:26:45.698,0.85006,0.85021
2013.03.22 00:26:46.357,0.85006,0.85021
2013.03.22 00:26:48.397,0.85006,0.85021
2013.03.22 00:26:48.757,0.85006,0.85019
2013.03.22 00:26:51.037,0.85006,0.85019
2013.03.22 00:26:51.698,0.85006,0.8502
2013.03.22 00:26:58.086,0.85006,0.8502
2013.03.22 00:27:12.868,0.85006,0.85019
2013.03.22 00:27:12.986,0.85006,0.85019
2013.03.22 00:27:27.797,0.85006,0.85022
2013.03.22 00:27:34.426,0.85005,0.85021
2013.03.22 00:27:39.566,0.85005,0.85021
2013.03.22 00:27:40.174,0.85007,0.85021
2013.03.22 00:27:40.716,0.85008,0.85021
2013.03.22 00:27:59.668,0.85007,0.85021
2013.03.22 00:28:00.128,0.85008,0.85021
2013.03.22 00:28:01.997,0.85008,0.85021
2013.03.22 00:28:42.710,0.85007,0.8502
2013.03.22 00:28:45.988,0.85007,0.85019
2013.03.22 00:28:46.577,0.85007,0.8502
2013.03.22 00:28:50.771,0.85007,0.8502
2013.03.22 00:29:36.089,0.85007,0.8502
2013.03.22 00:29:36.159,0.85007,0.85021
2013.03.22 00:29:36.349,0.85009,0.85023
2013.03.22 00:29:36.908,0.85009,0.85023
2013.03.22 00:29:37.628,0.85009,0.85023
2013.03.22 00:30:12.485,0.8501,0.85025
2013.03.22 00:30:12.909,0.85012,0.85027
2013.03.22 00:30:17.008,0.85012,0.85026
2013.03.22 00:31:17.030,0.85009,0.85027
2013.03.22 00:31:21.258,0.85011,0.85024
2013.03.22 00:31:29.839,0.85013,0.85025
2013.03.22 00:31:32.697,0.85013,0.85025
2013.03.22 00:31:34.178,0.85013,0.85025
2013.03.22 00:31:34.728,0.8501,0.85024
2013.03.22 00:31:42.810,0.85013,0.85024
2013.03.22 00:31:44.399,0.8501,0.85023
2013.03.22 00:31:44.837,0.8501,0.85024
2013.03.22 00:31:45.379,0.85012,0.85024
2013.03.22 00:31:45.808,0.85011,0.85023
2013.03.22 00:31:58.478,0.8501,0.85023
2013.03.22 00:31:58.788,0.85008,0.85021
2013.03.22 00:31:59.589,0.85008,0.8502
2013.03.22 00:32:00.202,0.85008,0.85019
2013.03.22 00:32:00.277,0.85006,0.85018
2013.03.22 00:32:04.396,0.85004,0.85018
2013.03.22 00:32:04.938,0.85006,0.85019
2013.03.22 00:32:05.548,0.85007,0.85018
2013.03.22 00:32:06.030,0.85004,0.85016
2013.03.22 00:32:06.409,0.85006,0.85017
2013.03.22 00:32:06.479,0.85006,0.85017
2013.03.22 00:32:06.680,0.85006,0.85017
2013.03.22 00:32:07.169,0.85004,0.85015
2013.03.22 00:32:07.718,0.85003,0.85015
2013.03.22 00:32:08.138,0.85003,0.85015
2013.03.22 00:32:08.498,0.84999,0.8501
2013.03.22 00:32:09.478,0.85002,0.85013
2013.03.22 00:32:09.549,0.85002,0.85015
2013.03.22 00:32:10.159,0.85003,0.85016
2013.03.22 00:32:13.897,0.85003,0.85015
2013.03.22 00:32:14.239,0.84998,0.85011
2013.03.22 00:32:14.910,0.85,0.85013
2013.03.22 00:32:15.099,0.85,0.85014
2013.03.22 00:32:15.619,0.85,0.85014
2013.03.22 00:32:16.167,0.85,0.85015
2013.03.22 00:32:18.150,0.84999,0.85014
2013.03.22 00:32:18.279,0.84999,0.85013
2013.03.22 00:32:18.830,0.84996,0.85011
2013.03.22 00:32:19.138,0.84996,0.85009
2013.03.22 00:32:19.679,0.84997,0.8501
2013.03.22 00:32:20.539,0.84997,0.85011
2013.03.22 00:32:28.848,0.84998,0.85009
2013.03.22 00:32:29.111,0.84994,0.85009
2013.03.22 00:32:31.229,0.84994,0.85008
2013.03.22 00:32:31.778,0.84994,0.85008
2013.03.22 00:32:31.898,0.84994,0.85007
2013.03.22 00:33:00.898,0.84995,0.85007
2013.03.22 00:33:05.389,0.84996,0.85009
2013.03.22 00:33:05.458,0.84996,0.85009
2013.03.22 00:33:05.519,0.84996,0.85009
2013.03.22 00:33:06.081,0.84998,0.85011
2013.03.22 00:33:06.209,0.84998,0.85012
2013.03.22 00:33:06.518,0.84997,0.85011
2013.03.22 00:33:07.058,0.84995,0.8501
2013.03.22 00:33:07.807,0.84997,0.8501
2013.03.22 00:33:08.537,0.84995,0.85008
2013.03.22 00:33:10.647,0.84995,0.85007
2013.03.22 00:33:10.827,0.84994,0.85006
2013.03.22 00:33:11.137,0.84994,0.85006
2013.03.22 00:33:11.668,0.84993,0.85007
2013.03.22 00:33:11.977,0.84994,0.85006
2013.03.22 00:33:12.107,0.84994,0.85004
2013.03.22 00:33:19.068,0.84994,0.85004
2013.03.22 00:33:19.617,0.84993,0.85004
2013.03.22 00:33:20.347,0.84993,0.85004
2013.03.22 00:33:21.388,0.84993,0.85005
2013.03.22 00:33:21.508,0.84993,0.85005
2013.03.22 00:33:22.047,0.84993,0.85006
2013.03.22 00:33:25.118,0.84993,0.85007
2013.03.22 00:33:25.358,0.84996,0.85009
2013.03.22 00:33:25.787,0.84997,0.8501
2013.03.22 00:33:26.579,0.84998,0.8501
2013.03.22 00:33:26.649,0.84998,0.85011
2013.03.22 00:33:26.829,0.84995,0.85013
2013.03.22 00:33:26.897,0.84997,0.85011
2013.03.22 00:33:29.250,0.84997,0.85011
2013.03.22 00:33:29.477,0.84997,0.85011
2013.03.22 00:33:30.528,0.84997,0.8501
2013.03.22 00:33:31.067,0.84997,0.8501
2013.03.22 00:33:38.999,0.84998,0.85012
2013.03.22 00:33:39.546,0.84999,0.85012
2013.03.22 00:33:40.408,0.84999,0.85012
2013.03.22 00:33:55.801,0.84999,0.85011
2013.03.22 00:33:55.938,0.84999,0.85011
2013.03.22 00:33:57.829,0.85002,0.85013
2013.03.22 00:33:57.958,0.85003,0.85017
2013.03.22 00:33:58.139,0.85005,0.85017
2013.03.22 00:33:58.449,0.85007,0.85017
2013.03.22 00:33:59.001,0.85006,0.85018
2013.03.22 00:34:00.059,0.85006,0.85021
2013.03.22 00:34:01.039,0.85006,0.85021
2013.03.22 00:34:04.189,0.85004,0.85021
2013.03.22 00:34:04.378,0.85004,0.85019
2013.03.22 00:34:04.893,0.85003,0.85017
2013.03.22 00:34:04.961,0.85001,0.85014
2013.03.22 00:34:05.338,0.85,0.85013
2013.03.22 00:34:06.319,0.84999,0.85012
2013.03.22 00:34:07.528,0.84999,0.85012
2013.03.22 00:34:08.937,0.84999,0.85012
2013.03.22 00:34:09.488,0.84999,0.85012
2013.03.22 00:34:10.498,0.84999,0.85012
2013.03.22 00:34:11.479,0.84999,0.85012
2013.03.22 00:34:12.040,0.85,0.85013
2013.03.22 00:34:15.158,0.84997,0.85011
2013.03.22 00:34:15.637,0.84996,0.8501
2013.03.22 00:34:16.667,0.84995,0.8501
2013.03.22 00:34:17.429,0.84993,0.85009
2013.03.22 00:34:17.618,0.84993,0.85007
2013.03.22 00:34:18.687,0.84993,0.85006
2013.03.22 00:34:19.168,0.84994,0.85008
2013.03.22 00:34:19.678,0.84994,0.85007
2013.03.22 00:34:21.168,0.84994,0.85009
2013.03.22 00:34:24.668,0.84994,0.85007
2013.03.22 00:34:25.950,0.84994,0.85007
2013.03.22 00:34:26.147,0.84994,0.85007
2013.03.22 00:34:26.340,0.84994,0.85007
2013.03.22 00:34:28.388,0.84997,0.85009
2013.03.22 00:34:28.650,0.84999,0.85012
2013.03.22 00:34:28.718,0.84999,0.85015
2013.03.22 00:34:28.909,0.84999,0.85015
2013.03.22 00:34:29.457,0.84999,0.85015
2013.03.22 00:34:30.888,0.85002,0.85015
2013.03.22 00:34:31.080,0.85002,0.85017
2013.03.22 00:34:31.350,0.85005,0.85019
2013.03.22 00:34:31.420,0.85006,0.85019
2013.03.22 00:34:31.978,0.85006,0.85019
2013.03.22 00:34:32.658,0.85006,0.85019
2013.03.22 00:34:34.069,0.85005,0.85019
2013.03.22 00:34:34.379,0.85001,0.85014
2013.03.22 00:34:34.629,0.84996,0.85008
2013.03.22 00:34:34.698,0.84996,0.85008
2013.03.22 00:34:35.279,0.84994,0.85008
2013.03.22 00:34:36.397,0.84994,0.85008
2013.03.22 00:34:37.178,0.84995,0.8501
2013.03.22 00:34:38.597,0.84995,0.8501
2013.03.22 00:34:40.867,0.84995,0.85012
2013.03.22 00:34:40.987,0.84998,0.85012
2013.03.22 00:34:41.108,0.84997,0.85012
2013.03.22 00:34:41.790,0.85001,0.85016
2013.03.22 00:34:41.978,0.85003,0.85017
2013.03.22 00:34:42.397,0.85004,0.85019
2013.03.22 00:34:42.518,0.85004,0.85019
2013.03.22 00:34:43.258,0.85004,0.85019
2013.03.22 00:34:44.834,0.85005,0.85019
2013.03.22 00:34:45.128,0.85007,0.85019
2013.03.22 00:34:45.196,0.85007,0.85021
2013.03.22 00:34:45.544,0.85009,0.85023
2013.03.22 00:34:46.053,0.8501,0.85024
2013.03.22 00:34:46.559,0.85011,0.85024
2013.03.22 00:34:47.530,0.85009,0.85024
2013.03.22 00:34:47.778,0.85009,0.85024
2013.03.22 00:34:48.398,0.85009,0.85023
2013.03.22 00:34:49.349,0.85009,0.85023
2013.03.22 00:34:49.914,0.85008,0.85019
2013.03.22 00:34:50.479,0.85007,0.8502
2013.03.22 00:34:51.098,0.85007,0.85021
2013.03.22 00:34:51.578,0.85007,0.8502
2013.03.22 00:34:52.220,0.85006,0.8502
2013.03.22 00:34:52.289,0.85005,0.8502
2013.03.22 00:34:52.599,0.85003,0.85016
2013.03.22 00:34:52.729,0.85003,0.85016
2013.03.22 00:34:52.859,0.85002,0.85017
2013.03.22 00:34:53.408,0.85004,0.85017
2013.03.22 00:34:53.947,0.85005,0.85019
2013.03.22 00:34:55.719,0.85005,0.85019
2013.03.22 00:34:56.408,0.85005,0.85019
2013.03.22 00:34:56.718,0.85001,0.85016
2013.03.22 00:34:57.259,0.85001,0.85015
2013.03.22 00:34:57.817,0.85001,0.85015
2013.03.22 00:34:59.658,0.85001,0.85015
2013.03.22 00:34:59.790,0.85001,0.85015
2013.03.22 00:35:00.361,0.85003,0.85017
2013.03.22 00:35:02.194,0.85003,0.85015
2013.03.22 00:35:02.499,0.85,0.85013
2013.03.22 00:35:03.289,0.84999,0.85015
2013.03.22 00:35:03.601,0.85001,0.85016
2013.03.22 00:35:04.202,0.85001,0.85016
2013.03.22 00:35:04.874,0.85001,0.85016
2013.03.22 00:35:05.518,0.85002,0.85016
2013.03.22 00:35:07.818,0.85004,0.85017
2013.03.22 00:35:08.358,0.85004,0.85018
2013.03.22 00:35:08.720,0.85007,0.85019
2013.03.22 00:35:08.970,0.85007,0.85021
2013.03.22 00:35:11.979,0.85007,0.8502
2013.03.22 00:35:21.450,0.85007,0.85021
2013.03.22 00:35:22.009,0.85008,0.85021
2013.03.22 00:35:29.239,0.8501,0.85024
2013.03.22 00:35:29.789,0.8501,0.85024
2013.03.22 00:35:34.587,0.8501,0.85024
2013.03.22 00:35:35.938,0.85012,0.85024
2013.03.22 00:35:36.130,0.85016,0.85029
2013.03.22 00:35:36.438,0.85016,0.85029
2013.03.22 00:35:36.810,0.85016,0.85029
2013.03.22 00:35:38.652,0.85016,0.8503
2013.03.22 00:35:39.198,0.85018,0.8503
2013.03.22 00:35:39.748,0.85018,0.85029
2013.03.22 00:35:50.862,0.85017,0.8503
2013.03.22 00:35:53.127,0.85016,0.8503
2013.03.22 00:35:53.368,0.85016,0.85031
2013.03.22 00:35:53.608,0.85017,0.85031
2013.03.22 00:35:54.148,0.85017,0.85031
2013.03.22 00:35:54.803,0.85017,0.85031
2013.03.22 00:35:54.932,0.85017,0.85031
2013.03.22 00:35:55.419,0.85017,0.85031
2013.03.22 00:35:55.979,0.85018,0.85031
2013.03.22 00:35:57.680,0.85018,0.8503
2013.03.22 00:36:01.459,0.85013,0.85028
2013.03.22 00:36:01.981,0.85017,0.85031
2013.03.22 00:36:02.539,0.85017,0.85032
2013.03.22 00:36:04.447,0.85016,0.85032
2013.03.22 00:36:04.645,0.85016,0.85032
2013.03.22 00:36:04.889,0.85019,0.85034
2013.03.22 00:36:04.963,0.85021,0.85037
2013.03.22 00:36:05.160,0.85023,0.85038
2013.03.22 00:36:05.599,0.85023,0.85038
2013.03.22 00:36:07.288,0.85021,0.85037
2013.03.22 00:36:07.408,0.85021,0.85037
2013.03.22 00:36:07.709,0.85021,0.85034
2013.03.22 00:36:07.839,0.85021,0.85034
2013.03.22 00:36:08.258,0.85018,0.85034
2013.03.22 00:36:08.498,0.85018,0.85034
2013.03.22 00:36:08.798,0.85018,0.85034
2013.03.22 00:36:09.568,0.85019,0.85034
2013.03.22 00:36:10.057,0.85018,0.85033
2013.03.22 00:36:10.568,0.85018,0.85033
2013.03.22 00:36:13.450,0.85018,0.85032
2013.03.22 00:36:13.998,0.85018,0.85032
2013.03.22 00:36:14.117,0.85018,0.85032
2013.03.22 00:36:15.407,0.85018,0.85032
2013.03.22 00:36:16.081,0.85017,0.85032
2013.03.22 00:36:18.981,0.8502,0.85035
2013.03.22 00:36:19.419,0.8502,0.85032
2013.03.22 00:36:21.014,0.85018,0.85032
2013.03.22 00:36:21.528,0.85017,0.85029
2013.03.22 00:36:26.068,0.85017,0.85029
2013.03.22 00:36:26.188,0.85017,0.85028
2013.03.22 00:36:26.309,0.85013,0.85028
2013.03.22 00:36:26.910,0.85013,0.85029
2013.03.22 00:36:26.978,0.85015,0.85029
2013.03.22 00:36:27.219,0.85016,0.85029
2013.03.22 00:36:27.640,0.85018,0.85031
2013.03.22 00:36:28.189,0.8502,0.85033
2013.03.22 00:36:28.748,0.85019,0.85032
2013.03.22 00:36:29.289,0.85019,0.8503
2013.03.22 00:36:30.199,0.85016,0.8503
2013.03.22 00:36:30.328,0.85015,0.8503
2013.03.22 00:36:30.400,0.85014,0.85025
2013.03.22 00:36:30.471,0.85012,0.85025
2013.03.22 00:36:30.542,0.85012,0.85025
2013.03.22 00:36:30.869,0.85009,0.85025
2013.03.22 00:36:31.237,0.85009,0.85023
2013.03.22 00:36:31.877,0.85009,0.85023
2013.03.22 00:36:32.300,0.85006,0.85022
2013.03.22 00:36:32.549,0.85006,0.85021
2013.03.22 00:36:32.968,0.85006,0.85021
2013.03.22 00:36:34.008,0.85006,0.85021
2013.03.22 00:36:34.693,0.85006,0.85021
2013.03.22 00:36:34.879,0.85008,0.85022
2013.03.22 00:36:35.321,0.85008,0.85023
2013.03.22 00:36:35.634,0.85012,0.85027
2013.03.22 00:36:35.941,0.85013,0.85027
2013.03.22 00:36:36.823,0.85013,0.85027
2013.03.22 00:36:37.210,0.85017,0.8503
2013.03.22 00:36:37.939,0.85016,0.8503
2013.03.22 00:36:41.620,0.85016,0.8503
2013.03.22 00:36:43.993,0.85016,0.8503
2013.03.22 00:36:48.835,0.85017,0.8503
2013.03.22 00:36:55.617,0.85015,0.8503
2013.03.22 00:36:55.798,0.85016,0.85031
2013.03.22 00:36:56.038,0.85019,0.85033
2013.03.22 00:36:56.579,0.85019,0.85033
2013.03.22 00:36:58.018,0.85019,0.85034
2013.03.22 00:36:59.050,0.8502,0.85036
2013.03.22 00:36:59.602,0.8502,0.85036
2013.03.22 00:37:01.473,0.85019,0.85034
2013.03.22 00:37:03.616,0.85019,0.85033
2013.03.22 00:37:12.045,0.85019,0.85033
2013.03.22 00:37:17.899,0.85019,0.85033
2013.03.22 00:37:18.459,0.85019,0.85033
2013.03.22 00:37:24.258,0.8502,0.85033
2013.03.22 00:37:29.418,0.85021,0.85035
2013.03.22 00:37:33.541,0.85023,0.85037
2013.03.22 00:37:34.073,0.85026,0.85039
2013.03.22 00:37:34.742,0.85026,0.85039
2013.03.22 00:37:38.460,0.85025,0.85039
2013.03.22 00:37:38.828,0.85024,0.85037
2013.03.22 00:37:39.129,0.85021,0.85034
2013.03.22 00:37:39.690,0.85021,0.85036
2013.03.22 00:37:40.251,0.85025,0.85039
2013.03.22 00:37:40.438,0.85025,0.8504
2013.03.22 00:37:40.499,0.85025,0.8504
2013.03.22 00:37:42.917,0.85026,0.85041
2013.03.22 00:37:43.467,0.85026,0.85041
2013.03.22 00:37:43.649,0.85028,0.85041
2013.03.22 00:37:45.607,0.85028,0.85041
2013.03.22 00:37:46.523,0.85028,0.85041
2013.03.22 00:37:47.507,0.85028,0.85041
2013.03.22 00:37:48.848,0.85028,0.85038
2013.03.22 00:37:49.407,0.85028,0.85038
2013.03.22 00:37:50.368,0.85027,0.85039
2013.03.22 00:37:51.590,0.85027,0.85039
2013.03.22 00:37:51.718,0.85028,0.85039
2013.03.22 00:37:54.429,0.85028,0.85039
2013.03.22 00:37:54.677,0.85028,0.85039
2013.03.22 00:38:02.720,0.85028,0.85043
2013.03.22 00:38:03.497,0.85028,0.85043
2013.03.22 00:38:03.820,0.85028,0.85041
2013.03.22 00:38:04.368,0.85028,0.8504
2013.03.22 00:38:05.149,0.85027,0.85039
2013.03.22 00:38:08.690,0.85027,0.85041
2013.03.22 00:38:08.759,0.85027,0.8504
2013.03.22 00:38:08.829,0.85027,0.85041
2013.03.22 00:38:09.377,0.85027,0.85039
2013.03.22 00:38:11.310,0.85027,0.85039
2013.03.22 00:38:11.858,0.85027,0.85039
2013.03.22 00:38:12.376,0.85028,0.8504
2013.03.22 00:38:13.088,0.85028,0.8504
2013.03.22 00:38:14.737,0.85028,0.85041
2013.03.22 00:38:24.899,0.85028,0.8504
2013.03.22 00:38:26.859,0.85028,0.8504
2013.03.22 00:38:30.210,0.85028,0.85038
2013.03.22 00:38:32.219,0.85026,0.85038
2013.03.22 00:38:33.106,0.85026,0.85038
2013.03.22 00:38:33.669,0.85026,0.85038
2013.03.22 00:38:35.928,0.85026,0.85037
2013.03.22 00:38:36.718,0.85027,0.85038
2013.03.22 00:38:37.019,0.85027,0.85037
2013.03.22 00:38:37.258,0.85027,0.85037
2013.03.22 00:38:38.108,0.85027,0.85039
2013.03.22 00:38:44.878,0.85027,0.85039
2013.03.22 00:38:45.197,0.85022,0.85035
2013.03.22 00:38:45.722,0.85022,0.85033
2013.03.22 00:38:46.337,0.85023,0.85033
2013.03.22 00:38:46.519,0.85021,0.85031
2013.03.22 00:38:46.589,0.85019,0.85031
2013.03.22 00:38:46.662,0.85022,0.85034
2013.03.22 00:38:46.731,0.85022,0.85034
2013.03.22 00:38:47.277,0.85023,0.85034
2013.03.22 00:38:47.797,0.85024,0.85035
2013.03.22 00:38:47.980,0.85019,0.85031
2013.03.22 00:38:48.110,0.85019,0.85031
2013.03.22 00:38:48.358,0.85023,0.85032
2013.03.22 00:38:48.968,0.85023,0.85033
2013.03.22 00:38:49.731,0.85024,0.85034
2013.03.22 00:38:54.617,0.85024,0.85035
2013.03.22 00:38:55.148,0.85024,0.85035
2013.03.22 00:38:55.887,0.85024,0.85035
2013.03.22 00:39:06.058,0.85026,0.85035
2013.03.22 00:39:06.658,0.85026,0.85035
2013.03.22 00:39:14.506,0.85023,0.85035
2013.03.22 00:39:14.689,0.85025,0.85035
2013.03.22 00:39:15.928,0.85026,0.85036
2013.03.22 00:39:23.019,0.85027,0.85036
2013.03.22 00:39:41.848,0.85027,0.85036
2013.03.22 00:39:42.520,0.85024,0.85035
2013.03.22 00:39:44.901,0.85024,0.85036
2013.03.22 00:39:45.409,0.85025,0.85036
2013.03.22 00:39:46.338,0.85027,0.85038
2013.03.22 00:39:46.399,0.85027,0.8504
2013.03.22 00:39:46.908,0.85028,0.85041
2013.03.22 00:39:50.068,0.85029,0.85041
2013.03.22 00:39:50.575,0.8503,0.85041
2013.03.22 00:39:51.529,0.85028,0.85042
2013.03.22 00:39:53.468,0.85029,0.85042
2013.03.22 00:39:55.589,0.85029,0.85042
2013.03.22 00:39:56.101,0.85028,0.85041
2013.03.22 00:39:56.689,0.85028,0.85038
2013.03.22 00:39:57.808,0.85028,0.85038
2013.03.22 00:39:58.058,0.85028,0.8504
2013.03.22 00:40:00.549,0.85027,0.85038
2013.03.22 00:40:01.100,0.85027,0.85037
2013.03.22 00:40:01.611,0.85027,0.85037
2013.03.22 00:40:06.191,0.85027,0.85036
2013.03.22 00:40:06.391,0.85025,0.85035
2013.03.22 00:40:06.462,0.85025,0.85035
2013.03.22 00:40:06.711,0.85022,0.85035
2013.03.22 00:40:06.899,0.85022,0.85034
2013.03.22 00:40:06.970,0.85022,0.85031
2013.03.22 00:40:07.100,0.85017,0.85031
2013.03.22 00:40:07.702,0.85017,0.8503
2013.03.22 00:40:08.029,0.85019,0.85034
2013.03.22 00:40:13.469,0.85022,0.85035
2013.03.22 00:40:39.750,0.8502,0.85035
2013.03.22 00:40:39.880,0.8502,0.85035
2013.03.22 00:40:46.708,0.85019,0.85033
2013.03.22 00:40:47.160,0.85019,0.8503
2013.03.22 00:40:47.290,0.85015,0.8503
2013.03.22 00:40:47.479,0.85015,0.85029
2013.03.22 00:40:48.266,0.85014,0.85028
2013.03.22 00:40:48.352,0.85014,0.85029
2013.03.22 00:40:50.240,0.85014,0.85028
2013.03.22 00:40:58.055,0.85014,0.85028
2013.03.22 00:40:58.358,0.85013,0.85027
2013.03.22 00:41:03.469,0.85014,0.85028
2013.03.22 00:41:04.018,0.85014,0.85028
2013.03.22 00:41:04.549,0.85014,0.85028
2013.03.22 00:41:04.968,0.85013,0.85028
2013.03.22 00:41:10.809,0.85014,0.85029
2013.03.22 00:41:21.249,0.85015,0.85028
2013.03.22 00:41:21.768,0.85015,0.85028
2013.03.22 00:41:28.847,0.85015,0.85028
2013.03.22 00:41:28.909,0.85013,0.85028
2013.03.22 00:41:28.980,0.85013,0.85027
2013.03.22 00:41:29.467,0.85013,0.85027
2013.03.22 00:41:31.937,0.85008,0.85022
2013.03.22 00:41:32.003,0.85008,0.85022
2013.03.22 00:41:32.188,0.85006,0.85022
2013.03.22 00:41:32.678,0.85005,0.8502
2013.03.22 00:41:33.178,0.85005,0.8502
2013.03.22 00:41:34.628,0.85004,0.85018
2013.03.22 00:41:35.179,0.85002,0.85018
2013.03.22 00:41:36.049,0.85002,0.85018
2013.03.22 00:41:37.151,0.85004,0.85019
2013.03.22 00:41:40.119,0.85004,0.85018
2013.03.22 00:41:41.741,0.85002,0.85018
2013.03.22 00:41:42.573,0.85005,0.85018
2013.03.22 00:41:42.670,0.85004,0.85021
2013.03.22 00:41:43.303,0.85004,0.8502
2013.03.22 00:41:43.430,0.85004,0.85017
2013.03.22 00:41:43.570,0.85003,0.85018
2013.03.22 00:41:44.918,0.85008,0.85018
2013.03.22 00:41:45.243,0.85008,0.8502
2013.03.22 00:41:45.668,0.85005,0.85019
2013.03.22 00:41:47.208,0.85003,0.85017
2013.03.22 00:41:48.309,0.85007,0.85017
2013.03.22 00:41:48.529,0.85007,0.85018
2013.03.22 00:41:49.089,0.85007,0.85018
2013.03.22 00:41:49.709,0.85007,0.85018
2013.03.22 00:41:52.270,0.85008,0.8502
2013.03.22 00:41:52.461,0.85008,0.8502
2013.03.22 00:41:53.019,0.85008,0.85021
2013.03.22 00:41:56.280,0.85008,0.85022
2013.03.22 00:41:56.828,0.85009,0.85022
2013.03.22 00:41:57.608,0.85007,0.85022
2013.03.22 00:42:01.149,0.85008,0.85022
2013.03.22 00:42:08.439,0.85007,0.85021
2013.03.22 00:42:08.511,0.85007,0.85021
2013.03.22 00:42:17.209,0.85008,0.8502
2013.03.22 00:42:18.309,0.85008,0.8502
2013.03.22 00:42:18.995,0.85008,0.85021
2013.03.22 00:42:20.135,0.85008,0.85021
2013.03.22 00:42:20.459,0.85009,0.85023
2013.03.22 00:42:20.589,0.85009,0.85023
2013.03.22 00:42:22.628,0.8501,0.85023
2013.03.22 00:42:25.179,0.8501,0.85023
2013.03.22 00:42:25.599,0.85009,0.85022
2013.03.22 00:42:25.731,0.8501,0.85022
2013.03.22 00:42:26.060,0.85012,0.85024
2013.03.22 00:42:26.381,0.85013,0.85028
2013.03.22 00:42:26.930,0.85011,0.85025
2013.03.22 00:42:27.496,0.85011,0.85026
2013.03.22 00:42:32.599,0.85011,0.85026
2013.03.22 00:42:34.081,0.85011,0.85025
2013.03.22 00:42:34.152,0.85011,0.85025
2013.03.22 00:42:36.280,0.85012,0.85025
2013.03.22 00:42:36.709,0.85013,0.85028
2013.03.22 00:42:44.710,0.85011,0.85026
2013.03.22 00:42:45.371,0.85012,0.85026
2013.03.22 00:42:48.208,0.85012,0.85026
2013.03.22 00:42:49.209,0.85012,0.85026
2013.03.22 00:42:53.808,0.85012,0.85026
2013.03.22 00:42:58.139,0.85012,0.85025
2013.03.22 00:43:01.698,0.85013,0.85026
2013.03.22 00:43:04.940,0.85013,0.85025
2013.03.22 00:43:05.582,0.85013,0.85026
2013.03.22 00:43:13.129,0.85013,0.85024
2013.03.22 00:43:13.378,0.85011,0.85022
2013.03.22 00:43:13.860,0.85009,0.85022
2013.03.22 00:43:15.719,0.85012,0.85024
2013.03.22 00:43:16.228,0.85013,0.85024
2013.03.22 00:43:26.788,0.85014,0.85027
2013.03.22 00:43:27.559,0.85014,0.85027
2013.03.22 00:43:27.799,0.85015,0.85027
2013.03.22 00:43:28.159,0.85014,0.85027
2013.03.22 00:43:29.361,0.85015,0.85027
2013.03.22 00:43:33.302,0.85015,0.85027
2013.03.22 00:43:39.149,0.85015,0.85027
2013.03.22 00:43:39.669,0.85013,0.85026
2013.03.22 00:43:40.708,0.85013,0.85025
2013.03.22 00:43:42.170,0.85013,0.85024
2013.03.22 00:43:42.728,0.85009,0.85022
2013.03.22 00:43:42.979,0.8501,0.85024
2013.03.22 00:43:43.229,0.85014,0.85028
2013.03.22 00:43:43.770,0.85015,0.85028
2013.03.22 00:43:46.350,0.85014,0.85025
2013.03.22 00:43:46.598,0.85011,0.85024
2013.03.22 00:43:46.838,0.85014,0.85027
2013.03.22 00:43:48.520,0.85015,0.85028
2013.03.22 00:43:48.711,0.85017,0.85029
2013.03.22 00:43:48.900,0.85017,0.85029
2013.03.22 00:43:49.448,0.85017,0.85029
2013.03.22 00:43:49.988,0.85017,0.8503
2013.03.22 00:43:53.168,0.85019,0.85031
2013.03.22 00:43:55.669,0.85019,0.85032
2013.03.22 00:43:56.158,0.85021,0.85032
2013.03.22 00:43:56.711,0.8502,0.85031
2013.03.22 00:43:56.958,0.85019,0.85031
2013.03.22 00:43:57.469,0.85017,0.8503
2013.03.22 00:43:58.638,0.85017,0.8503
2013.03.22 00:43:59.599,0.85015,0.85028
2013.03.22 00:43:59.670,0.85014,0.85027
2013.03.22 00:44:00.188,0.85014,0.85025
2013.03.22 00:44:00.739,0.85014,0.85025
2013.03.22 00:44:02.099,0.85014,0.85027
2013.03.22 00:44:02.159,0.85014,0.85027
2013.03.22 00:44:02.679,0.85016,0.85028
2013.03.22 00:44:03.088,0.85016,0.85028
2013.03.22 00:44:03.662,0.85016,0.85028
2013.03.22 00:44:04.219,0.85016,0.85028
2013.03.22 00:44:04.531,0.85014,0.85026
2013.03.22 00:44:05.839,0.85014,0.85026
2013.03.22 00:44:06.390,0.85014,0.85025
2013.03.22 00:44:07.550,0.85014,0.85024
2013.03.22 00:44:10.598,0.85014,0.85027
2013.03.22 00:44:15.110,0.85015,0.85027
2013.03.22 00:44:15.659,0.85016,0.85029
2013.03.22 00:44:16.329,0.85018,0.85029
2013.03.22 00:44:16.461,0.85018,0.85032
2013.03.22 00:44:17.119,0.8502,0.85032
2013.03.22 00:44:18.390,0.85019,0.85032
2013.03.22 00:44:18.895,0.85021,0.85033
2013.03.22 00:44:18.962,0.85022,0.85037
2013.03.22 00:44:19.209,0.85022,0.85034
2013.03.22 00:44:21.939,0.85022,0.85034
2013.03.22 00:44:33.468,0.8502,0.85035
2013.03.22 00:44:36.239,0.8502,0.85034
2013.03.22 00:44:47.440,0.85021,0.85034
2013.03.22 00:44:47.879,0.85023,0.85036
2013.03.22 00:44:48.499,0.85023,0.85037
2013.03.22 00:44:49.440,0.85022,0.85034
2013.03.22 00:44:50.111,0.85022,0.85035
2013.03.22 00:44:52.290,0.85022,0.85035
2013.03.22 00:44:52.419,0.8502,0.85035
2013.03.22 00:44:53.779,0.8502,0.85035
2013.03.22 00:44:55.538,0.85019,0.85034
2013.03.22 00:45:09.468,0.85021,0.85033
2013.03.22 00:45:21.588,0.85021,0.85034
2013.03.22 00:45:22.379,0.85021,0.85035
2013.03.22 00:45:28.508,0.85021,0.85035
2013.03.22 00:45:35.579,0.85022,0.85035
2013.03.22 00:45:36.211,0.85026,0.85039
2013.03.22 00:45:36.338,0.85027,0.85042
2013.03.22 00:45:36.818,0.85028,0.85042
2013.03.22 00:45:36.878,0.85028,0.85041
2013.03.22 00:45:37.420,0.85028,0.85041
2013.03.22 00:45:43.671,0.85028,0.85041
2013.03.22 00:45:48.971,0.8503,0.85042
2013.03.22 00:45:49.101,0.8503,0.85042
2013.03.22 00:45:51.128,0.8503,0.85044
2013.03.22 00:45:55.269,0.85029,0.85044
2013.03.22 00:45:55.809,0.85028,0.85041
2013.03.22 00:46:04.048,0.85028,0.85042
2013.03.22 00:46:05.268,0.85028,0.85042
2013.03.22 00:46:05.811,0.8503,0.85043
2013.03.22 00:46:08.217,0.8503,0.85043
2013.03.22 00:46:08.578,0.85028,0.85041
2013.03.22 00:46:09.901,0.85028,0.85041
2013.03.22 00:46:11.099,0.85028,0.85043
2013.03.22 00:46:11.459,0.85028,0.85043
2013.03.22 00:46:12.540,0.85028,0.85043
2013.03.22 00:46:13.970,0.85028,0.85041
2013.03.22 00:46:14.519,0.85027,0.8504
2013.03.22 00:46:15.069,0.85028,0.8504
2013.03.22 00:46:20.575,0.85028,0.85041
2013.03.22 00:46:20.891,0.85028,0.85041
2013.03.22 00:46:21.820,0.85026,0.85038
2013.03.22 00:46:21.889,0.85026,0.85038
2013.03.22 00:46:22.593,0.85024,0.85037
2013.03.22 00:46:22.678,0.85024,0.85037
2013.03.22 00:46:31.170,0.85023,0.85035
2013.03.22 00:46:31.300,0.85021,0.85035
2013.03.22 00:46:31.490,0.85022,0.85035
2013.03.22 00:46:32.042,0.8502,0.85034
2013.03.22 00:46:32.546,0.85019,0.85032
2013.03.22 00:46:34.470,0.8502,0.85032
2013.03.22 00:46:36.450,0.8502,0.85032
2013.03.22 00:46:36.880,0.85017,0.8503
2013.03.22 00:46:37.441,0.85015,0.85029
2013.03.22 00:46:40.149,0.85015,0.85028
2013.03.22 00:46:41.112,0.85016,0.85028
2013.03.22 00:46:41.304,0.85017,0.85028
2013.03.22 00:46:41.750,0.85017,0.85031
2013.03.22 00:46:41.879,0.85016,0.8503
2013.03.22 00:46:42.428,0.85014,0.85028
2013.03.22 00:46:47.510,0.85016,0.85031
2013.03.22 00:46:49.359,0.85016,0.85031
2013.03.22 00:46:49.662,0.85016,0.85031
2013.03.22 00:46:50.180,0.85013,0.8503
2013.03.22 00:46:50.489,0.85015,0.8503
2013.03.22 00:46:50.981,0.85017,0.85031
2013.03.22 00:46:51.170,0.85017,0.85034
2013.03.22 00:46:51.479,0.85018,0.85034
2013.03.22 00:46:52.009,0.85018,0.85034
2013.03.22 00:46:52.140,0.85018,0.85034
2013.03.22 00:46:53.063,0.85017,0.85033
2013.03.22 00:46:53.693,0.85017,0.85031
2013.03.22 00:46:57.800,0.85014,0.8503
2013.03.22 00:46:59.841,0.85013,0.85028
2013.03.22 00:47:08.590,0.85012,0.85027
2013.03.22 00:47:15.479,0.85012,0.85027
2013.03.22 00:47:22.875,0.85015,0.85029
2013.03.22 00:47:36.618,0.85015,0.8503
2013.03.22 00:47:49.691,0.85015,0.85028
2013.03.22 00:47:55.419,0.85014,0.85028
2013.03.22 00:47:55.539,0.85012,0.85026
2013.03.22 00:47:56.091,0.85014,0.85028
2013.03.22 00:47:56.529,0.85015,0.85031
2013.03.22 00:48:01.379,0.85014,0.85027
2013.03.22 00:48:01.499,0.85013,0.85027
2013.03.22 00:48:01.740,0.85013,0.85025
2013.03.22 00:48:03.749,0.85016,0.8503
2013.03.22 00:48:03.820,0.85016,0.8503
2013.03.22 00:48:03.890,0.85017,0.8503
2013.03.22 00:48:04.369,0.85018,0.85032
2013.03.22 00:48:04.489,0.85018,0.85032
2013.03.22 00:48:05.299,0.85018,0.85032
2013.03.22 00:48:05.839,0.8502,0.85034
2013.03.22 00:48:07.451,0.8502,0.85034
2013.03.22 00:48:08.231,0.85017,0.85031
2013.03.22 00:48:09.970,0.85019,0.85034
2013.03.22 00:48:10.104,0.85019,0.85034
2013.03.22 00:48:10.350,0.85019,0.85034
2013.03.22 00:48:11.530,0.85019,0.85034
2013.03.22 00:48:11.718,0.85019,0.85033
2013.03.22 00:48:15.668,0.85018,0.85031
2013.03.22 00:48:17.500,0.85016,0.85028
2013.03.22 00:48:17.809,0.85013,0.85028
2013.03.22 00:48:18.310,0.85014,0.85027
2013.03.22 00:48:18.620,0.85014,0.85028
2013.03.22 00:48:18.690,0.85014,0.85029
2013.03.22 00:48:19.169,0.85014,0.85028
2013.03.22 00:48:19.479,0.85016,0.85029
2013.03.22 00:48:19.719,0.85019,0.85031
2013.03.22 00:48:20.259,0.85019,0.85032
2013.03.22 00:48:20.539,0.85019,0.85032
2013.03.22 00:48:21.127,0.85019,0.85034
2013.03.22 00:48:21.690,0.85019,0.85034
2013.03.22 00:48:22.719,0.85019,0.85034
2013.03.22 00:48:23.509,0.85018,0.85033
2013.03.22 00:48:30.110,0.85019,0.85032
2013.03.22 00:48:30.658,0.85019,0.85032
2013.03.22 00:48:37.686,0.85019,0.85033
2013.03.22 00:48:40.750,0.85017,0.85033
2013.03.22 00:48:40.940,0.85017,0.8503
2013.03.22 00:48:41.490,0.85015,0.85029
2013.03.22 00:48:42.370,0.85018,0.85029
2013.03.22 00:48:42.442,0.85018,0.85032
2013.03.22 00:48:42.569,0.85021,0.85034
2013.03.22 00:48:42.690,0.85021,0.85035
2013.03.22 00:48:43.169,0.85023,0.85036
2013.03.22 00:48:46.429,0.85023,0.85038
2013.03.22 00:48:47.550,0.85023,0.85037
2013.03.22 00:48:48.115,0.85021,0.85033
2013.03.22 00:48:48.539,0.8502,0.85033
2013.03.22 00:48:49.120,0.8502,0.85033
2013.03.22 00:48:49.678,0.8502,0.85033
2013.03.22 00:48:50.199,0.8502,0.85033
2013.03.22 00:48:51.631,0.8502,0.85035
2013.03.22 00:48:52.417,0.8502,0.85033
2013.03.22 00:48:52.929,0.8502,0.85033
2013.03.22 00:48:55.149,0.8502,0.85033
2013.03.22 00:48:55.689,0.85021,0.85034
2013.03.22 00:48:56.730,0.8502,0.85033
2013.03.22 00:48:57.279,0.85022,0.85035
2013.03.22 00:48:58.561,0.85021,0.85035
2013.03.22 00:48:59.110,0.85021,0.85033
2013.03.22 00:49:02.661,0.8502,0.85033
2013.03.22 00:49:03.729,0.85019,0.85033
2013.03.22 00:49:07.312,0.85019,0.85034
2013.03.22 00:49:07.873,0.85022,0.85035
2013.03.22 00:49:09.510,0.85021,0.85034
2013.03.22 00:49:10.882,0.85026,0.85037
2013.03.22 00:49:10.950,0.85026,0.85038
2013.03.22 00:49:11.070,0.85025,0.85038
2013.03.22 00:49:11.309,0.85026,0.85038
2013.03.22 00:49:15.683,0.85027,0.85038
2013.03.22 00:49:15.756,0.85028,0.85038
2013.03.22 00:49:17.012,0.85025,0.8504
2013.03.22 00:49:17.139,0.85025,0.8504
2013.03.22 00:49:17.679,0.85025,0.8504
2013.03.22 00:49:18.338,0.85025,0.8504
2013.03.22 00:49:19.021,0.85028,0.8504
2013.03.22 00:49:19.629,0.85028,0.85038
2013.03.22 00:49:24.609,0.85027,0.85037
2013.03.22 00:49:26.712,0.85027,0.85038
2013.03.22 00:49:28.010,0.85027,0.8504
2013.03.22 00:49:28.131,0.85028,0.8504
2013.03.22 00:49:29.440,0.85028,0.85042
2013.03.22 00:49:35.269,0.85028,0.85041
2013.03.22 00:49:35.629,0.8503,0.85041
2013.03.22 00:49:43.571,0.85032,0.85042
2013.03.22 00:49:43.821,0.85032,0.85044
2013.03.22 00:49:44.369,0.85031,0.85043
2013.03.22 00:49:46.494,0.8503,0.85042
2013.03.22 00:49:47.049,0.8503,0.85042
2013.03.22 00:49:48.165,0.85031,0.85042
2013.03.22 00:49:55.579,0.85032,0.85043
2013.03.22 00:49:59.250,0.85032,0.85044
2013.03.22 00:49:59.809,0.85032,0.85044
2013.03.22 00:50:02.234,0.85032,0.85043
2013.03.22 00:50:02.669,0.85033,0.85044
2013.03.22 00:50:03.380,0.85033,0.85043
2013.03.22 00:50:09.700,0.85032,0.85043
2013.03.22 00:50:10.250,0.85032,0.85042
2013.03.22 00:50:25.925,0.85032,0.85042
2013.03.22 00:50:26.470,0.85032,0.85043
2013.03.22 00:50:27.200,0.85032,0.85043
2013.03.22 00:50:27.759,0.85032,0.85043
2013.03.22 00:50:28.301,0.85032,0.85043
2013.03.22 00:50:28.859,0.85032,0.85043
2013.03.22 00:50:29.739,0.85032,0.85043
2013.03.22 00:50:30.269,0.85032,0.85043
2013.03.22 00:50:52.190,0.85031,0.85042
2013.03.22 00:50:52.622,0.8503,0.8504
2013.03.22 00:50:54.130,0.85029,0.85038
2013.03.22 00:50:56.059,0.85029,0.85038
2013.03.22 00:50:56.431,0.8503,0.8504
2013.03.22 00:50:56.979,0.8503,0.85042
2013.03.22 00:50:57.488,0.85032,0.85042
2013.03.22 00:51:01.786,0.8503,0.85042
2013.03.22 00:51:01.851,0.85029,0.85042
2013.03.22 00:51:02.580,0.85029,0.85039
2013.03.22 00:51:03.830,0.85028,0.8504
2013.03.22 00:51:04.560,0.85028,0.8504
2013.03.22 00:51:05.090,0.85029,0.8504
2013.03.22 00:51:06.340,0.85029,0.85041
2013.03.22 00:51:15.299,0.85029,0.85041
2013.03.22 00:51:15.418,0.85031,0.85041
2013.03.22 00:51:15.479,0.85032,0.85044
2013.03.22 00:51:16.565,0.85032,0.85044
2013.03.22 00:51:22.689,0.85032,0.85045
2013.03.22 00:51:26.559,0.85032,0.85044
2013.03.22 00:51:27.060,0.85031,0.85042
2013.03.22 00:51:29.145,0.85032,0.85042
2013.03.22 00:51:29.400,0.85032,0.85044
2013.03.22 00:51:29.940,0.85032,0.85044
2013.03.22 00:51:30.862,0.85032,0.85042
2013.03.22 00:51:42.011,0.85031,0.85043
2013.03.22 00:51:47.134,0.85031,0.85043
2013.03.22 00:51:47.679,0.85031,0.85041
2013.03.22 00:51:48.180,0.85028,0.8504
2013.03.22 00:51:49.232,0.85027,0.85041
2013.03.22 00:51:50.056,0.85027,0.85041
2013.03.22 00:51:51.171,0.85028,0.85042
2013.03.22 00:51:51.820,0.85029,0.85042
2013.03.22 00:51:52.863,0.85028,0.85042
2013.03.22 00:51:53.370,0.85027,0.85042
2013.03.22 00:51:58.421,0.85028,0.85039
2013.03.22 00:51:58.790,0.85028,0.85039
2013.03.22 00:52:01.189,0.85028,0.85041
2013.03.22 00:52:01.369,0.8503,0.85042
2013.03.22 00:52:01.909,0.8503,0.85043
2013.03.22 00:52:08.940,0.85029,0.85041
2013.03.22 00:52:09.190,0.85027,0.85041
2013.03.22 00:52:09.730,0.85027,0.85041
2013.03.22 00:52:09.970,0.85027,0.85041
2013.03.22 00:52:10.101,0.85027,0.85039
2013.03.22 00:52:10.949,0.85027,0.85036
2013.03.22 00:52:11.477,0.85027,0.85038
2013.03.22 00:52:11.779,0.85028,0.8504
2013.03.22 00:52:12.080,0.85028,0.8504
2013.03.22 00:52:12.141,0.85028,0.8504
2013.03.22 00:52:13.039,0.85028,0.8504
2013.03.22 00:52:13.586,0.85028,0.8504
2013.03.22 00:52:33.480,0.85028,0.85041
2013.03.22 00:52:36.544,0.85028,0.85041
2013.03.22 00:52:41.309,0.85028,0.85041
2013.03.22 00:52:51.789,0.85028,0.8504
2013.03.22 00:52:52.240,0.85028,0.8504
2013.03.22 00:52:55.241,0.85027,0.8504
2013.03.22 00:52:55.431,0.85028,0.85042
2013.03.22 00:53:00.190,0.85027,0.85039
2013.03.22 00:53:02.000,0.85027,0.85038
2013.03.22 00:53:02.201,0.85027,0.85038
2013.03.22 00:53:04.490,0.85027,0.8504
2013.03.22 00:53:05.030,0.85029,0.8504
2013.03.22 00:53:05.210,0.85029,0.8504
2013.03.22 00:53:06.479,0.85027,0.8504
2013.03.22 00:53:06.959,0.85027,0.8504
2013.03.22 00:53:08.909,0.85028,0.8504
2013.03.22 00:53:19.619,0.85028,0.8504
2013.03.22 00:53:22.800,0.85028,0.8504
2013.03.22 00:53:22.871,0.85028,0.85042
2013.03.22 00:53:23.121,0.85028,0.85042
2013.03.22 00:53:23.524,0.85029,0.85044
2013.03.22 00:53:23.651,0.85029,0.85044
2013.03.22 00:53:23.840,0.85028,0.8504
2013.03.22 00:53:24.341,0.85027,0.8504
2013.03.22 00:53:26.509,0.85027,0.8504
2013.03.22 00:53:27.741,0.85029,0.85042
2013.03.22 00:53:28.249,0.85029,0.85042
2013.03.22 00:53:28.813,0.85027,0.8504
2013.03.22 00:53:29.604,0.85028,0.85043
2013.03.22 00:53:29.729,0.85029,0.85044
2013.03.22 00:53:29.981,0.85032,0.85045
2013.03.22 00:53:30.289,0.85032,0.85045
2013.03.22 00:53:30.831,0.85028,0.85042
2013.03.22 00:53:40.850,0.85028,0.85041
2013.03.22 00:53:41.399,0.85027,0.85041
2013.03.22 00:53:42.163,0.85027,0.85041
2013.03.22 00:53:45.205,0.85028,0.8504
2013.03.22 00:53:49.869,0.85028,0.8504
2013.03.22 00:54:04.641,0.85028,0.85039
2013.03.22 00:54:04.960,0.85028,0.85036
2013.03.22 00:54:05.689,0.85027,0.85036
2013.03.22 00:54:06.231,0.85023,0.85034
2013.03.22 00:54:06.300,0.8502,0.85034
2013.03.22 00:54:07.899,0.85021,0.85034
2013.03.22 00:54:08.031,0.85021,0.85035
2013.03.22 00:54:08.280,0.85025,0.85039
2013.03.22 00:54:08.400,0.85025,0.85038
2013.03.22 00:54:08.939,0.85026,0.85038
2013.03.22 00:54:09.491,0.85026,0.85038
2013.03.22 00:54:10.041,0.85026,0.85038
2013.03.22 00:54:10.906,0.85027,0.8504
2013.03.22 00:54:11.460,0.85027,0.8504
2013.03.22 00:54:17.410,0.85026,0.85039
2013.03.22 00:54:18.100,0.85024,0.85038
2013.03.22 00:54:18.410,0.85023,0.85038
2013.03.22 00:54:18.661,0.8502,0.85033
2013.03.22 00:54:19.209,0.85019,0.85032
2013.03.22 00:54:19.632,0.85021,0.85036
2013.03.22 00:54:19.760,0.85022,0.85037
2013.03.22 00:54:20.121,0.85022,0.85037
2013.03.22 00:54:20.645,0.85025,0.85037
2013.03.22 00:54:20.889,0.85025,0.85037
2013.03.22 00:54:21.251,0.85023,0.85037
2013.03.22 00:54:21.560,0.85019,0.85033
2013.03.22 00:54:22.101,0.85019,0.85033
2013.03.22 00:54:24.620,0.85019,0.85033
2013.03.22 00:54:25.149,0.8502,0.85033
2013.03.22 00:54:26.319,0.8502,0.85033
2013.03.22 00:54:26.860,0.85019,0.85033
2013.03.22 00:54:27.830,0.8502,0.85033
2013.03.22 00:54:29.209,0.85021,0.85035
2013.03.22 00:54:29.451,0.85026,0.85039
2013.03.22 00:54:32.502,0.85024,0.85039
2013.03.22 00:54:32.811,0.85024,0.85038
2013.03.22 00:54:33.420,0.85024,0.85037
2013.03.22 00:54:34.062,0.85021,0.85036
2013.03.22 00:54:39.550,0.85021,0.85037
2013.03.22 00:54:40.099,0.85024,0.85037
2013.03.22 00:54:40.645,0.85025,0.85039
2013.03.22 00:54:46.130,0.85025,0.85039
2013.03.22 00:54:56.069,0.85025,0.85039
2013.03.22 00:55:00.250,0.85028,0.85039
2013.03.22 00:55:00.322,0.85028,0.85041
2013.03.22 00:55:00.391,0.85031,0.85042
2013.03.22 00:55:00.914,0.85027,0.85042
2013.03.22 00:55:01.042,0.85027,0.85042
2013.03.22 00:55:01.452,0.85031,0.85044
2013.03.22 00:55:01.583,0.85029,0.85043
2013.03.22 00:55:02.082,0.85028,0.85043
2013.03.22 00:55:02.630,0.85028,0.85043
2013.03.22 00:55:03.189,0.85028,0.85043
2013.03.22 00:55:03.730,0.85023,0.85038
2013.03.22 00:55:03.919,0.85023,0.85037
2013.03.22 00:55:04.159,0.85023,0.85036
2013.03.22 00:55:04.642,0.85025,0.85034
2013.03.22 00:55:05.070,0.85024,0.85035
2013.03.22 00:55:05.140,0.85024,0.85035
2013.03.22 00:55:05.690,0.85022,0.85033
2013.03.22 00:55:06.170,0.85021,0.85033
2013.03.22 00:55:07.057,0.8502,0.85033
2013.03.22 00:55:08.081,0.85021,0.85035
2013.03.22 00:55:08.150,0.85021,0.85035
2013.03.22 00:55:08.699,0.85023,0.85035
2013.03.22 00:55:15.799,0.85022,0.85035
2013.03.22 00:55:16.160,0.85022,0.85035
2013.03.22 00:55:16.220,0.85023,0.85035
2013.03.22 00:55:16.770,0.85023,0.85035
2013.03.22 00:55:18.090,0.85024,0.85035
2013.03.22 00:55:20.071,0.85023,0.85034
2013.03.22 00:55:20.379,0.85022,0.85034
2013.03.22 00:55:20.920,0.85022,0.85034
2013.03.22 00:55:29.151,0.85022,0.85036
2013.03.22 00:55:29.699,0.85022,0.85036
2013.03.22 00:55:33.670,0.85025,0.85036
2013.03.22 00:55:34.421,0.85022,0.85036
2013.03.22 00:55:34.969,0.85025,0.85036
2013.03.22 00:55:40.130,0.85024,0.85034
2013.03.22 00:55:44.079,0.85023,0.85034
2013.03.22 00:55:44.320,0.85021,0.85034
2013.03.22 00:55:44.880,0.8502,0.85034
2013.03.22 00:55:45.000,0.85018,0.85032
2013.03.22 00:55:45.551,0.85018,0.85032
2013.03.22 00:55:45.620,0.85018,0.85032
2013.03.22 00:55:50.189,0.85016,0.85032
2013.03.22 00:55:50.740,0.85016,0.85032
2013.03.22 00:55:57.900,0.85016,0.85031
2013.03.22 00:56:01.259,0.85016,0.8503
2013.03.22 00:56:11.840,0.85015,0.85029
2013.03.22 00:56:16.820,0.85014,0.85027
2013.03.22 00:56:20.661,0.85012,0.85027
2013.03.22 00:56:20.971,0.85012,0.85025
2013.03.22 00:56:21.463,0.85011,0.85023
2013.03.22 00:56:21.787,0.85011,0.85023
2013.03.22 00:56:23.831,0.85011,0.85023
2013.03.22 00:56:23.959,0.85012,0.85023
2013.03.22 00:56:28.729,0.85012,0.85027
2013.03.22 00:56:30.480,0.85012,0.85027
2013.03.22 00:56:30.541,0.85013,0.85027
2013.03.22 00:56:31.089,0.85015,0.85029
2013.03.22 00:56:38.160,0.85015,0.8503
2013.03.22 00:56:44.340,0.85017,0.8503
2013.03.22 00:56:44.760,0.85017,0.8503
2013.03.22 00:56:47.420,0.85017,0.8503
2013.03.22 00:56:56.809,0.85015,0.85028
2013.03.22 00:56:57.370,0.85015,0.85029
2013.03.22 00:56:58.811,0.85015,0.85028
2013.03.22 00:56:59.013,0.85015,0.85028
2013.03.22 00:56:59.320,0.85015,0.85028
2013.03.22 00:57:08.835,0.85016,0.85029
2013.03.22 00:57:59.243,0.85016,0.85032
2013.03.22 00:57:59.909,0.8502,0.85032
2013.03.22 00:58:00.539,0.8502,0.85029
2013.03.22 00:58:02.649,0.85017,0.85029
2013.03.22 00:58:12.680,0.85019,0.85034
2013.03.22 00:58:12.742,0.85019,0.85035
2013.03.22 00:58:12.990,0.85022,0.85035
2013.03.22 00:58:13.350,0.85024,0.85036
2013.03.22 00:58:27.780,0.85024,0.85036
2013.03.22 00:58:28.391,0.85024,0.85036
2013.03.22 00:58:29.262,0.85025,0.85037
2013.03.22 00:58:29.810,0.85025,0.85038
2013.03.22 00:58:30.322,0.85027,0.85038
2013.03.22 00:58:31.466,0.85028,0.85038
2013.03.22 00:58:31.651,0.8503,0.85043
2013.03.22 00:58:31.721,0.8503,0.85045
2013.03.22 00:58:32.110,0.85033,0.85045
2013.03.22 00:58:32.779,0.85033,0.85045
2013.03.22 00:58:41.230,0.85035,0.85045
2013.03.22 00:58:46.820,0.85034,0.85046
2013.03.22 00:58:47.379,0.85036,0.85046
2013.03.22 00:58:59.040,0.85034,0.85045
2013.03.22 00:59:00.263,0.85036,0.85047
2013.03.22 00:59:02.061,0.85034,0.85045
2013.03.22 00:59:02.391,0.85034,0.85044
2013.03.22 00:59:02.969,0.85034,0.85042
2013.03.22 00:59:03.554,0.85033,0.85042
2013.03.22 00:59:04.100,0.85033,0.85043
2013.03.22 00:59:04.460,0.85033,0.85046
2013.03.22 00:59:05.011,0.85035,0.85045
2013.03.22 00:59:07.330,0.85035,0.85045
2013.03.22 00:59:09.641,0.85034,0.85046
2013.03.22 00:59:10.419,0.85034,0.85046
2013.03.22 00:59:12.880,0.85034,0.85045
2013.03.22 00:59:13.340,0.85032,0.85045
2013.03.22 00:59:14.410,0.85032,0.85045
2013.03.22 00:59:19.822,0.85032,0.85045
2013.03.22 00:59:20.492,0.85032,0.85045
2013.03.22 00:59:29.430,0.85032,0.85045
2013.03.22 00:59:29.933,0.85032,0.85045
2013.03.22 00:59:30.119,0.85032,0.85045
2013.03.22 00:59:44.930,0.85032,0.85043
2013.03.22 00:59:45.120,0.85031,0.85043
2013.03.22 00:59:45.371,0.85028,0.85041
2013.03.22 00:59:45.920,0.85028,0.85041
2013.03.22 00:59:46.099,0.85028,0.85041
2013.03.22 00:59:46.279,0.85028,0.85041
2013.03.22 00:59:47.081,0.85028,0.8504
2013.03.22 00:59:51.890,0.85028,0.85041
2013.03.22 00:59:52.191,0.85032,0.85045
2013.03.22 00:59:52.260,0.85032,0.85045
2013.03.22 00:59:52.989,0.85032,0.85046
2013.03.22 00:59:57.930,0.85031,0.85044
2013.03.22 00:59:58.051,0.85031,0.85044
2013.03.22 00:59:58.181,0.85031,0.85043
2013.03.22 00:59:58.684,0.8503,0.85042
2013.03.22 01:00:00.202,0.8503,0.85045
2013.03.22 01:00:00.271,0.85032,0.85045
2013.03.22 01:00:00.570,0.85032,0.85045
2013.03.22 01:00:01.109,0.85032,0.85045
2013.03.22 01:00:06.070,0.85037,0.85045
2013.03.22 01:00:06.730,0.85037,0.85046
2013.03.22 01:00:25.940,0.85037,0.85047
2013.03.22 01:00:31.321,0.85037,0.8505
2013.03.22 01:00:31.392,0.85038,0.85051
2013.03.22 01:00:31.941,0.85039,0.85052
2013.03.22 01:00:35.850,0.8504,0.85052
2013.03.22 01:00:36.391,0.85039,0.85051
2013.03.22 01:00:37.560,0.8504,0.85052
2013.03.22 01:00:40.622,0.8504,0.85053
2013.03.22 01:00:40.873,0.85041,0.85054
2013.03.22 01:00:41.362,0.8504,0.85053
2013.03.22 01:00:41.910,0.8504,0.85053
2013.03.22 01:00:42.816,0.8504,0.85053
2013.03.22 01:00:48.799,0.8504,0.85053
2013.03.22 01:00:50.499,0.85042,0.85054
2013.03.22 01:00:50.800,0.85042,0.85054
2013.03.22 01:00:53.610,0.85045,0.85056
2013.03.22 01:00:56.422,0.85043,0.85056
2013.03.22 01:00:57.992,0.85043,0.85055
2013.03.22 01:00:58.192,0.85043,0.85052
2013.03.22 01:01:16.139,0.85042,0.85053
2013.03.22 01:01:21.572,0.85041,0.85054
2013.03.22 01:01:21.642,0.85043,0.85058
2013.03.22 01:01:22.013,0.85045,0.85058
2013.03.22 01:01:22.564,0.85046,0.85061
2013.03.22 01:01:23.085,0.85046,0.85061
2013.03.22 01:01:23.630,0.85046,0.85061
2013.03.22 01:01:30.092,0.85045,0.85059
2013.03.22 01:01:30.640,0.85045,0.85058
2013.03.22 01:01:33.461,0.85045,0.85059
2013.03.22 01:01:36.491,0.85045,0.8506
2013.03.22 01:01:44.409,0.85045,0.8506
2013.03.22 01:01:46.361,0.85047,0.8506
2013.03.22 01:01:56.600,0.85045,0.8506
2013.03.22 01:01:57.140,0.8505,0.85062
2013.03.22 01:01:57.440,0.8505,0.85063
2013.03.22 01:01:57.560,0.8505,0.85063
2013.03.22 01:01:58.111,0.8505,0.85063
2013.03.22 01:02:03.680,0.85051,0.85064
2013.03.22 01:02:03.921,0.85053,0.85065
2013.03.22 01:02:04.121,0.85055,0.85069
2013.03.22 01:02:04.682,0.85055,0.85068
2013.03.22 01:02:05.242,0.85056,0.8507
2013.03.22 01:02:05.371,0.85058,0.85071
2013.03.22 01:02:05.630,0.85059,0.85073
2013.03.22 01:02:05.871,0.85059,0.85072
2013.03.22 01:02:06.361,0.85059,0.85071
2013.03.22 01:02:06.550,0.85051,0.85067
2013.03.22 01:02:06.671,0.85051,0.85065
2013.03.22 01:02:06.740,0.85051,0.85064
2013.03.22 01:02:07.222,0.85047,0.85061
2013.03.22 01:02:07.883,0.85047,0.8506
2013.03.22 01:02:07.960,0.85049,0.85062
2013.03.22 01:02:08.290,0.85047,0.85062
2013.03.22 01:02:10.821,0.85047,0.8506
2013.03.22 01:02:11.461,0.85046,0.8506
2013.03.22 01:02:16.481,0.85044,0.85059
2013.03.22 01:02:32.012,0.85044,0.85059
2013.03.22 01:02:32.680,0.85044,0.85059
2013.03.22 01:02:42.922,0.85044,0.85058
2013.03.22 01:02:43.670,0.85044,0.85059
2013.03.22 01:02:48.431,0.85044,0.85057
2013.03.22 01:02:59.080,0.85042,0.85057
2013.03.22 01:03:04.061,0.85041,0.85057
2013.03.22 01:03:04.372,0.8504,0.85054
2013.03.22 01:03:04.502,0.8504,0.85055
2013.03.22 01:03:04.571,0.8504,0.85053
2013.03.22 01:03:05.121,0.8504,0.85053
2013.03.22 01:03:05.371,0.85038,0.85053
2013.03.22 01:03:07.244,0.85038,0.85053
2013.03.22 01:03:07.925,0.85035,0.8505
2013.03.22 01:03:08.450,0.85036,0.8505
2013.03.22 01:03:08.642,0.85036,0.8505
2013.03.22 01:03:08.711,0.85034,0.85047
2013.03.22 01:03:08.841,0.85034,0.85047
2013.03.22 01:03:09.952,0.85037,0.85053
2013.03.22 01:03:10.500,0.85035,0.85049
2013.03.22 01:03:12.252,0.85035,0.85049
2013.03.22 01:03:12.831,0.85035,0.85049
2013.03.22 01:03:14.722,0.85035,0.85049
2013.03.22 01:03:14.975,0.85038,0.85053
2013.03.22 01:03:15.171,0.85041,0.85055
2013.03.22 01:03:15.720,0.85041,0.85056
2013.03.22 01:03:16.279,0.85041,0.85056
2013.03.22 01:03:16.820,0.85041,0.85056
2013.03.22 01:03:18.920,0.85041,0.85056
2013.03.22 01:03:19.230,0.85041,0.85055
2013.03.22 01:03:19.871,0.85041,0.85054
2013.03.22 01:03:20.191,0.85035,0.85048
2013.03.22 01:03:20.312,0.85033,0.85047
2013.03.22 01:03:20.501,0.85031,0.85047
2013.03.22 01:03:20.751,0.85032,0.85044
2013.03.22 01:03:21.300,0.85029,0.85044
2013.03.22 01:03:21.541,0.85029,0.85042
2013.03.22 01:03:21.671,0.85027,0.85041
2013.03.22 01:03:21.791,0.85027,0.85042
2013.03.22 01:03:21.851,0.85027,0.85042
2013.03.22 01:03:37.760,0.85025,0.8504
2013.03.22 01:03:37.820,0.85025,0.8504
2013.03.22 01:03:56.630,0.85029,0.85042
2013.03.22 01:04:00.401,0.85029,0.85041
2013.03.22 01:04:03.462,0.85028,0.8504
2013.03.22 01:04:03.532,0.85028,0.85039
2013.03.22 01:04:03.841,0.85023,0.85038
2013.03.22 01:04:04.091,0.85023,0.85036
2013.03.22 01:04:04.631,0.85023,0.85034
2013.03.22 01:04:05.111,0.85023,0.85036
2013.03.22 01:04:08.590,0.85023,0.85036
2013.03.22 01:04:09.152,0.85023,0.85036
2013.03.22 01:04:09.700,0.85023,0.85036
2013.03.22 01:04:11.310,0.85023,0.85035
2013.03.22 01:04:30.901,0.85023,0.85036
2013.03.22 01:04:31.451,0.85023,0.85035
2013.03.22 01:04:35.274,0.85023,0.85036
2013.03.22 01:04:35.401,0.85023,0.85036
2013.03.22 01:04:35.943,0.85022,0.85033
2013.03.22 01:04:40.541,0.85021,0.85033
2013.03.22 01:04:42.330,0.8502,0.85033
2013.03.22 01:04:52.490,0.8502,0.85032
2013.03.22 01:04:52.611,0.85021,0.85034
2013.03.22 01:04:52.852,0.85021,0.85034
2013.03.22 01:04:55.870,0.85019,0.85034
2013.03.22 01:04:55.931,0.85018,0.85031
2013.03.22 01:04:56.290,0.85018,0.8503
2013.03.22 01:04:56.351,0.85012,0.8503
2013.03.22 01:04:56.410,0.85012,0.8503
2013.03.22 01:04:56.920,0.85012,0.85028
2013.03.22 01:04:58.612,0.85013,0.85028
2013.03.22 01:04:59.110,0.85013,0.85028
2013.03.22 01:04:59.470,0.85014,0.85028
2013.03.22 01:05:00.140,0.85015,0.85029
2013.03.22 01:05:00.681,0.85015,0.85029
2013.03.22 01:05:01.220,0.85015,0.85029
2013.03.22 01:05:02.670,0.85017,0.85031
2013.03.22 01:05:03.451,0.85017,0.85031
2013.03.22 01:05:04.000,0.85017,0.85031
2013.03.22 01:05:11.942,0.85018,0.85033
2013.03.22 01:05:14.951,0.8502,0.85033
2013.03.22 01:05:15.452,0.85022,0.85034
2013.03.22 01:05:17.974,0.8502,0.85035
2013.03.22 01:05:18.642,0.85017,0.85032
2013.03.22 01:05:18.794,0.85017,0.85028
2013.03.22 01:05:18.984,0.85015,0.85028
2013.03.22 01:05:19.940,0.85013,0.85029
2013.03.22 01:05:22.461,0.85013,0.85029
2013.03.22 01:05:30.291,0.85013,0.85027
2013.03.22 01:05:32.941,0.85013,0.85026
2013.03.22 01:05:33.371,0.85011,0.85026
2013.03.22 01:05:33.490,0.85011,0.85026
2013.03.22 01:05:34.020,0.85011,0.85026
2013.03.22 01:05:35.171,0.85012,0.85027
2013.03.22 01:05:35.240,0.85012,0.85027
2013.03.22 01:05:41.241,0.85012,0.85025
2013.03.22 01:05:41.674,0.85013,0.85027
2013.03.22 01:05:41.983,0.85013,0.85028
2013.03.22 01:05:46.250,0.85013,0.85029
2013.03.22 01:05:47.421,0.85015,0.8503
2013.03.22 01:05:47.553,0.85017,0.85033
2013.03.22 01:05:47.681,0.85019,0.85033
2013.03.22 01:05:47.863,0.8502,0.85034
2013.03.22 01:05:48.410,0.8502,0.85034
2013.03.22 01:05:52.360,0.8502,0.85035
2013.03.22 01:05:52.901,0.8502,0.85034
2013.03.22 01:05:53.943,0.8502,0.85033
2013.03.22 01:05:54.913,0.8502,0.85034
2013.03.22 01:05:55.421,0.8502,0.85037
2013.03.22 01:05:55.781,0.85022,0.85037
2013.03.22 01:05:56.030,0.85022,0.85037
2013.03.22 01:05:56.811,0.85022,0.85037
2013.03.22 01:05:57.112,0.85022,0.85036
2013.03.22 01:05:58.993,0.85022,0.85034
2013.03.22 01:06:01.549,0.8502,0.85033
2013.03.22 01:06:01.671,0.85022,0.85037
2013.03.22 01:06:01.981,0.85022,0.85035
2013.03.22 01:06:04.930,0.8502,0.85032
2013.03.22 01:06:05.471,0.85017,0.8503
2013.03.22 01:06:06.020,0.85017,0.85029
2013.03.22 01:06:08.634,0.85017,0.85029
2013.03.22 01:06:09.613,0.85017,0.8503
2013.03.22 01:06:13.212,0.85017,0.8503
2013.03.22 01:06:13.761,0.85017,0.8503
2013.03.22 01:06:14.301,0.85018,0.85032
2013.03.22 01:06:14.421,0.85019,0.85032
2013.03.22 01:06:24.033,0.85019,0.85032
2013.03.22 01:06:27.597,0.85017,0.85032
2013.03.22 01:06:36.631,0.85019,0.85033
2013.03.22 01:06:37.170,0.85019,0.85034
2013.03.22 01:06:40.352,0.85019,0.85033
2013.03.22 01:06:44.706,0.85019,0.85034
2013.03.22 01:06:44.775,0.85019,0.85034
2013.03.22 01:06:45.291,0.85019,0.85034
2013.03.22 01:06:45.472,0.85019,0.85033
2013.03.22 01:06:45.660,0.85019,0.85033
2013.03.22 01:06:47.442,0.85018,0.85034
2013.03.22 01:06:47.871,0.85021,0.85036
2013.03.22 01:06:48.241,0.85023,0.85036
2013.03.22 01:06:52.512,0.85024,0.85037
2013.03.22 01:06:52.893,0.85023,0.85036
2013.03.22 01:06:53.400,0.85023,0.85036
2013.03.22 01:06:59.590,0.85023,0.85036
2013.03.22 01:07:02.036,0.85022,0.85036
2013.03.22 01:07:05.220,0.85022,0.85036
2013.03.22 01:07:07.712,0.85021,0.85035
2013.03.22 01:07:19.353,0.8502,0.85033
2013.03.22 01:07:19.901,0.8502,0.85033
2013.03.22 01:07:20.423,0.85019,0.85033
2013.03.22 01:07:20.981,0.85019,0.85034
2013.03.22 01:07:21.521,0.85019,0.85034
2013.03.22 01:07:56.874,0.85022,0.85036
2013.03.22 01:07:57.861,0.85022,0.85036
2013.03.22 01:08:04.341,0.85023,0.85036
2013.03.22 01:08:08.122,0.85023,0.85036
2013.03.22 01:08:20.752,0.8502,0.85035
2013.03.22 01:08:21.720,0.85023,0.85036
2013.03.22 01:08:22.283,0.85022,0.85036
2013.03.22 01:08:22.801,0.85022,0.85035
2013.03.22 01:08:36.722,0.85023,0.85036
2013.03.22 01:08:40.822,0.85023,0.85036
2013.03.22 01:08:41.023,0.85024,0.85037
2013.03.22 01:08:42.422,0.85024,0.85037
2013.03.22 01:08:45.700,0.85025,0.85037
2013.03.22 01:08:55.433,0.85024,0.85036
2013.03.22 01:09:01.220,0.85025,0.85036
2013.03.22 01:09:01.761,0.85025,0.85037
2013.03.22 01:09:16.801,0.85025,0.85037
2013.03.22 01:09:17.342,0.85025,0.85039
2013.03.22 01:09:21.940,0.85026,0.85039
2013.03.22 01:09:33.385,0.85025,0.85038
2013.03.22 01:09:34.503,0.85025,0.85038
2013.03.22 01:09:34.811,0.85025,0.85038
2013.03.22 01:09:38.563,0.85025,0.85037
2013.03.22 01:09:55.391,0.85024,0.85038
2013.03.22 01:10:03.771,0.85023,0.85036
2013.03.22 01:10:03.891,0.85023,0.85036
2013.03.22 01:10:08.402,0.85023,0.85036
2013.03.22 01:10:11.133,0.85023,0.85035
2013.03.22 01:10:11.264,0.85021,0.85034
2013.03.22 01:10:11.333,0.8502,0.85034
2013.03.22 01:10:11.582,0.85019,0.85033
2013.03.22 01:10:11.902,0.85019,0.85031
2013.03.22 01:10:12.451,0.85019,0.8503
2013.03.22 01:10:12.691,0.85019,0.85032
2013.03.22 01:10:12.991,0.85019,0.85032
2013.03.22 01:10:15.225,0.85019,0.85032
2013.03.22 01:10:15.788,0.8502,0.85032
2013.03.22 01:10:16.511,0.8502,0.85035
2013.03.22 01:10:16.871,0.8502,0.85035
2013.03.22 01:10:17.412,0.85023,0.85035
2013.03.22 01:10:17.954,0.85022,0.85035
2013.03.22 01:10:18.143,0.85022,0.85035
2013.03.22 01:10:18.661,0.85022,0.85034
2013.03.22 01:10:22.080,0.85021,0.85034
2013.03.22 01:10:23.041,0.85023,0.85034
2013.03.22 01:10:23.501,0.85023,0.85033
2013.03.22 01:10:23.862,0.85021,0.85032
2013.03.22 01:10:24.381,0.85021,0.85033
2013.03.22 01:10:25.051,0.85021,0.85033
2013.03.22 01:10:25.591,0.85021,0.85032
2013.03.22 01:10:25.951,0.85019,0.85031
2013.03.22 01:10:26.511,0.85019,0.85033
2013.03.22 01:10:26.646,0.85019,0.85031
2013.03.22 01:10:27.172,0.85019,0.85032
2013.03.22 01:10:27.721,0.85019,0.85033
2013.03.22 01:10:28.262,0.85019,0.85032
2013.03.22 01:10:33.591,0.85019,0.85032
2013.03.22 01:10:33.771,0.8502,0.85034
2013.03.22 01:10:34.330,0.85021,0.85034
2013.03.22 01:10:40.722,0.8502,0.85034
2013.03.22 01:10:40.791,0.8502,0.85034
2013.03.22 01:10:40.912,0.85017,0.85028
2013.03.22 01:10:40.981,0.85016,0.85028
2013.03.22 01:10:41.282,0.85019,0.85031
2013.03.22 01:10:41.531,0.85017,0.85029
2013.03.22 01:10:41.712,0.8502,0.85029
2013.03.22 01:10:41.781,0.8502,0.85032
2013.03.22 01:10:41.900,0.85016,0.85027
2013.03.22 01:10:41.961,0.85014,0.85024
2013.03.22 01:10:42.212,0.85012,0.85026
2013.03.22 01:10:42.461,0.85011,0.85024
2013.03.22 01:10:42.601,0.85011,0.85024
2013.03.22 01:10:42.720,0.85007,0.85022
2013.03.22 01:10:42.781,0.85007,0.85022
2013.03.22 01:10:43.321,0.85007,0.85022
2013.03.22 01:10:43.952,0.85008,0.85022
2013.03.22 01:10:44.420,0.85008,0.85022
2013.03.22 01:10:55.110,0.85006,0.8502
2013.03.22 01:10:55.230,0.85004,0.85018
2013.03.22 01:10:55.352,0.85004,0.85017
2013.03.22 01:10:55.420,0.85004,0.85017
2013.03.22 01:10:55.960,0.85004,0.85017
2013.03.22 01:10:56.502,0.85004,0.85017
2013.03.22 01:10:58.202,0.85001,0.85014
2013.03.22 01:10:58.741,0.84999,0.85011
2013.03.22 01:10:58.861,0.84999,0.85014
2013.03.22 01:10:58.983,0.84999,0.85014
2013.03.22 01:10:59.516,0.85001,0.85014
2013.03.22 01:11:00.071,0.84999,0.85014
2013.03.22 01:11:05.955,0.85,0.85015
2013.03.22 01:11:06.163,0.85001,0.85015
2013.03.22 01:11:11.421,0.85003,0.85016
2013.03.22 01:11:11.483,0.85003,0.85016
2013.03.22 01:11:12.001,0.85003,0.85016
2013.03.22 01:11:28.271,0.85002,0.85016
2013.03.22 01:11:36.014,0.85002,0.85018
2013.03.22 01:11:36.202,0.85005,0.85018
2013.03.22 01:11:36.272,0.85006,0.85019
2013.03.22 01:11:36.582,0.8501,0.85022
2013.03.22 01:11:36.822,0.85012,0.85023
2013.03.22 01:11:36.953,0.85013,0.85028
2013.03.22 01:11:37.155,0.85016,0.85024
2013.03.22 01:11:38.384,0.85012,0.85024
2013.03.22 01:11:39.782,0.85013,0.85023
2013.03.22 01:11:47.162,0.85012,0.85023
2013.03.22 01:11:59.532,0.85012,0.85023
2013.03.22 01:12:10.943,0.8501,0.85023
2013.03.22 01:12:18.492,0.85011,0.85023
2013.03.22 01:12:21.811,0.85011,0.85022
2013.03.22 01:12:28.732,0.85011,0.85023
2013.03.22 01:12:29.838,0.8501,0.85022
2013.03.22 01:12:30.603,0.8501,0.85024
2013.03.22 01:12:30.793,0.8501,0.85023
2013.03.22 01:12:34.387,0.8501,0.85023
2013.03.22 01:12:34.452,0.8501,0.85023
2013.03.22 01:12:37.102,0.85012,0.85023
2013.03.22 01:12:40.426,0.85011,0.8502
2013.03.22 01:12:40.671,0.85009,0.8502
2013.03.22 01:12:40.732,0.85007,0.8502
2013.03.22 01:12:40.863,0.85005,0.85019
2013.03.22 01:12:41.173,0.85003,0.85016
2013.03.22 01:12:41.248,0.85002,0.85011
2013.03.22 01:12:41.374,0.84995,0.85009
2013.03.22 01:12:41.623,0.84994,0.85009
2013.03.22 01:12:41.691,0.84994,0.85007
2013.03.22 01:12:42.051,0.84988,0.85002
2013.03.22 01:12:42.367,0.84987,0.84999
2013.03.22 01:12:42.432,0.84986,0.84999
2013.03.22 01:12:42.552,0.84985,0.84999
2013.03.22 01:12:42.623,0.84983,0.84996
2013.03.22 01:12:42.872,0.84982,0.84996
2013.03.22 01:12:43.113,0.84982,0.84994
2013.03.22 01:12:43.301,0.84981,0.84994
2013.03.22 01:12:43.481,0.84981,0.84994
2013.03.22 01:12:45.023,0.8498,0.84995
2013.03.22 01:12:45.571,0.84979,0.84993
2013.03.22 01:12:46.120,0.84981,0.84996
2013.03.22 01:12:46.552,0.84981,0.84996
2013.03.22 01:12:58.992,0.84983,0.84996
2013.03.22 01:12:59.231,0.84983,0.84997
2013.03.22 01:13:00.162,0.84983,0.84998
2013.03.22 01:13:00.713,0.84985,0.84998
2013.03.22 01:13:01.230,0.84985,0.84998
2013.03.22 01:13:05.612,0.84986,0.85
2013.03.22 01:13:09.231,0.84987,0.85001
2013.03.22 01:13:14.711,0.84989,0.85003
2013.03.22 01:13:15.253,0.84992,0.85002
2013.03.22 01:13:15.871,0.84993,0.85004
2013.03.22 01:13:19.460,0.84991,0.85004
2013.03.22 01:13:19.595,0.84994,0.85007
2013.03.22 01:13:19.934,0.84994,0.85008
2013.03.22 01:13:20.912,0.84995,0.85008
2013.03.22 01:13:21.983,0.84995,0.85009
2013.03.22 01:13:22.533,0.84998,0.85009
2013.03.22 01:13:24.085,0.84994,0.85009
2013.03.22 01:13:24.591,0.84994,0.85008
2013.03.22 01:13:28.712,0.84994,0.85008
2013.03.22 01:13:28.832,0.84994,0.85008
2013.03.22 01:13:32.082,0.84995,0.85008
2013.03.22 01:13:32.631,0.84995,0.85009
2013.03.22 01:13:59.302,0.84995,0.85008
2013.03.22 01:14:00.133,0.84995,0.85008
2013.03.22 01:14:01.594,0.84994,0.85008
2013.03.22 01:14:03.923,0.84994,0.85007
2013.03.22 01:14:04.481,0.84994,0.85007
2013.03.22 01:14:04.993,0.84994,0.85007
2013.03.22 01:14:05.544,0.84991,0.85006
2013.03.22 01:14:08.061,0.84991,0.85006
2013.03.22 01:14:14.391,0.84992,0.85005
2013.03.22 01:14:14.454,0.84992,0.85008
2013.03.22 01:14:14.654,0.84992,0.85007
2013.03.22 01:14:18.901,0.84993,0.85007
2013.03.22 01:14:29.113,0.84992,0.85007
2013.03.22 01:14:35.035,0.84992,0.85007
2013.03.22 01:14:35.590,0.84992,0.85007
2013.03.22 01:14:46.749,0.84992,0.85007
2013.03.22 01:14:47.301,0.84992,0.85007
2013.03.22 01:14:47.602,0.84993,0.85007
2013.03.22 01:14:48.121,0.84993,0.85007
2013.03.22 01:14:55.079,0.84992,0.85007
2013.03.22 01:15:03.351,0.84995,0.85008
2013.03.22 01:15:06.095,0.84994,0.85008
2013.03.22 01:15:07.291,0.84994,0.85008
2013.03.22 01:15:17.412,0.84995,0.85008
2013.03.22 01:15:17.547,0.84995,0.85007
2013.03.22 01:15:18.213,0.84998,0.85008
2013.03.22 01:15:19.381,0.84999,0.85008
2013.03.22 01:15:19.921,0.84999,0.85009
2013.03.22 01:15:20.281,0.84998,0.85008
2013.03.22 01:15:20.811,0.84998,0.85009
2013.03.22 01:15:20.931,0.84998,0.85009
2013.03.22 01:15:21.213,0.84998,0.85008
2013.03.22 01:15:21.402,0.84997,0.85009
2013.03.22 01:15:21.701,0.84992,0.85007
2013.03.22 01:15:21.881,0.84992,0.85007
2013.03.22 01:15:22.421,0.84992,0.85007
2013.03.22 01:15:23.681,0.84992,0.85007
2013.03.22 01:15:28.862,0.84992,0.85007
2013.03.22 01:15:28.983,0.84991,0.85006
2013.03.22 01:15:29.531,0.8499,0.85006
2013.03.22 01:15:31.882,0.84993,0.85006
2013.03.22 01:15:38.112,0.84991,0.85006
2013.03.22 01:15:38.592,0.84991,0.85006
2013.03.22 01:15:38.972,0.84991,0.85005
2013.03.22 01:15:42.003,0.84993,0.85005
2013.03.22 01:15:42.329,0.84993,0.85007
2013.03.22 01:15:42.454,0.84995,0.85007
2013.03.22 01:15:43.002,0.84995,0.85007
2013.03.22 01:15:47.703,0.84992,0.85007
2013.03.22 01:15:47.953,0.84991,0.85005
2013.03.22 01:15:48.262,0.84991,0.85004
2013.03.22 01:16:02.122,0.84992,0.85007
2013.03.22 01:16:03.082,0.84993,0.85007
2013.03.22 01:16:07.363,0.84993,0.85007
2013.03.22 01:16:11.941,0.84993,0.85007
2013.03.22 01:16:12.121,0.84992,0.85007
2013.03.22 01:16:14.002,0.84992,0.85006
2013.03.22 01:16:22.791,0.84991,0.85006
2013.03.22 01:16:23.311,0.84991,0.85005
2013.03.22 01:16:25.062,0.84991,0.85004
2013.03.22 01:16:25.451,0.84991,0.85004
2013.03.22 01:16:25.631,0.84991,0.85004
2013.03.22 01:16:25.932,0.84991,0.85004
2013.03.22 01:16:25.991,0.84991,0.85003
2013.03.22 01:16:26.661,0.84991,0.85002
2013.03.22 01:16:27.471,0.84991,0.85004
2013.03.22 01:16:28.192,0.84991,0.85002
2013.03.22 01:16:28.981,0.84991,0.85004
2013.03.22 01:16:29.701,0.84991,0.85002
2013.03.22 01:16:30.360,0.84991,0.85003
2013.03.22 01:16:31.201,0.84991,0.85002
2013.03.22 01:16:31.682,0.84991,0.85003
2013.03.22 01:16:31.802,0.84991,0.85002
2013.03.22 01:16:32.412,0.84991,0.85003
2013.03.22 01:16:33.731,0.84991,0.85002
2013.03.22 01:16:34.271,0.84991,0.85002
2013.03.22 01:16:34.811,0.84991,0.85002
2013.03.22 01:16:35.452,0.84991,0.85004
2013.03.22 01:16:36.661,0.84991,0.85002
2013.03.22 01:16:37.461,0.84991,0.85003
2013.03.22 01:16:40.854,0.84991,0.85002
2013.03.22 01:16:41.412,0.84991,0.85003
2013.03.22 01:16:42.191,0.84991,0.85002
2013.03.22 01:16:42.732,0.84991,0.85002
2013.03.22 01:16:43.283,0.84991,0.85002
2013.03.22 01:16:45.363,0.84991,0.85004
2013.03.22 01:16:46.681,0.84991,0.85002
2013.03.22 01:16:47.214,0.84991,0.85002
2013.03.22 01:16:55.571,0.84991,0.85002
2013.03.22 01:16:57.533,0.84987,0.85
2013.03.22 01:16:57.661,0.84985,0.84999
2013.03.22 01:16:58.204,0.84985,0.84999
2013.03.22 01:16:58.781,0.84983,0.84997
2013.03.22 01:16:59.343,0.84983,0.84999
2013.03.22 01:16:59.851,0.84983,0.84998
2013.03.22 01:17:01.025,0.84986,0.84997
2013.03.22 01:17:01.513,0.84987,0.85
2013.03.22 01:17:01.822,0.84987,0.85
2013.03.22 01:17:02.433,0.84987,0.84999
2013.03.22 01:17:02.741,0.84981,0.84997
2013.03.22 01:17:02.802,0.8498,0.84995
2013.03.22 01:17:03.052,0.84978,0.84994
2013.03.22 01:17:03.122,0.84978,0.84994
2013.03.22 01:17:03.433,0.84977,0.84988
2013.03.22 01:17:03.801,0.84974,0.84988
2013.03.22 01:17:03.981,0.84974,0.84988
2013.03.22 01:17:04.531,0.84974,0.84988
2013.03.22 01:17:04.591,0.84974,0.84988
2013.03.22 01:17:05.293,0.84976,0.8499
2013.03.22 01:17:05.663,0.8498,0.8499
2013.03.22 01:17:05.972,0.8498,0.84993
2013.03.22 01:17:06.524,0.84982,0.84994
2013.03.22 01:17:07.311,0.84984,0.84994
2013.03.22 01:17:11.737,0.84983,0.84994
2013.03.22 01:17:11.932,0.84983,0.84994
2013.03.22 01:17:12.492,0.84984,0.84994
2013.03.22 01:17:13.597,0.84984,0.84994
2013.03.22 01:17:14.063,0.84982,0.84994
2013.03.22 01:17:14.322,0.84979,0.84993
2013.03.22 01:17:14.442,0.84979,0.8499
2013.03.22 01:17:14.752,0.84979,0.84992
2013.03.22 01:17:14.822,0.84979,0.84992
2013.03.22 01:17:15.018,0.84979,0.8499
2013.03.22 01:17:15.381,0.84979,0.84991
2013.03.22 01:17:15.933,0.84981,0.84993
2013.03.22 01:17:20.501,0.84978,0.84992
2013.03.22 01:17:24.663,0.84978,0.84991
2013.03.22 01:17:27.332,0.84981,0.84991
2013.03.22 01:17:27.963,0.84979,0.84991
2013.03.22 01:17:29.773,0.84979,0.84991
2013.03.22 01:17:30.322,0.8498,0.84991
2013.03.22 01:17:31.443,0.8498,0.84993
2013.03.22 01:17:32.303,0.84981,0.84994
2013.03.22 01:17:32.563,0.84984,0.84994
2013.03.22 01:17:32.636,0.84985,0.84994
2013.03.22 01:17:33.064,0.84987,0.84997
2013.03.22 01:17:33.134,0.84989,0.85
2013.03.22 01:17:33.632,0.84988,0.85001
2013.03.22 01:17:34.134,0.84988,0.85001
2013.03.22 01:17:34.666,0.84988,0.85001
2013.03.22 01:17:36.691,0.84988,0.85002
2013.03.22 01:17:38.271,0.84989,0.85003
2013.03.22 01:17:38.861,0.84989,0.85003
2013.03.22 01:17:39.791,0.84988,0.85003
2013.03.22 01:17:39.934,0.84987,0.85003
2013.03.22 01:17:40.006,0.84987,0.85002
2013.03.22 01:17:40.397,0.84987,0.85001
2013.03.22 01:17:40.463,0.84987,0.85002
2013.03.22 01:17:41.012,0.84987,0.85001
2013.03.22 01:17:42.122,0.84987,0.85002
2013.03.22 01:17:42.242,0.8499,0.85006
2013.03.22 01:17:42.313,0.8499,0.85006
2013.03.22 01:17:42.621,0.84992,0.85008
2013.03.22 01:17:43.161,0.84996,0.85009
2013.03.22 01:17:43.641,0.84997,0.85011
2013.03.22 01:17:43.953,0.8499,0.85006
2013.03.22 01:17:44.442,0.8499,0.85004
2013.03.22 01:17:45.000,0.8499,0.85004
2013.03.22 01:17:49.721,0.8499,0.85003
2013.03.22 01:17:50.151,0.84989,0.85001
2013.03.22 01:17:56.741,0.8499,0.85002
2013.03.22 01:17:57.270,0.84989,0.85002
2013.03.22 01:17:58.172,0.84992,0.85002
2013.03.22 01:17:58.411,0.8499,0.85002
2013.03.22 01:17:58.472,0.84989,0.85002
2013.03.22 01:17:59.051,0.84989,0.85002
2013.03.22 01:17:59.592,0.84989,0.85002
2013.03.22 01:17:59.953,0.84989,0.85003
2013.03.22 01:18:00.502,0.84989,0.85003
2013.03.22 01:18:07.404,0.8499,0.85003
2013.03.22 01:18:08.129,0.8499,0.85003
2013.03.22 01:18:09.731,0.84988,0.85003
2013.03.22 01:18:16.322,0.84987,0.85001
2013.03.22 01:18:17.306,0.84987,0.85
2013.03.22 01:18:17.433,0.84987,0.84999
2013.03.22 01:18:20.982,0.84987,0.85
2013.03.22 01:18:21.163,0.84983,0.85
2013.03.22 01:18:21.721,0.84983,0.85
2013.03.22 01:18:27.241,0.84984,0.84999
2013.03.22 01:18:27.661,0.84984,0.84999
2013.03.22 01:18:30.943,0.84985,0.84999
2013.03.22 01:18:31.741,0.84983,0.84998
2013.03.22 01:18:32.853,0.84985,0.84999
2013.03.22 01:18:33.281,0.84986,0.84999
2013.03.22 01:18:57.121,0.84985,0.84999
2013.03.22 01:18:57.665,0.84984,0.84997
2013.03.22 01:18:58.539,0.84984,0.84997
2013.03.22 01:19:05.401,0.84984,0.84998
2013.03.22 01:19:08.841,0.84984,0.84998
2013.03.22 01:19:08.902,0.84984,0.84998
2013.03.22 01:19:09.441,0.84983,0.84996
2013.03.22 01:19:10.553,0.84984,0.84997
2013.03.22 01:19:10.674,0.84987,0.85
2013.03.22 01:19:11.222,0.84987,0.85
2013.03.22 01:19:11.343,0.84987,0.85
2013.03.22 01:19:11.892,0.84987,0.85
2013.03.22 01:19:12.931,0.84987,0.84999
2013.03.22 01:19:13.524,0.84987,0.84999
2013.03.22 01:19:14.190,0.84987,0.84998
2013.03.22 01:19:18.474,0.84988,0.85002
2013.03.22 01:19:18.541,0.84988,0.85002
2013.03.22 01:19:18.601,0.84988,0.85002
2013.03.22 01:19:18.662,0.8499,0.85003
2013.03.22 01:19:19.212,0.84992,0.85005
2013.03.22 01:19:19.393,0.84992,0.85005
2013.03.22 01:19:19.522,0.84993,0.85009
2013.03.22 01:19:19.641,0.84993,0.85007
2013.03.22 01:19:22.212,0.84994,0.85009
2013.03.22 01:19:23.833,0.84994,0.85009
2013.03.22 01:19:24.381,0.84993,0.85007
2013.03.22 01:19:29.090,0.84993,0.85004
2013.03.22 01:19:29.212,0.84989,0.85004
2013.03.22 01:19:29.332,0.84988,0.85004
2013.03.22 01:19:29.391,0.8499,0.85004
2013.03.22 01:19:29.692,0.84992,0.85006
2013.03.22 01:19:29.993,0.84991,0.85005
2013.03.22 01:19:30.301,0.84992,0.85007
2013.03.22 01:19:30.541,0.84991,0.85007
2013.03.22 01:19:31.222,0.84992,0.85008
2013.03.22 01:19:31.533,0.8499,0.85005
2013.03.22 01:19:31.605,0.84988,0.85005
2013.03.22 01:19:31.684,0.84988,0.85005
2013.03.22 01:19:31.932,0.84988,0.85003
2013.03.22 01:19:32.111,0.84988,0.85003
2013.03.22 01:19:32.918,0.84988,0.85003
2013.03.22 01:19:32.987,0.84988,0.85003
2013.03.22 01:19:34.232,0.84988,0.85003
2013.03.22 01:19:35.421,0.84988,0.85003
2013.03.22 01:19:35.962,0.84988,0.85003
2013.03.22 01:19:36.322,0.84988,0.85001
2013.03.22 01:19:36.702,0.84988,0.85002
2013.03.22 01:19:37.213,0.84988,0.85002
2013.03.22 01:19:38.392,0.8499,0.85004
2013.03.22 01:19:38.522,0.8499,0.85004
2013.03.22 01:19:38.651,0.8499,0.85004
2013.03.22 01:19:51.172,0.8499,0.85002
2013.03.22 01:19:51.812,0.84988,0.85002
2013.03.22 01:19:54.254,0.84986,0.85001
2013.03.22 01:19:54.801,0.84986,0.85
2013.03.22 01:19:57.233,0.84987,0.85001
2013.03.22 01:19:57.809,0.84987,0.85001
2013.03.22 01:19:58.365,0.84987,0.85001
2013.03.22 01:19:59.301,0.84986,0.85001
2013.03.22 01:19:59.811,0.84986,0.85001
2013.03.22 01:20:00.543,0.84987,0.85001
2013.03.22 01:20:01.703,0.84989,0.85003
2013.03.22 01:20:01.964,0.8499,0.85004
2013.03.22 01:20:02.094,0.84989,0.85005
2013.03.22 01:20:02.641,0.84989,0.85004
2013.03.22 01:20:16.621,0.84988,0.85001
2013.03.22 01:20:24.164,0.84988,0.85002
2013.03.22 01:20:25.192,0.84989,0.85002
2013.03.22 01:20:30.182,0.84988,0.85002
2013.03.22 01:20:33.651,0.84988,0.85001
2013.03.22 01:20:34.732,0.84988,0.85001
2013.03.22 01:20:34.862,0.84988,0.85002
2013.03.22 01:20:35.981,0.84988,0.85001
2013.03.22 01:20:41.012,0.84988,0.85002
2013.03.22 01:20:41.604,0.84988,0.85002
2013.03.22 01:20:54.272,0.84987,0.85002
2013.03.22 01:21:00.981,0.84987,0.85001
2013.03.22 01:21:06.193,0.8499,0.85002
2013.03.22 01:21:06.263,0.84991,0.85002
2013.03.22 01:21:06.394,0.84992,0.85003
2013.03.22 01:21:06.523,0.84992,0.85007
2013.03.22 01:21:06.831,0.84992,0.85006
2013.03.22 01:21:12.902,0.84992,0.85005
2013.03.22 01:21:20.351,0.84992,0.85005
2013.03.22 01:21:20.711,0.84992,0.85003
2013.03.22 01:21:20.972,0.84991,0.85
2013.03.22 01:21:21.402,0.84991,0.85
2013.03.22 01:21:21.641,0.84991,0.85
2013.03.22 01:21:22.215,0.84991,0.85
2013.03.22 01:21:28.221,0.8499,0.85
2013.03.22 01:21:31.943,0.8499,0.85
2013.03.22 01:21:32.012,0.8499,0.85
2013.03.22 01:21:32.553,0.8499,0.85
2013.03.22 01:21:33.533,0.8499,0.85
2013.03.22 01:21:33.712,0.8499,0.85002
2013.03.22 01:21:34.263,0.8499,0.85004
2013.03.22 01:21:35.175,0.8499,0.85003
2013.03.22 01:21:37.801,0.8499,0.85002
2013.03.22 01:21:41.913,0.84992,0.85003
2013.03.22 01:21:43.521,0.84992,0.85004
2013.03.22 01:21:50.161,0.84992,0.85004
2013.03.22 01:21:50.642,0.84993,0.85006
2013.03.22 01:21:51.151,0.84995,0.85008
2013.03.22 01:21:51.572,0.84995,0.85008
2013.03.22 01:21:52.872,0.84994,0.85008
2013.03.22 01:21:53.413,0.84994,0.85006
2013.03.22 01:21:53.973,0.84994,0.85006
2013.03.22 01:21:56.632,0.84994,0.85008
2013.03.22 01:22:00.252,0.84995,0.85008
2013.03.22 01:22:00.677,0.84997,0.85011
2013.03.22 01:22:01.276,0.84997,0.85011
2013.03.22 01:22:01.352,0.85001,0.85011
2013.03.22 01:22:02.435,0.85001,0.85011
2013.03.22 01:22:05.273,0.85001,0.85011
2013.03.22 01:22:12.645,0.85002,0.85011
2013.03.22 01:22:13.192,0.85001,0.85012
2013.03.22 01:22:18.692,0.85001,0.85012
2013.03.22 01:22:31.242,0.84998,0.85012
2013.03.22 01:22:31.363,0.84998,0.85011
2013.03.22 01:22:38.392,0.84997,0.85011
2013.03.22 01:22:42.135,0.84998,0.85012
2013.03.22 01:22:42.833,0.84999,0.85013
2013.03.22 01:22:43.508,0.84999,0.85013
2013.03.22 01:22:46.226,0.85,0.85013
2013.03.22 01:22:46.734,0.85001,0.85012
2013.03.22 01:22:53.331,0.85001,0.85015
2013.03.22 01:22:53.452,0.85001,0.85013
2013.03.22 01:22:53.572,0.84999,0.85014
2013.03.22 01:22:54.112,0.84999,0.85013
2013.03.22 01:22:57.703,0.84999,0.85011
2013.03.22 01:22:58.252,0.84999,0.85011
2013.03.22 01:22:58.825,0.84999,0.85012
2013.03.22 01:23:06.433,0.84997,0.8501
2013.03.22 01:23:07.051,0.84997,0.8501
2013.03.22 01:23:08.056,0.84997,0.8501
2013.03.22 01:23:14.952,0.84997,0.8501
2013.03.22 01:23:15.632,0.84997,0.85012
2013.03.22 01:23:58.504,0.84998,0.85015
2013.03.22 01:24:05.493,0.85,0.85016
2013.03.22 01:24:17.106,0.85,0.85013
2013.03.22 01:24:17.493,0.85,0.85013
2013.03.22 01:24:36.293,0.84998,0.85011
2013.03.22 01:24:36.422,0.84996,0.85011
2013.03.22 01:24:36.485,0.84996,0.85009
2013.03.22 01:24:36.673,0.84996,0.85008
2013.03.22 01:24:37.034,0.84993,0.85006
2013.03.22 01:24:37.102,0.84994,0.85005
2013.03.22 01:24:37.342,0.84991,0.85004
2013.03.22 01:24:38.662,0.84991,0.85003
2013.03.22 01:24:49.992,0.8499,0.85002
2013.03.22 01:24:52.076,0.84989,0.85001
2013.03.22 01:24:52.622,0.84989,0.85001
2013.03.22 01:24:53.043,0.84987,0.85003
2013.03.22 01:24:53.583,0.8499,0.85002
2013.03.22 01:24:54.323,0.8499,0.85003
2013.03.22 01:24:54.442,0.8499,0.85004
2013.03.22 01:24:54.502,0.8499,0.85004
2013.03.22 01:24:55.003,0.8499,0.85004
2013.03.22 01:24:56.763,0.8499,0.85005
2013.03.22 01:24:57.191,0.8499,0.85003
2013.03.22 01:24:59.323,0.8499,0.85003
2013.03.22 01:24:59.874,0.8499,0.85002
2013.03.22 01:25:00.194,0.8499,0.85005
2013.03.22 01:25:00.749,0.8499,0.85004
2013.03.22 01:25:02.375,0.8499,0.85003
2013.03.22 01:25:04.464,0.8499,0.85004
2013.03.22 01:25:14.152,0.84991,0.85004
2013.03.22 01:25:16.025,0.84991,0.85005
2013.03.22 01:25:16.229,0.84991,0.85006
2013.03.22 01:25:16.674,0.84994,0.85006
2013.03.22 01:25:17.102,0.84994,0.85006
2013.03.22 01:25:23.454,0.84993,0.85007
2013.03.22 01:25:23.943,0.84993,0.85006
2013.03.22 01:25:24.183,0.84992,0.85005
2013.03.22 01:25:24.722,0.84992,0.85003
2013.03.22 01:25:25.353,0.84992,0.85004
2013.03.22 01:25:26.527,0.84991,0.85007
2013.03.22 01:25:27.095,0.84992,0.85007
2013.03.22 01:25:27.649,0.84992,0.85007
2013.03.22 01:25:28.743,0.84992,0.85006
2013.03.22 01:25:28.862,0.84991,0.85007
2013.03.22 01:25:31.884,0.84991,0.85005
2013.03.22 01:25:33.923,0.84991,0.85005
2013.03.22 01:25:34.721,0.84991,0.85005
2013.03.22 01:25:35.133,0.84993,0.85006
2013.03.22 01:25:36.844,0.84993,0.85006
2013.03.22 01:25:37.373,0.84991,0.85006
2013.03.22 01:25:37.492,0.84991,0.85005
2013.03.22 01:25:46.193,0.84991,0.85005
2013.03.22 01:26:08.082,0.8499,0.85005
2013.03.22 01:26:08.445,0.8499,0.85005
2013.03.22 01:26:09.173,0.84988,0.85003
2013.03.22 01:26:10.452,0.84988,0.85003
2013.03.22 01:26:27.824,0.84987,0.85002
2013.03.22 01:26:28.014,0.84988,0.85003
2013.03.22 01:26:28.593,0.8499,0.85003
2013.03.22 01:26:30.074,0.84991,0.85004
2013.03.22 01:26:30.505,0.84992,0.85005
2013.03.22 01:26:36.373,0.84992,0.85005
2013.03.22 01:26:37.633,0.84992,0.85005
2013.03.22 01:26:47.975,0.84991,0.85004
2013.03.22 01:27:13.774,0.84991,0.85005
2013.03.22 01:27:14.333,0.8499,0.85005
2013.03.22 01:27:15.342,0.8499,0.85003
2013.03.22 01:27:18.385,0.84992,0.85005
2013.03.22 01:27:18.892,0.84992,0.85005
2013.03.22 01:27:22.003,0.84993,0.85005
2013.03.22 01:27:22.124,0.84993,0.85006
2013.03.22 01:27:24.035,0.84993,0.85008
2013.03.22 01:27:24.582,0.84995,0.8501
2013.03.22 01:27:24.703,0.84995,0.85008
2013.03.22 01:27:31.169,0.84996,0.8501
2013.03.22 01:27:31.373,0.84994,0.85008
2013.03.22 01:27:31.695,0.84994,0.85007
2013.03.22 01:27:31.954,0.84996,0.85009
2013.03.22 01:27:32.382,0.84996,0.85011
2013.03.22 01:27:43.044,0.84995,0.85009
2013.03.22 01:27:45.485,0.84995,0.85009
2013.03.22 01:27:45.615,0.84993,0.85008
2013.03.22 01:27:46.163,0.84992,0.85007
2013.03.22 01:27:46.522,0.84992,0.85006
2013.03.22 01:27:47.687,0.84991,0.85005
2013.03.22 01:27:50.443,0.84989,0.85004
2013.03.22 01:27:52.653,0.8499,0.85004
2013.03.22 01:27:53.193,0.84992,0.85005
2013.03.22 01:27:54.595,0.84992,0.85005
2013.03.22 01:27:54.904,0.84994,0.85007
2013.03.22 01:28:00.123,0.84994,0.85007
2013.03.22 01:28:01.574,0.84992,0.85005
2013.03.22 01:28:04.644,0.8499,0.85005
2013.03.22 01:28:05.203,0.84991,0.85004
2013.03.22 01:28:05.857,0.84991,0.85004
2013.03.22 01:28:15.835,0.84992,0.85008
2013.03.22 01:28:16.382,0.84995,0.85009
2013.03.22 01:28:16.943,0.84995,0.85008
2013.03.22 01:28:18.846,0.84995,0.85008
2013.03.22 01:28:18.915,0.84995,0.85008
2013.03.22 01:28:19.284,0.84995,0.85008
2013.03.22 01:28:20.022,0.84995,0.85008
2013.03.22 01:28:20.615,0.84995,0.85009
2013.03.22 01:28:20.803,0.84997,0.8501
2013.03.22 01:28:20.935,0.84997,0.8501
2013.03.22 01:28:24.882,0.84996,0.85009
2013.03.22 01:28:25.424,0.84997,0.8501
2013.03.22 01:28:25.554,0.84997,0.8501
2013.03.22 01:28:26.102,0.84998,0.8501
2013.03.22 01:28:38.622,0.84998,0.85011
2013.03.22 01:28:39.164,0.84996,0.8501
2013.03.22 01:28:39.593,0.84995,0.8501
2013.03.22 01:28:52.933,0.84995,0.85008
2013.03.22 01:28:54.143,0.84995,0.85008
2013.03.22 01:28:59.454,0.84993,0.85006
2013.03.22 01:28:59.582,0.84993,0.85007
2013.03.22 01:29:00.412,0.84993,0.85006
2013.03.22 01:29:00.495,0.84991,0.85006
2013.03.22 01:29:01.033,0.84991,0.85006
2013.03.22 01:29:01.736,0.84991,0.85006
2013.03.22 01:29:02.712,0.84991,0.85006
2013.03.22 01:29:03.273,0.84991,0.85006
2013.03.22 01:29:07.180,0.84993,0.85006
2013.03.22 01:29:20.452,0.84993,0.85006
2013.03.22 01:29:20.573,0.84993,0.85006
2013.03.22 01:29:21.132,0.84993,0.85007
2013.03.22 01:29:21.313,0.84993,0.85009
2013.03.22 01:29:26.293,0.84995,0.85009
2013.03.22 01:29:26.833,0.84995,0.8501
2013.03.22 01:29:27.387,0.84994,0.85009
2013.03.22 01:29:39.063,0.84991,0.85006
2013.03.22 01:29:49.075,0.84992,0.85007
2013.03.22 01:29:57.736,0.84991,0.85006
2013.03.22 01:29:58.223,0.84991,0.85007
2013.03.22 01:29:58.642,0.84995,0.85008
2013.03.22 01:29:59.192,0.84994,0.85007
2013.03.22 01:30:17.233,0.84995,0.85008
2013.03.22 01:30:17.354,0.84995,0.85007
2013.03.22 01:30:20.104,0.84995,0.85008
2013.03.22 01:30:20.653,0.84995,0.85008
2013.03.22 01:30:25.063,0.84995,0.85009
2013.03.22 01:30:25.612,0.84995,0.85008
2013.03.22 01:30:26.884,0.84995,0.85009
2013.03.22 01:30:27.253,0.84997,0.85009
2013.03.22 01:30:37.563,0.84997,0.85009
2013.03.22 01:30:39.187,0.84996,0.85009
2013.03.22 01:30:39.266,0.84998,0.85012
2013.03.22 01:30:39.393,0.84998,0.85012
2013.03.22 01:30:46.323,0.84998,0.85011
2013.03.22 01:30:46.884,0.84998,0.85011
2013.03.22 01:30:47.413,0.84998,0.85011
2013.03.22 01:30:48.533,0.84996,0.85011
2013.03.22 01:30:49.073,0.84996,0.85011
2013.03.22 01:30:49.612,0.84996,0.85009
2013.03.22 01:30:50.152,0.84996,0.85009
2013.03.22 01:30:54.794,0.84997,0.85009
2013.03.22 01:30:55.343,0.84998,0.85011
2013.03.22 01:30:58.123,0.84997,0.85011
2013.03.22 01:31:01.305,0.84997,0.85011
2013.03.22 01:31:01.732,0.84994,0.85009
2013.03.22 01:31:09.513,0.84993,0.85007
2013.03.22 01:31:10.052,0.84993,0.85008
2013.03.22 01:31:10.413,0.84994,0.85006
2013.03.22 01:31:10.535,0.84994,0.85006
2013.03.22 01:31:10.722,0.84993,0.85006
2013.03.22 01:31:10.963,0.84993,0.85007
2013.03.22 01:31:11.793,0.84994,0.85008
2013.03.22 01:31:18.543,0.84993,0.85006
2013.03.22 01:31:19.632,0.84991,0.85006
2013.03.22 01:31:20.663,0.84993,0.85007
2013.03.22 01:31:20.973,0.84995,0.85006
2013.03.22 01:31:21.513,0.84994,0.85007
2013.03.22 01:31:21.984,0.84995,0.85007
2013.03.22 01:31:27.714,0.84994,0.85007
