Time,Bid,Ask
2013.03.11 00:00:00.061,0.87112,0.87128
2013.03.11 00:00:02.650,0.8711,0.87128
2013.03.11 00:00:02.710,0.8711,0.87127
2013.03.11 00:00:03.251,0.87111,0.87127
2013.03.11 00:00:03.790,0.8711,0.87128
2013.03.11 00:00:06.332,0.87111,0.87128
2013.03.11 00:00:06.450,0.87111,0.87128
2013.03.11 00:00:06.690,0.87111,0.87128
2013.03.11 00:00:07.231,0.87111,0.87128
2013.03.11 00:00:16.056,0.87113,0.8713
2013.03.11 00:00:18.284,0.87116,0.87133
2013.03.11 00:00:18.980,0.87116,0.87133
2013.03.11 00:00:20.380,0.87115,0.87132
2013.03.11 00:00:20.960,0.87115,0.87132
2013.03.11 00:00:21.540,0.87115,0.87132
2013.03.11 00:00:23.104,0.87114,0.87131
2013.03.11 00:00:23.411,0.87114,0.87131
2013.03.11 00:00:23.651,0.87111,0.87128
2013.03.11 00:00:24.012,0.8711,0.87127
2013.03.11 00:00:24.620,0.87109,0.87126
2013.03.11 00:00:26.533,0.87108,0.87126
2013.03.11 00:00:26.970,0.87108,0.87126
2013.03.11 00:00:31.541,0.87108,0.87123
2013.03.11 00:00:37.793,0.87105,0.87123
2013.03.11 00:00:38.333,0.87105,0.87123
2013.03.11 00:00:38.463,0.87103,0.8712
2013.03.11 00:00:39.022,0.87102,0.8712
2013.03.11 00:00:42.994,0.87103,0.8712
2013.03.11 00:00:50.879,0.87102,0.87117
2013.03.11 00:00:51.001,0.871,0.87116
2013.03.11 00:00:51.491,0.87099,0.87114
2013.03.11 00:00:52.210,0.87099,0.87114
2013.03.11 00:00:52.819,0.87099,0.87114
2013.03.11 00:00:53.441,0.871,0.87116
2013.03.11 00:00:54.211,0.871,0.87115
2013.03.11 00:01:01.441,0.87099,0.87115
2013.03.11 00:01:01.511,0.87098,0.87113
2013.03.11 00:01:02.008,0.87098,0.87113
2013.03.11 00:01:02.211,0.87097,0.87112
2013.03.11 00:01:02.701,0.87099,0.87115
2013.03.11 00:01:02.770,0.87101,0.87116
2013.03.11 00:01:02.890,0.87101,0.87117
2013.03.11 00:01:03.191,0.87104,0.8712
2013.03.11 00:01:04.419,0.87103,0.87119
2013.03.11 00:01:04.958,0.87101,0.87118
2013.03.11 00:01:05.319,0.87103,0.87119
2013.03.11 00:01:05.929,0.87103,0.8712
2013.03.11 00:01:06.360,0.87106,0.87123
2013.03.11 00:01:06.927,0.87106,0.87123
2013.03.11 00:01:07.530,0.87106,0.87123
2013.03.11 00:01:08.391,0.87106,0.87123
2013.03.11 00:01:08.880,0.87108,0.87124
2013.03.11 00:01:11.419,0.87108,0.87124
2013.03.11 00:01:30.389,0.87108,0.87124
2013.03.11 00:01:35.479,0.87108,0.87124
2013.03.11 00:01:36.280,0.87108,0.87124
2013.03.11 00:01:37.151,0.87106,0.87122
2013.03.11 00:01:37.219,0.87106,0.87122
2013.03.11 00:01:37.399,0.87106,0.87122
2013.03.11 00:01:37.641,0.87106,0.8712
2013.03.11 00:01:37.771,0.87103,0.87119
2013.03.11 00:01:38.622,0.87103,0.87118
2013.03.11 00:01:39.171,0.87101,0.87118
2013.03.11 00:01:41.679,0.87101,0.87116
2013.03.11 00:01:51.951,0.87098,0.87115
2013.03.11 00:01:52.019,0.87098,0.87114
2013.03.11 00:01:52.440,0.87098,0.87114
2013.03.11 00:01:52.982,0.87095,0.87111
2013.03.11 00:01:53.576,0.87095,0.87111
2013.03.11 00:01:53.641,0.87097,0.87111
2013.03.11 00:01:55.110,0.87097,0.87111
2013.03.11 00:01:55.484,0.87098,0.87114
2013.03.11 00:01:55.672,0.87099,0.87114
2013.03.11 00:01:56.470,0.87099,0.87115
2013.03.11 00:01:57.009,0.871,0.87115
2013.03.11 00:01:59.539,0.87099,0.87115
2013.03.11 00:02:00.080,0.87099,0.87114
2013.03.11 00:02:00.717,0.87098,0.87112
2013.03.11 00:02:01.050,0.87095,0.8711
2013.03.11 00:02:02.480,0.87097,0.8711
2013.03.11 00:02:05.220,0.87097,0.8711
2013.03.11 00:02:09.390,0.87094,0.8711
2013.03.11 00:02:13.155,0.87094,0.8711
2013.03.11 00:02:14.079,0.87093,0.87109
2013.03.11 00:02:14.601,0.87094,0.8711
2013.03.11 00:02:15.671,0.87093,0.87107
2013.03.11 00:02:15.740,0.87093,0.87107
2013.03.11 00:02:16.171,0.8709,0.87107
2013.03.11 00:02:16.420,0.87091,0.87107
2013.03.11 00:02:16.750,0.87091,0.87106
2013.03.11 00:02:18.432,0.87091,0.87105
2013.03.11 00:02:19.061,0.87093,0.87105
2013.03.11 00:02:19.322,0.87093,0.87108
2013.03.11 00:02:20.370,0.87093,0.87108
2013.03.11 00:02:21.231,0.87094,0.87109
2013.03.11 00:02:26.851,0.87093,0.8711
2013.03.11 00:02:27.401,0.87097,0.87112
2013.03.11 00:02:27.471,0.87097,0.87112
2013.03.11 00:02:27.599,0.87097,0.87112
2013.03.11 00:02:28.401,0.87097,0.87112
2013.03.11 00:02:29.101,0.87098,0.87112
2013.03.11 00:02:29.910,0.87099,0.87116
2013.03.11 00:02:30.512,0.87099,0.87116
2013.03.11 00:02:31.681,0.87102,0.87117
2013.03.11 00:02:32.911,0.87102,0.87117
2013.03.11 00:02:38.544,0.871,0.87117
2013.03.11 00:02:38.610,0.87101,0.87117
2013.03.11 00:02:39.450,0.87101,0.87117
2013.03.11 00:02:39.700,0.87101,0.87116
2013.03.11 00:02:43.040,0.87102,0.87117
2013.03.11 00:02:45.541,0.87102,0.87116
2013.03.11 00:02:45.912,0.87095,0.8711
2013.03.11 00:02:46.101,0.87095,0.8711
2013.03.11 00:02:48.989,0.87094,0.8711
2013.03.11 00:02:50.130,0.87094,0.87108
2013.03.11 00:02:50.189,0.87094,0.87108
2013.03.11 00:02:50.850,0.87092,0.87103
2013.03.11 00:02:51.509,0.87089,0.87106
2013.03.11 00:02:51.630,0.87089,0.87106
2013.03.11 00:02:52.170,0.87092,0.87109
2013.03.11 00:02:53.689,0.87092,0.87109
2013.03.11 00:02:54.293,0.87095,0.8711
2013.03.11 00:02:54.362,0.87095,0.8711
2013.03.11 00:02:54.703,0.87095,0.87104
2013.03.11 00:02:55.011,0.87092,0.87104
2013.03.11 00:02:55.620,0.87092,0.87103
2013.03.11 00:02:56.159,0.87088,0.87103
2013.03.11 00:02:56.769,0.87088,0.87103
2013.03.11 00:02:56.950,0.87088,0.87103
2013.03.11 00:02:59.079,0.87088,0.87102
2013.03.11 00:03:00.210,0.87088,0.87102
2013.03.11 00:03:00.570,0.87088,0.87102
2013.03.11 00:03:01.850,0.87088,0.87102
2013.03.11 00:03:02.860,0.87086,0.87102
2013.03.11 00:03:03.279,0.87086,0.87102
2013.03.11 00:03:04.652,0.87085,0.87101
2013.03.11 00:03:05.289,0.87085,0.87099
2013.03.11 00:03:05.829,0.87083,0.87098
2013.03.11 00:03:06.338,0.87083,0.87098
2013.03.11 00:03:07.378,0.87083,0.87098
2013.03.11 00:03:10.302,0.87084,0.87099
2013.03.11 00:03:10.609,0.87086,0.87101
2013.03.11 00:03:11.749,0.87086,0.87101
2013.03.11 00:03:12.289,0.87086,0.87101
2013.03.11 00:03:14.301,0.87084,0.87101
2013.03.11 00:03:14.741,0.87084,0.87101
2013.03.11 00:03:15.249,0.87084,0.87101
2013.03.11 00:03:18.109,0.87082,0.871
2013.03.11 00:03:18.412,0.8708,0.87094
2013.03.11 00:03:18.541,0.87082,0.87096
2013.03.11 00:03:18.720,0.87082,0.87094
2013.03.11 00:03:18.905,0.87082,0.87096
2013.03.11 00:03:18.970,0.87082,0.87096
2013.03.11 00:03:19.269,0.87082,0.87099
2013.03.11 00:03:20.080,0.87082,0.87099
2013.03.11 00:03:21.729,0.87084,0.871
2013.03.11 00:03:23.058,0.87083,0.87099
2013.03.11 00:03:23.371,0.8708,0.87092
2013.03.11 00:03:23.921,0.87079,0.87092
2013.03.11 00:03:24.431,0.8708,0.87094
2013.03.11 00:03:24.740,0.8708,0.87094
2013.03.11 00:03:25.290,0.87083,0.87094
2013.03.11 00:03:25.710,0.87083,0.87094
2013.03.11 00:03:26.110,0.87085,0.87098
2013.03.11 00:03:26.300,0.87087,0.87102
2013.03.11 00:03:26.360,0.87087,0.87101
2013.03.11 00:03:26.719,0.87085,0.87101
2013.03.11 00:03:27.261,0.87085,0.87101
2013.03.11 00:03:27.993,0.87084,0.87101
2013.03.11 00:03:28.119,0.87083,0.87101
2013.03.11 00:03:29.347,0.87081,0.87096
2013.03.11 00:03:29.901,0.87081,0.87097
2013.03.11 00:03:31.779,0.87081,0.87097
2013.03.11 00:03:35.159,0.87081,0.87096
2013.03.11 00:03:35.720,0.87081,0.87096
2013.03.11 00:03:36.616,0.87081,0.87096
2013.03.11 00:03:39.581,0.87081,0.87096
2013.03.11 00:03:46.660,0.8708,0.87097
2013.03.11 00:03:48.220,0.87082,0.87097
2013.03.11 00:03:48.279,0.87083,0.871
2013.03.11 00:03:48.961,0.87084,0.87101
2013.03.11 00:03:49.470,0.87084,0.87101
2013.03.11 00:03:50.860,0.87085,0.87101
2013.03.11 00:03:54.420,0.87085,0.87101
2013.03.11 00:03:54.480,0.87084,0.87101
2013.03.11 00:03:55.609,0.87083,0.87101
2013.03.11 00:03:57.229,0.87082,0.871
2013.03.11 00:03:57.289,0.87082,0.87099
2013.03.11 00:03:58.630,0.87081,0.87099
2013.03.11 00:03:59.169,0.87082,0.87098
2013.03.11 00:03:59.689,0.87083,0.871
2013.03.11 00:04:00.940,0.87084,0.871
2013.03.11 00:04:01.078,0.87082,0.87098
2013.03.11 00:04:01.380,0.87083,0.871
2013.03.11 00:04:07.849,0.87084,0.871
2013.03.11 00:04:12.870,0.87083,0.87099
2013.03.11 00:04:16.782,0.87081,0.87097
2013.03.11 00:04:16.849,0.87081,0.87096
2013.03.11 00:04:17.389,0.87081,0.87097
2013.03.11 00:04:19.689,0.87083,0.87099
2013.03.11 00:04:21.461,0.87084,0.87099
2013.03.11 00:04:23.569,0.87083,0.87099
2013.03.11 00:04:24.110,0.87081,0.87099
2013.03.11 00:04:24.439,0.87082,0.87095
2013.03.11 00:04:26.209,0.87081,0.87095
2013.03.11 00:04:35.289,0.87081,0.87095
2013.03.11 00:04:45.450,0.87082,0.87093
2013.03.11 00:04:47.890,0.87083,0.87093
2013.03.11 00:04:49.291,0.87087,0.87093
2013.03.11 00:04:49.360,0.87083,0.87093
2013.03.11 00:04:49.481,0.87085,0.87097
2013.03.11 00:04:50.570,0.87085,0.87099
2013.03.11 00:04:52.009,0.87085,0.871
2013.03.11 00:04:52.761,0.87084,0.871
2013.03.11 00:04:55.531,0.87084,0.87098
2013.03.11 00:04:56.809,0.87083,0.87099
2013.03.11 00:04:57.969,0.87084,0.87099
2013.03.11 00:04:58.499,0.87084,0.87099
2013.03.11 00:05:00.971,0.87084,0.871
2013.03.11 00:05:01.520,0.87086,0.87101
2013.03.11 00:05:02.082,0.87085,0.87102
2013.03.11 00:05:05.869,0.87085,0.87101
2013.03.11 00:05:05.929,0.87084,0.87099
2013.03.11 00:05:05.990,0.87084,0.87097
2013.03.11 00:05:10.581,0.87084,0.87097
2013.03.11 00:05:11.193,0.87083,0.87094
2013.03.11 00:05:17.170,0.87081,0.87094
2013.03.11 00:05:17.710,0.8708,0.87094
2013.03.11 00:05:18.712,0.8708,0.87094
2013.03.11 00:05:22.192,0.87081,0.87094
2013.03.11 00:05:23.211,0.87083,0.87094
2013.03.11 00:05:23.749,0.87081,0.87094
2013.03.11 00:05:24.760,0.87082,0.87094
2013.03.11 00:05:29.160,0.87084,0.87094
2013.03.11 00:05:29.699,0.87082,0.87094
2013.03.11 00:05:30.929,0.87082,0.87094
2013.03.11 00:05:34.232,0.87082,0.87097
2013.03.11 00:05:34.360,0.87083,0.87094
2013.03.11 00:05:34.480,0.8708,0.87094
2013.03.11 00:05:36.272,0.87082,0.87094
2013.03.11 00:05:39.161,0.87082,0.87094
2013.03.11 00:05:41.669,0.87081,0.87094
2013.03.11 00:05:45.690,0.87082,0.87094
2013.03.11 00:05:46.860,0.87082,0.87094
2013.03.11 00:05:54.363,0.87082,0.87094
2013.03.11 00:05:59.691,0.87082,0.87094
2013.03.11 00:06:06.190,0.87082,0.87094
2013.03.11 00:06:07.680,0.87083,0.87094
2013.03.11 00:06:08.650,0.87083,0.87094
2013.03.11 00:06:09.258,0.87082,0.87094
2013.03.11 00:06:12.469,0.87083,0.87094
2013.03.11 00:06:28.101,0.8708,0.87094
2013.03.11 00:06:29.079,0.8708,0.87094
2013.03.11 00:06:37.099,0.8708,0.87094
2013.03.11 00:06:44.591,0.8708,0.87094
2013.03.11 00:06:45.012,0.87081,0.87094
2013.03.11 00:06:50.532,0.87079,0.87094
2013.03.11 00:06:55.787,0.87079,0.87094
2013.03.11 00:06:58.230,0.8708,0.87094
2013.03.11 00:06:58.770,0.87081,0.87094
2013.03.11 00:07:07.279,0.87084,0.87095
2013.03.11 00:07:07.401,0.87079,0.87092
2013.03.11 00:07:07.583,0.87079,0.87093
2013.03.11 00:07:07.950,0.87078,0.87093
2013.03.11 00:07:08.490,0.87079,0.87093
2013.03.11 00:07:09.054,0.87079,0.87095
2013.03.11 00:07:16.899,0.87079,0.87096
2013.03.11 00:07:17.440,0.8708,0.87096
2013.03.11 00:07:18.250,0.8708,0.87096
2013.03.11 00:07:18.810,0.8708,0.87097
2013.03.11 00:07:19.610,0.8708,0.87097
2013.03.11 00:07:20.130,0.8708,0.87097
2013.03.11 00:07:22.420,0.8708,0.87095
2013.03.11 00:07:22.719,0.87079,0.87095
2013.03.11 00:07:22.899,0.87078,0.87095
2013.03.11 00:07:27.284,0.87081,0.87097
2013.03.11 00:07:27.838,0.87082,0.87097
2013.03.11 00:07:29.171,0.87081,0.87097
2013.03.11 00:07:30.673,0.87084,0.87098
2013.03.11 00:07:36.982,0.87082,0.87098
2013.03.11 00:07:40.610,0.87083,0.87098
2013.03.11 00:07:41.320,0.87083,0.87098
2013.03.11 00:07:44.481,0.87083,0.87098
2013.03.11 00:07:47.855,0.87083,0.87098
2013.03.11 00:07:48.409,0.87083,0.87097
2013.03.11 00:07:52.259,0.87083,0.87097
2013.03.11 00:07:58.719,0.87083,0.87099
2013.03.11 00:08:02.420,0.87083,0.87099
2013.03.11 00:08:03.040,0.87083,0.87099
2013.03.11 00:08:06.880,0.87083,0.87099
2013.03.11 00:08:14.702,0.87082,0.87098
2013.03.11 00:08:16.896,0.87082,0.87098
2013.03.11 00:08:17.200,0.8708,0.87096
2013.03.11 00:08:18.800,0.8708,0.87099
2013.03.11 00:08:30.010,0.87079,0.87098
2013.03.11 00:08:36.584,0.8708,0.87098
2013.03.11 00:08:39.951,0.87082,0.87098
2013.03.11 00:08:42.630,0.87082,0.87097
2013.03.11 00:08:42.992,0.87079,0.87093
2013.03.11 00:08:43.299,0.87077,0.87092
2013.03.11 00:08:43.730,0.87077,0.8709
2013.03.11 00:08:46.480,0.87076,0.87092
2013.03.11 00:08:47.452,0.87074,0.8709
2013.03.11 00:08:47.592,0.87074,0.87089
2013.03.11 00:08:49.650,0.87073,0.87089
2013.03.11 00:08:49.951,0.87074,0.87091
2013.03.11 00:08:53.461,0.87074,0.87091
2013.03.11 00:09:11.170,0.87074,0.87091
2013.03.11 00:09:13.002,0.87074,0.87091
2013.03.11 00:09:15.920,0.87077,0.87092
2013.03.11 00:09:20.700,0.87077,0.87092
2013.03.11 00:09:21.240,0.87077,0.87092
2013.03.11 00:09:21.541,0.87077,0.87091
2013.03.11 00:09:28.252,0.87075,0.87091
2013.03.11 00:09:29.122,0.87075,0.87092
2013.03.11 00:09:30.752,0.87075,0.87091
2013.03.11 00:09:31.431,0.87075,0.87092
2013.03.11 00:09:38.444,0.87077,0.87092
2013.03.11 00:09:39.191,0.87076,0.87092
2013.03.11 00:09:40.917,0.87077,0.87092
2013.03.11 00:09:44.081,0.87077,0.87091
2013.03.11 00:09:46.144,0.87076,0.87091
2013.03.11 00:09:47.063,0.87076,0.87091
2013.03.11 00:09:47.313,0.87073,0.87088
2013.03.11 00:09:48.524,0.87073,0.87088
2013.03.11 00:09:50.104,0.87072,0.87087
2013.03.11 00:09:56.102,0.8707,0.87087
2013.03.11 00:10:00.811,0.8707,0.87087
2013.03.11 00:10:04.088,0.8707,0.87087
2013.03.11 00:10:05.021,0.8707,0.87086
2013.03.11 00:10:06.640,0.8707,0.87086
2013.03.11 00:10:26.562,0.8707,0.87087
2013.03.11 00:10:38.090,0.8707,0.87085
2013.03.11 00:10:38.331,0.87072,0.87087
2013.03.11 00:10:38.511,0.87071,0.87087
2013.03.11 00:10:39.051,0.87072,0.87087
2013.03.11 00:10:39.590,0.87071,0.87087
2013.03.11 00:10:48.845,0.8707,0.87086
2013.03.11 00:10:51.160,0.8707,0.87086
2013.03.11 00:10:54.291,0.8707,0.87085
2013.03.11 00:10:54.594,0.87068,0.87083
2013.03.11 00:10:54.723,0.87068,0.87083
2013.03.11 00:10:55.942,0.87068,0.87083
2013.03.11 00:10:56.483,0.87068,0.87084
2013.03.11 00:10:56.672,0.87068,0.87084
2013.03.11 00:11:07.644,0.87067,0.87083
2013.03.11 00:11:09.340,0.87067,0.87083
2013.03.11 00:11:11.240,0.87067,0.87083
2013.03.11 00:11:13.111,0.87067,0.87085
2013.03.11 00:11:13.951,0.87067,0.87085
2013.03.11 00:11:31.208,0.87069,0.87085
2013.03.11 00:11:31.901,0.87069,0.87085
2013.03.11 00:11:38.702,0.87069,0.87084
2013.03.11 00:11:39.251,0.87069,0.87083
2013.03.11 00:11:39.836,0.87069,0.87082
2013.03.11 00:11:42.400,0.87069,0.87084
2013.03.11 00:11:42.461,0.87069,0.87084
2013.03.11 00:11:42.582,0.87074,0.87086
2013.03.11 00:11:43.152,0.87074,0.87088
2013.03.11 00:11:43.228,0.87075,0.87089
2013.03.11 00:11:43.772,0.87073,0.87088
2013.03.11 00:11:44.033,0.87073,0.87089
2013.03.11 00:11:44.542,0.87073,0.87089
2013.03.11 00:11:45.381,0.87073,0.87088
2013.03.11 00:11:46.222,0.87072,0.87088
2013.03.11 00:11:47.210,0.87072,0.87087
2013.03.11 00:11:47.881,0.8707,0.87086
2013.03.11 00:11:49.591,0.87068,0.87085
2013.03.11 00:11:53.242,0.87068,0.87084
2013.03.11 00:11:54.641,0.87069,0.87084
2013.03.11 00:12:06.751,0.87068,0.87084
2013.03.11 00:12:07.881,0.87068,0.87083
2013.03.11 00:12:08.432,0.87067,0.87082
2013.03.11 00:12:10.023,0.87067,0.87083
2013.03.11 00:12:11.340,0.87067,0.87082
2013.03.11 00:12:12.221,0.87067,0.87082
2013.03.11 00:12:17.200,0.87067,0.87082
2013.03.11 00:12:28.732,0.87067,0.87083
2013.03.11 00:12:29.295,0.87067,0.87084
2013.03.11 00:12:30.942,0.87067,0.87083
2013.03.11 00:12:31.072,0.87067,0.87084
2013.03.11 00:12:32.171,0.87067,0.87084
2013.03.11 00:12:33.928,0.8707,0.87084
2013.03.11 00:12:34.940,0.87067,0.87083
2013.03.11 00:12:43.051,0.87066,0.87082
2013.03.11 00:12:43.251,0.87066,0.87082
2013.03.11 00:12:44.041,0.87068,0.87083
2013.03.11 00:12:46.602,0.87067,0.87081
2013.03.11 00:12:46.791,0.87066,0.87079
2013.03.11 00:12:47.331,0.87064,0.87078
2013.03.11 00:12:48.073,0.87064,0.87078
2013.03.11 00:12:48.149,0.87064,0.87076
2013.03.11 00:12:50.380,0.87064,0.87077
2013.03.11 00:12:53.710,0.87062,0.87077
2013.03.11 00:12:55.900,0.8706,0.87077
2013.03.11 00:13:01.992,0.8706,0.87077
2013.03.11 00:13:05.071,0.87062,0.87077
2013.03.11 00:13:08.201,0.87062,0.87073
2013.03.11 00:13:08.382,0.87059,0.87073
2013.03.11 00:13:08.453,0.87056,0.87071
2013.03.11 00:13:08.581,0.87056,0.87071
2013.03.11 00:13:08.701,0.87053,0.8707
2013.03.11 00:13:08.943,0.87053,0.8707
2013.03.11 00:13:11.161,0.87052,0.8707
2013.03.11 00:13:11.691,0.87052,0.8707
2013.03.11 00:13:13.881,0.87053,0.8707
2013.03.11 00:13:15.251,0.87053,0.8707
2013.03.11 00:13:15.762,0.87055,0.87071
2013.03.11 00:13:18.331,0.87055,0.87071
2013.03.11 00:13:21.024,0.87055,0.8707
2013.03.11 00:13:25.729,0.87053,0.87069
2013.03.11 00:13:28.282,0.87053,0.87068
2013.03.11 00:13:31.282,0.87051,0.87067
2013.03.11 00:13:31.592,0.87053,0.87069
2013.03.11 00:13:33.651,0.87053,0.87069
2013.03.11 00:13:47.571,0.87053,0.87069
2013.03.11 00:13:53.592,0.87054,0.87069
2013.03.11 00:13:53.961,0.87058,0.87071
2013.03.11 00:13:54.021,0.87058,0.87073
2013.03.11 00:13:54.140,0.8706,0.87076
2013.03.11 00:13:54.441,0.87063,0.87077
2013.03.11 00:13:54.501,0.87063,0.87077
2013.03.11 00:13:55.042,0.87064,0.87077
2013.03.11 00:13:56.272,0.87065,0.87077
2013.03.11 00:13:56.821,0.87065,0.87077
2013.03.11 00:13:58.561,0.87065,0.87078
2013.03.11 00:14:08.131,0.87065,0.87079
2013.03.11 00:14:13.642,0.87064,0.87077
2013.03.11 00:14:13.711,0.87064,0.87079
2013.03.11 00:14:20.131,0.87064,0.8708
2013.03.11 00:14:20.431,0.87064,0.87081
2013.03.11 00:14:34.270,0.87065,0.87082
2013.03.11 00:14:38.191,0.87064,0.87081
2013.03.11 00:14:38.432,0.87065,0.87081
2013.03.11 00:14:46.157,0.87065,0.87082
2013.03.11 00:14:54.317,0.87065,0.87081
2013.03.11 00:14:58.430,0.87064,0.87081
2013.03.11 00:15:08.701,0.87064,0.87082
2013.03.11 00:15:09.343,0.87065,0.87082
2013.03.11 00:15:11.472,0.87065,0.87082
2013.03.11 00:15:11.593,0.87065,0.87081
2013.03.11 00:15:11.901,0.87063,0.87077
2013.03.11 00:15:11.962,0.87061,0.87075
2013.03.11 00:15:12.880,0.8706,0.87075
2013.03.11 00:15:14.352,0.87059,0.87075
2013.03.11 00:15:15.801,0.8706,0.87075
2013.03.11 00:15:17.631,0.8706,0.87075
2013.03.11 00:15:18.344,0.8706,0.87075
2013.03.11 00:15:29.331,0.87059,0.87075
2013.03.11 00:15:30.012,0.87059,0.87075
2013.03.11 00:15:31.222,0.87062,0.87077
2013.03.11 00:15:31.582,0.87062,0.87077
2013.03.11 00:15:33.652,0.87062,0.87077
2013.03.11 00:15:33.952,0.87062,0.87077
2013.03.11 00:15:34.192,0.87065,0.8708
2013.03.11 00:15:34.738,0.87065,0.8708
2013.03.11 00:15:35.382,0.87065,0.8708
2013.03.11 00:15:36.453,0.87066,0.87081
2013.03.11 00:15:37.731,0.87066,0.87082
2013.03.11 00:15:37.912,0.87066,0.87082
2013.03.11 00:15:37.972,0.87066,0.87083
2013.03.11 00:15:38.342,0.87066,0.87083
2013.03.11 00:15:38.882,0.87067,0.87085
2013.03.11 00:15:39.122,0.87067,0.87084
2013.03.11 00:15:39.432,0.87067,0.87082
2013.03.11 00:15:39.913,0.87068,0.87082
2013.03.11 00:15:40.221,0.87068,0.87083
2013.03.11 00:15:40.762,0.87068,0.87083
2013.03.11 00:15:41.073,0.87064,0.87081
2013.03.11 00:15:41.441,0.87064,0.87079
2013.03.11 00:15:41.862,0.87064,0.87079
2013.03.11 00:15:46.113,0.87064,0.8708
2013.03.11 00:15:46.661,0.87064,0.87081
2013.03.11 00:15:54.663,0.87064,0.87081
2013.03.11 00:15:54.973,0.87064,0.87081
2013.03.11 00:15:55.281,0.87064,0.87082
2013.03.11 00:15:57.091,0.87065,0.87082
2013.03.11 00:16:03.872,0.87067,0.87082
2013.03.11 00:16:04.431,0.87064,0.87081
2013.03.11 00:16:16.486,0.87064,0.87083
2013.03.11 00:16:32.171,0.87065,0.87083
2013.03.11 00:16:35.681,0.87065,0.87083
2013.03.11 00:16:36.163,0.87065,0.87081
2013.03.11 00:16:36.653,0.87062,0.87079
2013.03.11 00:16:36.721,0.87062,0.87079
2013.03.11 00:16:41.411,0.87061,0.87079
2013.03.11 00:16:43.390,0.87063,0.8708
2013.03.11 00:16:45.581,0.87063,0.8708
2013.03.11 00:16:48.812,0.87063,0.8708
2013.03.11 00:16:49.333,0.87064,0.87081
2013.03.11 00:16:52.533,0.87064,0.8708
2013.03.11 00:17:01.794,0.87064,0.8708
2013.03.11 00:17:02.345,0.87064,0.8708
2013.03.11 00:17:02.900,0.87064,0.8708
2013.03.11 00:17:04.151,0.87064,0.87081
2013.03.11 00:17:04.332,0.87064,0.87082
2013.03.11 00:17:04.882,0.87065,0.87082
2013.03.11 00:17:15.274,0.87067,0.87083
2013.03.11 00:17:21.191,0.87066,0.87084
2013.03.11 00:17:24.291,0.87067,0.87083
2013.03.11 00:17:27.014,0.87066,0.87082
2013.03.11 00:17:27.141,0.87066,0.87082
2013.03.11 00:17:37.112,0.87067,0.87084
2013.03.11 00:17:40.817,0.87065,0.87083
2013.03.11 00:17:50.699,0.87065,0.87082
2013.03.11 00:17:57.141,0.87065,0.87082
2013.03.11 00:18:00.103,0.87065,0.87082
2013.03.11 00:18:05.241,0.87065,0.87081
2013.03.11 00:18:05.891,0.87065,0.87079
2013.03.11 00:18:05.959,0.87065,0.87079
2013.03.11 00:18:17.575,0.87065,0.8708
2013.03.11 00:18:36.419,0.87065,0.87076
2013.03.11 00:18:44.930,0.87065,0.87077
2013.03.11 00:18:45.558,0.87065,0.8708
2013.03.11 00:18:52.490,0.87067,0.8708
2013.03.11 00:18:58.140,0.87067,0.87078
2013.03.11 00:19:16.190,0.87067,0.87077
2013.03.11 00:19:16.782,0.87066,0.87075
2013.03.11 00:19:24.190,0.87068,0.87077
2013.03.11 00:19:24.250,0.87068,0.87079
2013.03.11 00:19:24.431,0.87068,0.87077
2013.03.11 00:19:24.856,0.87067,0.87075
2013.03.11 00:19:26.073,0.87067,0.87075
2013.03.11 00:19:26.390,0.87068,0.87079
2013.03.11 00:19:26.451,0.87068,0.8708
2013.03.11 00:19:38.503,0.87068,0.8708
2013.03.11 00:19:38.932,0.87078,0.87088
2013.03.11 00:19:39.491,0.87078,0.87088
2013.03.11 00:19:45.720,0.87076,0.87088
2013.03.11 00:20:00.390,0.87076,0.87088
2013.03.11 00:20:29.861,0.87074,0.87091
2013.03.11 00:20:35.100,0.87074,0.87091
2013.03.11 00:20:35.161,0.87074,0.8709
2013.03.11 00:20:35.521,0.87072,0.87085
2013.03.11 00:20:35.713,0.87069,0.87085
2013.03.11 00:20:36.391,0.87069,0.87084
2013.03.11 00:20:36.897,0.87069,0.87081
2013.03.11 00:21:04.840,0.87068,0.8708
2013.03.11 00:21:05.357,0.87068,0.8708
2013.03.11 00:21:10.924,0.87071,0.87081
2013.03.11 00:21:11.172,0.87071,0.87085
2013.03.11 00:21:11.422,0.87075,0.87085
2013.03.11 00:21:26.653,0.87073,0.87083
2013.03.11 00:21:27.162,0.87071,0.87083
2013.03.11 00:21:47.050,0.87072,0.87083
2013.03.11 00:21:49.312,0.87071,0.87083
2013.03.11 00:21:55.194,0.87071,0.87083
2013.03.11 00:22:00.402,0.87071,0.87083
2013.03.11 00:22:26.362,0.87071,0.87084
2013.03.11 00:22:27.741,0.8707,0.87084
2013.03.11 00:22:29.477,0.8707,0.87084
2013.03.11 00:22:30.773,0.8707,0.87084
2013.03.11 00:22:33.035,0.8707,0.87084
2013.03.11 00:22:49.525,0.87073,0.87084
2013.03.11 00:22:50.012,0.87076,0.87085
2013.03.11 00:22:50.083,0.87077,0.87089
2013.03.11 00:22:50.222,0.87077,0.87089
2013.03.11 00:22:50.760,0.87077,0.87089
2013.03.11 00:22:52.580,0.87077,0.87089
2013.03.11 00:23:03.340,0.87076,0.87089
2013.03.11 00:23:18.452,0.87076,0.87088
2013.03.11 00:23:29.612,0.87082,0.87091
2013.03.11 00:23:29.682,0.87082,0.87094
2013.03.11 00:23:30.111,0.87083,0.87096
2013.03.11 00:23:30.715,0.87083,0.87099
2013.03.11 00:23:32.091,0.87083,0.87099
2013.03.11 00:23:35.881,0.87083,0.87099
2013.03.11 00:23:42.431,0.87083,0.87099
2013.03.11 00:23:43.071,0.87083,0.87095
2013.03.11 00:24:04.920,0.87085,0.87095
2013.03.11 00:24:05.771,0.87086,0.87099
2013.03.11 00:24:07.891,0.87085,0.87099
2013.03.11 00:24:14.181,0.87086,0.87099
2013.03.11 00:24:14.721,0.87086,0.87099
2013.03.11 00:24:15.990,0.87086,0.871
2013.03.11 00:24:16.867,0.87086,0.871
2013.03.11 00:24:16.955,0.87086,0.87101
2013.03.11 00:24:29.051,0.87088,0.87101
2013.03.11 00:24:29.592,0.87086,0.87101
2013.03.11 00:24:38.402,0.87086,0.87101
2013.03.11 00:24:40.349,0.87089,0.87101
2013.03.11 00:24:41.779,0.87089,0.87101
2013.03.11 00:24:42.631,0.87088,0.87101
2013.03.11 00:24:43.170,0.87087,0.87101
2013.03.11 00:24:45.620,0.87087,0.87101
2013.03.11 00:24:47.061,0.87086,0.87098
2013.03.11 00:24:49.221,0.87085,0.87098
2013.03.11 00:24:50.161,0.87086,0.87095
2013.03.11 00:24:50.701,0.87084,0.87095
2013.03.11 00:24:56.741,0.87084,0.87095
2013.03.11 00:25:00.191,0.87084,0.87097
2013.03.11 00:25:05.351,0.87084,0.87097
2013.03.11 00:25:09.782,0.87084,0.87097
2013.03.11 00:25:10.501,0.87084,0.87097
2013.03.11 00:25:12.211,0.87085,0.87099
2013.03.11 00:25:12.711,0.87085,0.87097
2013.03.11 00:25:15.752,0.87085,0.871
2013.03.11 00:25:16.651,0.87085,0.87097
2013.03.11 00:25:17.210,0.87085,0.87096
2013.03.11 00:25:17.451,0.87085,0.87099
2013.03.11 00:25:20.320,0.87085,0.87099
2013.03.11 00:25:22.413,0.87085,0.87099
2013.03.11 00:25:22.963,0.87089,0.871
2013.03.11 00:25:23.291,0.87091,0.871
2013.03.11 00:25:23.481,0.87091,0.87102
2013.03.11 00:25:24.393,0.87091,0.87102
2013.03.11 00:25:26.201,0.87091,0.87102
2013.03.11 00:25:43.396,0.87091,0.87102
2013.03.11 00:25:55.211,0.8709,0.87101
2013.03.11 00:26:06.512,0.87088,0.87101
2013.03.11 00:26:07.452,0.87089,0.87102
2013.03.11 00:26:07.991,0.8709,0.87101
2013.03.11 00:26:17.023,0.87089,0.87101
2013.03.11 00:26:18.714,0.87089,0.87101
2013.03.11 00:26:19.221,0.87086,0.87099
2013.03.11 00:26:19.282,0.87086,0.87099
2013.03.11 00:26:19.711,0.87085,0.87099
2013.03.11 00:26:20.972,0.87085,0.871
2013.03.11 00:26:24.211,0.87086,0.871
2013.03.11 00:26:26.921,0.87086,0.871
2013.03.11 00:26:30.481,0.87085,0.871
2013.03.11 00:26:38.415,0.87087,0.871
2013.03.11 00:26:38.722,0.87091,0.87101
2013.03.11 00:26:38.972,0.87096,0.87107
2013.03.11 00:26:39.152,0.87096,0.87109
2013.03.11 00:26:39.632,0.87095,0.87109
2013.03.11 00:26:39.991,0.87093,0.87108
2013.03.11 00:26:40.172,0.87091,0.87105
2013.03.11 00:26:43.937,0.87091,0.87106
2013.03.11 00:26:44.192,0.87093,0.87105
2013.03.11 00:26:44.731,0.87092,0.87104
2013.03.11 00:26:45.453,0.87091,0.87104
2013.03.11 00:26:46.707,0.87091,0.87104
2013.03.11 00:26:53.103,0.87088,0.87104
2013.03.11 00:26:54.237,0.87088,0.87103
2013.03.11 00:26:54.612,0.8709,0.87104
2013.03.11 00:26:54.912,0.87089,0.87104
2013.03.11 00:26:56.692,0.8709,0.87104
2013.03.11 00:27:02.661,0.87089,0.87104
2013.03.11 00:27:02.871,0.87088,0.87104
2013.03.11 00:27:07.262,0.87088,0.87104
2013.03.11 00:27:08.252,0.87091,0.87104
2013.03.11 00:27:08.612,0.87092,0.87104
2013.03.11 00:27:08.972,0.87099,0.87106
2013.03.11 00:27:09.331,0.87098,0.87109
2013.03.11 00:27:09.890,0.871,0.87115
2013.03.11 00:27:09.952,0.87099,0.87115
2013.03.11 00:27:10.014,0.87099,0.87115
2013.03.11 00:27:24.417,0.87097,0.87114
2013.03.11 00:27:24.962,0.87097,0.87111
2013.03.11 00:27:25.441,0.87095,0.87111
2013.03.11 00:27:31.961,0.87095,0.87111
2013.03.11 00:27:33.317,0.87095,0.87111
2013.03.11 00:27:33.741,0.87096,0.87113
2013.03.11 00:27:34.171,0.87095,0.87111
2013.03.11 00:27:34.232,0.87095,0.87111
2013.03.11 00:27:34.351,0.87093,0.8711
2013.03.11 00:27:34.472,0.87093,0.87107
2013.03.11 00:27:36.942,0.87093,0.87107
2013.03.11 00:27:42.624,0.87091,0.87107
2013.03.11 00:27:47.453,0.87092,0.87107
2013.03.11 00:27:49.902,0.87092,0.87107
2013.03.11 00:27:50.264,0.87094,0.8711
2013.03.11 00:27:50.882,0.87093,0.87109
2013.03.11 00:27:51.002,0.87093,0.87108
2013.03.11 00:27:51.541,0.87093,0.87106
2013.03.11 00:27:53.962,0.8709,0.87106
2013.03.11 00:27:54.943,0.87091,0.87106
2013.03.11 00:27:55.192,0.87095,0.87107
2013.03.11 00:27:55.992,0.87093,0.87107
2013.03.11 00:27:58.222,0.87092,0.87107
2013.03.11 00:27:58.762,0.87092,0.87107
2013.03.11 00:28:03.222,0.87096,0.87107
2013.03.11 00:28:03.822,0.87098,0.8711
2013.03.11 00:28:03.941,0.87095,0.8711
2013.03.11 00:28:04.003,0.87095,0.8711
2013.03.11 00:28:04.252,0.87095,0.87108
2013.03.11 00:28:04.554,0.87092,0.87108
2013.03.11 00:28:06.682,0.87095,0.87108
2013.03.11 00:28:07.161,0.87095,0.87111
2013.03.11 00:28:07.401,0.87095,0.87111
2013.03.11 00:28:07.702,0.87093,0.8711
2013.03.11 00:28:07.822,0.87092,0.87109
2013.03.11 00:28:08.332,0.87092,0.87109
2013.03.11 00:28:08.921,0.87091,0.87109
2013.03.11 00:28:09.108,0.87091,0.87106
2013.03.11 00:28:09.423,0.87091,0.87105
2013.03.11 00:28:09.733,0.87091,0.87105
2013.03.11 00:28:22.473,0.87092,0.87105
2013.03.11 00:28:23.771,0.87092,0.87107
2013.03.11 00:28:23.952,0.87092,0.87107
2013.03.11 00:28:24.283,0.87091,0.87106
2013.03.11 00:28:24.462,0.87091,0.87106
2013.03.11 00:28:27.172,0.87093,0.87106
2013.03.11 00:28:27.652,0.87096,0.87108
2013.03.11 00:28:27.832,0.87096,0.87111
2013.03.11 00:28:28.383,0.87096,0.87111
2013.03.11 00:28:28.453,0.87096,0.87111
2013.03.11 00:28:28.834,0.87095,0.87108
2013.03.11 00:28:29.214,0.87095,0.87107
2013.03.11 00:28:29.748,0.87091,0.87105
2013.03.11 00:28:34.422,0.87091,0.87105
2013.03.11 00:28:43.913,0.87093,0.87105
2013.03.11 00:28:44.364,0.87095,0.87105
2013.03.11 00:28:44.492,0.87095,0.87108
2013.03.11 00:28:45.013,0.87095,0.8711
2013.03.11 00:29:00.502,0.87098,0.87114
2013.03.11 00:29:01.402,0.87099,0.87115
2013.03.11 00:29:09.352,0.87099,0.87114
2013.03.11 00:29:20.983,0.87098,0.87113
2013.03.11 00:29:26.932,0.87098,0.87112
2013.03.11 00:29:27.714,0.87098,0.87111
2013.03.11 00:29:28.023,0.87098,0.8711
2013.03.11 00:29:29.981,0.87098,0.8711
2013.03.11 00:29:34.553,0.87097,0.8711
2013.03.11 00:29:35.161,0.87097,0.87112
2013.03.11 00:29:42.512,0.87097,0.87111
2013.03.11 00:29:42.932,0.87098,0.87112
2013.03.11 00:29:43.184,0.87101,0.87113
2013.03.11 00:29:47.145,0.87099,0.87113
2013.03.11 00:29:51.952,0.87097,0.87111
2013.03.11 00:29:52.502,0.87096,0.8711
2013.03.11 00:29:53.072,0.87096,0.87111
2013.03.11 00:29:58.578,0.87097,0.87112
2013.03.11 00:29:58.943,0.87096,0.8711
2013.03.11 00:29:59.012,0.87094,0.8711
2013.03.11 00:30:01.332,0.87095,0.8711
2013.03.11 00:30:02.052,0.87093,0.87108
2013.03.11 00:30:02.739,0.87096,0.87111
2013.03.11 00:30:03.064,0.87097,0.87112
2013.03.11 00:30:03.612,0.87097,0.87112
2013.03.11 00:30:03.674,0.87097,0.87112
2013.03.11 00:30:04.222,0.87097,0.8711
2013.03.11 00:30:04.673,0.87097,0.87112
2013.03.11 00:30:05.162,0.87097,0.87111
2013.03.11 00:30:05.463,0.87097,0.87112
2013.03.11 00:30:08.152,0.87095,0.8711
2013.03.11 00:30:08.692,0.87095,0.8711
2013.03.11 00:30:10.193,0.87096,0.8711
2013.03.11 00:30:17.482,0.87097,0.87112
2013.03.11 00:30:18.022,0.87097,0.87112
2013.03.11 00:30:18.931,0.87097,0.87112
2013.03.11 00:30:19.815,0.87097,0.87111
2013.03.11 00:30:20.363,0.87097,0.87111
2013.03.11 00:30:20.923,0.87095,0.87111
2013.03.11 00:30:21.282,0.87095,0.87112
2013.03.11 00:30:21.821,0.87095,0.87111
2013.03.11 00:30:22.691,0.87095,0.87111
2013.03.11 00:30:23.244,0.87097,0.87112
2013.03.11 00:30:23.673,0.871,0.87112
2013.03.11 00:30:27.283,0.871,0.87112
2013.03.11 00:30:27.963,0.871,0.87112
2013.03.11 00:30:28.825,0.871,0.87112
2013.03.11 00:30:41.753,0.87101,0.87112
2013.03.11 00:30:49.791,0.87101,0.87112
2013.03.11 00:30:53.932,0.87099,0.87112
2013.03.11 00:30:54.052,0.87099,0.87112
2013.03.11 00:30:54.602,0.87098,0.87112
2013.03.11 00:30:55.442,0.87098,0.87113
2013.03.11 00:30:55.962,0.87098,0.87114
2013.03.11 00:30:57.424,0.87098,0.87114
2013.03.11 00:30:59.644,0.87098,0.87114
2013.03.11 00:31:00.615,0.87098,0.87114
2013.03.11 00:31:02.604,0.87098,0.87114
2013.03.11 00:31:03.793,0.87099,0.87114
2013.03.11 00:31:05.143,0.87099,0.87114
2013.03.11 00:31:06.953,0.87099,0.87114
2013.03.11 00:31:10.652,0.87099,0.87113
2013.03.11 00:31:11.013,0.87098,0.87112
2013.03.11 00:31:17.343,0.87099,0.87112
2013.03.11 00:31:17.834,0.87099,0.87112
2013.03.11 00:31:17.964,0.87099,0.87114
2013.03.11 00:31:18.572,0.87099,0.87114
2013.03.11 00:31:20.693,0.871,0.87115
2013.03.11 00:31:20.823,0.87101,0.87116
2013.03.11 00:31:23.826,0.87101,0.87116
2013.03.11 00:31:30.024,0.87102,0.87116
2013.03.11 00:31:30.333,0.87103,0.87116
2013.03.11 00:31:30.404,0.87103,0.87116
2013.03.11 00:31:30.712,0.87103,0.87117
2013.03.11 00:31:31.452,0.87103,0.87117
2013.03.11 00:31:34.668,0.87101,0.87116
2013.03.11 00:31:34.793,0.871,0.87115
2013.03.11 00:31:35.215,0.87097,0.87113
2013.03.11 00:31:50.783,0.87098,0.87113
2013.03.11 00:31:51.312,0.87098,0.87112
2013.03.11 00:31:51.953,0.87098,0.87112
2013.03.11 00:31:55.122,0.87097,0.87113
2013.03.11 00:31:57.062,0.87096,0.87109
2013.03.11 00:32:00.523,0.87096,0.8711
2013.03.11 00:32:00.593,0.87096,0.87111
2013.03.11 00:32:00.904,0.87097,0.87112
2013.03.11 00:32:01.332,0.87099,0.87115
2013.03.11 00:32:01.392,0.87101,0.87116
2013.03.11 00:32:01.453,0.87101,0.87116
2013.03.11 00:32:08.941,0.87103,0.87117
2013.03.11 00:32:29.081,0.87103,0.87117
2013.03.11 00:32:29.652,0.87103,0.87117
2013.03.11 00:32:30.361,0.87103,0.87117
2013.03.11 00:32:53.552,0.87101,0.87116
2013.03.11 00:32:54.092,0.871,0.87115
2013.03.11 00:32:54.334,0.87097,0.87114
2013.03.11 00:32:54.703,0.87097,0.87112
2013.03.11 00:32:55.242,0.87097,0.87112
2013.03.11 00:32:56.126,0.87101,0.87116
2013.03.11 00:32:56.312,0.87101,0.87118
2013.03.11 00:32:56.493,0.87101,0.87118
2013.03.11 00:32:56.734,0.87101,0.87116
2013.03.11 00:32:57.532,0.87103,0.87116
2013.03.11 00:33:00.274,0.871,0.87116
2013.03.11 00:33:00.713,0.87099,0.87114
2013.03.11 00:33:01.241,0.87098,0.87112
2013.03.11 00:33:02.782,0.87098,0.87112
2013.03.11 00:33:02.963,0.87101,0.87112
2013.03.11 00:33:03.143,0.87101,0.87114
2013.03.11 00:33:03.405,0.87102,0.87115
2013.03.11 00:33:13.353,0.871,0.87115
2013.03.11 00:33:14.022,0.871,0.87115
2013.03.11 00:33:31.462,0.87102,0.87115
2013.03.11 00:33:37.171,0.87102,0.87115
2013.03.11 00:33:47.544,0.87103,0.87118
2013.03.11 00:33:47.612,0.87103,0.87118
2013.03.11 00:34:21.468,0.87103,0.87118
2013.03.11 00:34:22.052,0.87103,0.87116
2013.03.11 00:34:22.312,0.87103,0.87116
2013.03.11 00:34:34.746,0.87099,0.87114
2013.03.11 00:34:35.352,0.87099,0.87114
2013.03.11 00:34:36.383,0.87096,0.87113
2013.03.11 00:34:39.102,0.87096,0.87113
2013.03.11 00:34:39.343,0.87097,0.87111
2013.03.11 00:34:39.918,0.87096,0.87111
2013.03.11 00:34:43.611,0.87096,0.87111
2013.03.11 00:34:45.402,0.87095,0.87108
2013.03.11 00:34:45.479,0.87094,0.87107
2013.03.11 00:34:45.723,0.87094,0.87109
2013.03.11 00:34:48.132,0.87098,0.87109
2013.03.11 00:34:48.192,0.87099,0.87113
2013.03.11 00:34:48.377,0.87098,0.87113
2013.03.11 00:34:48.502,0.87096,0.87113
2013.03.11 00:34:48.562,0.87096,0.8711
2013.03.11 00:35:08.962,0.87094,0.87109
2013.03.11 00:35:17.062,0.87095,0.8711
2013.03.11 00:35:17.572,0.87095,0.8711
2013.03.11 00:35:21.942,0.87096,0.8711
2013.03.11 00:35:22.242,0.87098,0.87113
2013.03.11 00:35:28.433,0.87098,0.87113
2013.03.11 00:35:36.652,0.87099,0.87113
2013.03.11 00:35:39.952,0.87099,0.87114
2013.03.11 00:35:40.602,0.87099,0.87115
2013.03.11 00:35:53.711,0.87098,0.87114
2013.03.11 00:36:08.418,0.87099,0.87115
2013.03.11 00:36:19.791,0.87098,0.87113
2013.03.11 00:36:19.973,0.87097,0.87113
2013.03.11 00:36:20.222,0.87097,0.87113
2013.03.11 00:36:20.403,0.87097,0.87113
2013.03.11 00:36:27.252,0.87096,0.87112
2013.03.11 00:36:33.092,0.87096,0.87113
2013.03.11 00:36:33.282,0.87096,0.87113
2013.03.11 00:36:33.464,0.87096,0.87113
2013.03.11 00:36:51.522,0.87095,0.8711
2013.03.11 00:36:58.754,0.87095,0.8711
2013.03.11 00:36:59.462,0.87095,0.8711
2013.03.11 00:37:00.068,0.87094,0.8711
2013.03.11 00:37:00.442,0.87094,0.8711
2013.03.11 00:37:01.261,0.87093,0.87109
2013.03.11 00:37:01.722,0.87093,0.87109
2013.03.11 00:37:04.433,0.87096,0.87111
2013.03.11 00:37:08.152,0.87096,0.87111
2013.03.11 00:37:08.514,0.87096,0.8711
2013.03.11 00:37:08.704,0.87093,0.87109
2013.03.11 00:37:11.972,0.87094,0.8711
2013.03.11 00:37:29.880,0.87094,0.87109
2013.03.11 00:37:30.498,0.87094,0.8711
2013.03.11 00:37:39.243,0.87094,0.87109
2013.03.11 00:37:45.517,0.87094,0.87109
2013.03.11 00:37:50.713,0.87094,0.87109
2013.03.11 00:37:50.892,0.87096,0.8711
2013.03.11 00:37:51.462,0.87094,0.87109
2013.03.11 00:37:51.822,0.87092,0.87109
2013.03.11 00:37:59.833,0.87091,0.87106
2013.03.11 00:38:00.141,0.87083,0.871
2013.03.11 00:38:00.548,0.87081,0.87096
2013.03.11 00:38:00.614,0.8708,0.87096
2013.03.11 00:38:07.382,0.87079,0.87096
2013.03.11 00:38:07.503,0.87079,0.87096
2013.03.11 00:38:07.682,0.87083,0.87096
2013.03.11 00:38:08.223,0.87085,0.87097
2013.03.11 00:38:08.942,0.87083,0.87097
2013.03.11 00:38:09.721,0.87082,0.87096
2013.03.11 00:38:11.793,0.87082,0.87096
2013.03.11 00:38:17.694,0.87081,0.87096
2013.03.11 00:38:18.402,0.87081,0.87096
2013.03.11 00:38:19.174,0.8708,0.87096
2013.03.11 00:38:19.424,0.87079,0.87094
2013.03.11 00:38:19.492,0.87077,0.87092
2013.03.11 00:38:20.032,0.87077,0.87091
2013.03.11 00:38:23.484,0.87075,0.8709
2013.03.11 00:38:25.882,0.87075,0.8709
2013.03.11 00:38:26.192,0.87075,0.87088
2013.03.11 00:38:28.692,0.87073,0.87088
2013.03.11 00:38:29.198,0.87073,0.87087
2013.03.11 00:38:29.741,0.8707,0.87085
2013.03.11 00:38:30.431,0.87071,0.87087
2013.03.11 00:38:31.485,0.87071,0.87087
2013.03.11 00:38:31.912,0.87075,0.87092
2013.03.11 00:38:32.274,0.87078,0.8709
2013.03.11 00:38:32.833,0.87078,0.8709
2013.03.11 00:38:33.201,0.87076,0.8709
2013.03.11 00:38:35.843,0.87076,0.8709
2013.03.11 00:38:36.152,0.87079,0.8709
2013.03.11 00:38:36.682,0.87081,0.87092
2013.03.11 00:38:36.743,0.87081,0.87092
2013.03.11 00:38:37.592,0.87083,0.87092
2013.03.11 00:38:37.903,0.87083,0.87095
2013.03.11 00:38:38.462,0.87083,0.87095
2013.03.11 00:38:41.274,0.87083,0.87095
2013.03.11 00:38:43.783,0.87085,0.87095
2013.03.11 00:38:44.702,0.87085,0.87095
2013.03.11 00:38:45.195,0.87085,0.871
2013.03.11 00:38:55.231,0.87084,0.87099
2013.03.11 00:38:56.459,0.87084,0.87099
2013.03.11 00:38:57.012,0.87086,0.87102
2013.03.11 00:38:57.492,0.87086,0.87101
2013.03.11 00:39:01.432,0.87086,0.87101
2013.03.11 00:39:03.612,0.87086,0.87101
2013.03.11 00:39:05.824,0.87086,0.87101
2013.03.11 00:39:09.812,0.87085,0.87101
2013.03.11 00:39:10.373,0.87085,0.87101
2013.03.11 00:39:19.762,0.87086,0.87101
2013.03.11 00:39:20.122,0.87086,0.87098
2013.03.11 00:39:20.422,0.87086,0.87098
2013.03.11 00:39:22.052,0.87086,0.87101
2013.03.11 00:39:22.552,0.87086,0.87101
2013.03.11 00:39:23.291,0.87086,0.87101
2013.03.11 00:39:26.473,0.87086,0.87102
2013.03.11 00:39:26.663,0.87087,0.87103
2013.03.11 00:39:27.192,0.87087,0.87104
2013.03.11 00:39:29.203,0.87086,0.87101
2013.03.11 00:39:29.263,0.87085,0.87101
2013.03.11 00:39:35.181,0.87084,0.87101
2013.03.11 00:39:36.472,0.87085,0.87101
2013.03.11 00:39:36.833,0.87086,0.87101
2013.03.11 00:39:37.342,0.87086,0.87101
2013.03.11 00:39:38.193,0.87088,0.87101
2013.03.11 00:39:38.492,0.87088,0.87104
2013.03.11 00:39:42.244,0.8709,0.87106
2013.03.11 00:39:42.432,0.87088,0.87105
2013.03.11 00:39:52.203,0.87088,0.87104
2013.03.11 00:40:07.561,0.87087,0.87104
2013.03.11 00:40:13.693,0.87087,0.87103
2013.03.11 00:40:14.173,0.87087,0.87103
2013.03.11 00:40:17.584,0.87087,0.87105
2013.03.11 00:40:22.954,0.87087,0.87105
2013.03.11 00:40:23.477,0.8709,0.87106
2013.03.11 00:40:29.929,0.87088,0.87106
2013.03.11 00:40:31.272,0.87088,0.87105
2013.03.11 00:40:32.223,0.87088,0.87105
2013.03.11 00:40:33.004,0.87088,0.87105
2013.03.11 00:40:35.722,0.87088,0.87105
2013.03.11 00:40:39.242,0.87088,0.87105
2013.03.11 00:40:40.882,0.87088,0.87104
2013.03.11 00:40:43.005,0.87087,0.87104
2013.03.11 00:40:43.131,0.87087,0.87104
2013.03.11 00:40:49.254,0.87087,0.87104
2013.03.11 00:40:50.252,0.87087,0.87104
2013.03.11 00:40:51.503,0.87087,0.87104
2013.03.11 00:40:51.892,0.87087,0.87104
2013.03.11 00:40:52.453,0.87087,0.87104
2013.03.11 00:40:53.033,0.87087,0.87104
2013.03.11 00:40:53.808,0.87087,0.87105
2013.03.11 00:40:56.194,0.87088,0.87105
2013.03.11 00:41:03.203,0.87086,0.87105
2013.03.11 00:41:03.917,0.87086,0.87105
2013.03.11 00:41:08.174,0.87085,0.871
2013.03.11 00:41:08.642,0.87086,0.87102
2013.03.11 00:41:11.045,0.87085,0.87101
2013.03.11 00:41:11.603,0.87084,0.871
2013.03.11 00:41:12.914,0.87084,0.871
2013.03.11 00:41:13.463,0.87084,0.871
2013.03.11 00:41:14.014,0.87086,0.87102
2013.03.11 00:41:14.524,0.87086,0.87102
2013.03.11 00:41:16.132,0.87086,0.87102
2013.03.11 00:41:19.532,0.87087,0.87103
2013.03.11 00:41:20.094,0.87087,0.87103
2013.03.11 00:41:20.464,0.87089,0.87103
2013.03.11 00:41:20.534,0.87091,0.87106
2013.03.11 00:41:20.593,0.87091,0.87107
2013.03.11 00:41:27.454,0.8709,0.87106
2013.03.11 00:41:28.002,0.87088,0.87105
2013.03.11 00:41:28.562,0.87088,0.87105
2013.03.11 00:41:29.104,0.8709,0.87107
2013.03.11 00:41:30.342,0.87091,0.87108
2013.03.11 00:41:42.862,0.87091,0.87108
2013.03.11 00:41:49.972,0.87092,0.87108
2013.03.11 00:41:58.650,0.87092,0.87108
2013.03.11 00:42:03.872,0.87092,0.87108
2013.03.11 00:42:04.942,0.87092,0.87108
2013.03.11 00:42:07.665,0.87092,0.87108
2013.03.11 00:42:08.662,0.87092,0.87108
2013.03.11 00:42:09.268,0.87092,0.87108
2013.03.11 00:42:20.154,0.87092,0.87108
2013.03.11 00:42:21.942,0.87093,0.87108
2013.03.11 00:42:22.186,0.87092,0.87108
2013.03.11 00:42:22.314,0.87091,0.87108
2013.03.11 00:42:33.823,0.87089,0.87107
2013.03.11 00:42:55.014,0.8709,0.87106
2013.03.11 00:42:55.143,0.87089,0.87106
2013.03.11 00:42:55.444,0.87087,0.87104
2013.03.11 00:42:55.983,0.87091,0.87104
2013.03.11 00:42:56.343,0.87091,0.87104
2013.03.11 00:43:19.896,0.8709,0.87104
2013.03.11 00:43:20.093,0.87088,0.87104
2013.03.11 00:43:22.432,0.87088,0.87104
2013.03.11 00:43:23.912,0.87088,0.87104
2013.03.11 00:43:25.593,0.87088,0.87104
2013.03.11 00:43:26.134,0.8709,0.87104
2013.03.11 00:43:26.264,0.8709,0.87106
2013.03.11 00:43:26.453,0.87092,0.87107
2013.03.11 00:43:27.383,0.87092,0.87107
2013.03.11 00:43:28.673,0.87092,0.87107
2013.03.11 00:43:28.793,0.87092,0.87107
2013.03.11 00:43:29.392,0.87092,0.87107
2013.03.11 00:43:30.234,0.87095,0.87108
2013.03.11 00:43:30.792,0.87095,0.87107
2013.03.11 00:43:31.374,0.87095,0.87109
2013.03.11 00:43:31.853,0.87097,0.87109
2013.03.11 00:43:32.253,0.87096,0.87113
2013.03.11 00:43:32.494,0.87099,0.87115
2013.03.11 00:43:43.748,0.87098,0.87115
2013.03.11 00:43:57.773,0.87097,0.87113
2013.03.11 00:43:58.382,0.87097,0.87112
2013.03.11 00:44:10.273,0.87096,0.87113
2013.03.11 00:44:14.823,0.87098,0.87113
2013.03.11 00:44:24.145,0.87097,0.87112
2013.03.11 00:44:24.334,0.871,0.87114
2013.03.11 00:44:24.898,0.87097,0.87112
2013.03.11 00:44:30.114,0.87095,0.87111
2013.03.11 00:44:37.221,0.87094,0.8711
2013.03.11 00:44:37.742,0.87094,0.8711
2013.03.11 00:44:43.423,0.87095,0.87112
2013.03.11 00:44:43.972,0.87095,0.87112
2013.03.11 00:44:44.153,0.87095,0.87112
2013.03.11 00:44:51.652,0.87098,0.87113
2013.03.11 00:44:53.053,0.87098,0.87113
2013.03.11 00:44:59.833,0.87097,0.87112
2013.03.11 00:45:04.803,0.87099,0.87114
2013.03.11 00:45:04.923,0.87099,0.87114
2013.03.11 00:45:06.771,0.87099,0.87114
2013.03.11 00:45:13.410,0.87098,0.87115
2013.03.11 00:45:17.753,0.87098,0.87115
2013.03.11 00:45:27.180,0.87097,0.87115
2013.03.11 00:45:28.189,0.87097,0.87114
2013.03.11 00:45:56.081,0.871,0.87114
2013.03.11 00:45:56.613,0.871,0.87114
2013.03.11 00:45:56.913,0.87099,0.87116
2013.03.11 00:45:59.054,0.87099,0.87117
2013.03.11 00:46:00.656,0.87099,0.87117
2013.03.11 00:46:01.049,0.87102,0.87119
2013.03.11 00:46:01.514,0.87106,0.87121
2013.03.11 00:46:03.106,0.87107,0.87123
2013.03.11 00:46:07.043,0.87105,0.87121
2013.03.11 00:46:09.495,0.87105,0.87122
2013.03.11 00:46:10.835,0.87105,0.87122
2013.03.11 00:46:12.341,0.87105,0.87122
2013.03.11 00:46:14.375,0.87107,0.87123
2013.03.11 00:46:16.344,0.87107,0.87123
2013.03.11 00:46:16.883,0.87107,0.87123
2013.03.11 00:46:25.193,0.87108,0.87124
2013.03.11 00:46:25.804,0.87108,0.87124
2013.03.11 00:46:26.633,0.87108,0.87125
2013.03.11 00:46:34.404,0.87112,0.87124
2013.03.11 00:46:36.873,0.87112,0.87125
2013.03.11 00:46:46.447,0.87112,0.87123
2013.03.11 00:46:46.694,0.8711,0.87124
2013.03.11 00:46:58.185,0.87113,0.87126
2013.03.11 00:46:58.434,0.87111,0.87126
2013.03.11 00:46:58.554,0.87111,0.87126
2013.03.11 00:46:59.096,0.87111,0.87125
2013.03.11 00:46:59.644,0.87111,0.87125
2013.03.11 00:47:01.104,0.87111,0.87125
2013.03.11 00:47:04.828,0.87111,0.87125
2013.03.11 00:47:06.395,0.87111,0.87125
2013.03.11 00:47:07.635,0.87111,0.87125
2013.03.11 00:47:10.374,0.87111,0.87126
2013.03.11 00:47:14.105,0.87111,0.87125
2013.03.11 00:47:16.530,0.87111,0.87125
2013.03.11 00:47:17.086,0.87111,0.87123
2013.03.11 00:47:19.310,0.87111,0.87124
2013.03.11 00:47:19.984,0.87109,0.87124
2013.03.11 00:47:20.404,0.87109,0.87125
2013.03.11 00:47:20.703,0.87107,0.87125
2013.03.11 00:47:20.884,0.87107,0.87123
2013.03.11 00:47:21.495,0.87107,0.87123
2013.03.11 00:47:22.699,0.87105,0.8712
2013.03.11 00:47:23.254,0.87106,0.8712
2013.03.11 00:47:23.794,0.87105,0.8712
2013.03.11 00:47:23.917,0.87105,0.87121
2013.03.11 00:47:24.489,0.87104,0.87117
2013.03.11 00:47:24.739,0.87103,0.87118
2013.03.11 00:47:24.926,0.87104,0.87119
2013.03.11 00:47:25.484,0.87104,0.87119
2013.03.11 00:47:26.033,0.87104,0.87119
2013.03.11 00:47:26.169,0.87104,0.87119
2013.03.11 00:47:28.474,0.87104,0.87119
2013.03.11 00:47:29.039,0.87104,0.87119
2013.03.11 00:47:30.153,0.87104,0.87119
2013.03.11 00:47:30.214,0.87105,0.87119
2013.03.11 00:47:31.255,0.87104,0.8712
2013.03.11 00:47:32.113,0.87104,0.8712
2013.03.11 00:47:35.082,0.87104,0.87121
2013.03.11 00:47:39.016,0.87104,0.87121
2013.03.11 00:47:44.043,0.87104,0.8712
2013.03.11 00:47:51.822,0.87104,0.8712
2013.03.11 00:47:52.603,0.87104,0.8712
2013.03.11 00:47:54.393,0.87104,0.8712
2013.03.11 00:47:55.685,0.87104,0.8712
2013.03.11 00:47:58.544,0.87104,0.8712
2013.03.11 00:47:58.965,0.87105,0.87121
2013.03.11 00:48:00.414,0.87105,0.87121
2013.03.11 00:48:09.237,0.87105,0.8712
2013.03.11 00:48:10.605,0.87105,0.87121
2013.03.11 00:48:17.483,0.87105,0.87121
2013.03.11 00:48:18.755,0.87105,0.87121
2013.03.11 00:48:21.394,0.87106,0.8712
2013.03.11 00:48:21.953,0.87108,0.87122
2013.03.11 00:48:22.373,0.87108,0.87123
2013.03.11 00:48:22.554,0.87108,0.87124
2013.03.11 00:48:23.234,0.87109,0.87125
2013.03.11 00:48:23.784,0.87111,0.87126
2013.03.11 00:48:26.165,0.8711,0.87125
2013.03.11 00:48:27.973,0.87109,0.87125
2013.03.11 00:48:29.534,0.87109,0.87124
2013.03.11 00:48:32.077,0.87109,0.87124
2013.03.11 00:48:37.125,0.87109,0.87125
2013.03.11 00:48:37.374,0.8711,0.87125
2013.03.11 00:48:38.024,0.87111,0.87126
2013.03.11 00:48:44.694,0.87111,0.87127
2013.03.11 00:48:48.658,0.87111,0.87126
2013.03.11 00:48:48.844,0.87115,0.8713
2013.03.11 00:48:48.906,0.87116,0.8713
2013.03.11 00:48:49.453,0.87118,0.87131
2013.03.11 00:48:49.694,0.87118,0.87133
2013.03.11 00:48:50.489,0.87118,0.87134
2013.03.11 00:48:51.885,0.87118,0.87135
2013.03.11 00:48:52.207,0.8712,0.87135
2013.03.11 00:48:52.515,0.87122,0.87136
2013.03.11 00:48:54.373,0.87122,0.87136
2013.03.11 00:48:57.863,0.87122,0.87138
2013.03.11 00:49:00.777,0.87122,0.87138
2013.03.11 00:49:00.964,0.87122,0.87132
2013.03.11 00:49:07.963,0.87118,0.87133
2013.03.11 00:49:08.024,0.87117,0.87133
2013.03.11 00:49:09.708,0.87116,0.87132
2013.03.11 00:49:10.393,0.87115,0.87132
2013.03.11 00:49:10.477,0.87115,0.87132
2013.03.11 00:49:10.784,0.87115,0.87133
2013.03.11 00:49:11.144,0.87117,0.87134
2013.03.11 00:49:11.395,0.87116,0.87134
2013.03.11 00:49:11.524,0.87114,0.87131
2013.03.11 00:49:11.713,0.87114,0.87132
2013.03.11 00:49:11.774,0.87114,0.87132
2013.03.11 00:49:12.214,0.87117,0.87133
2013.03.11 00:49:24.453,0.87117,0.87134
2013.03.11 00:49:28.719,0.87117,0.87134
2013.03.11 00:49:30.753,0.87117,0.87134
2013.03.11 00:49:31.056,0.87119,0.87136
2013.03.11 00:49:31.305,0.87119,0.87136
2013.03.11 00:49:32.153,0.87119,0.87136
2013.03.11 00:49:33.576,0.87119,0.87136
2013.03.11 00:49:35.125,0.87119,0.87137
2013.03.11 00:49:46.115,0.87121,0.87137
2013.03.11 00:49:47.215,0.8712,0.87137
2013.03.11 00:49:52.776,0.8712,0.87137
2013.03.11 00:49:54.476,0.8712,0.87139
2013.03.11 00:50:01.646,0.87119,0.87138
2013.03.11 00:50:28.924,0.87119,0.87136
2013.03.11 00:50:53.654,0.8712,0.87137
2013.03.11 00:50:57.974,0.8712,0.87137
2013.03.11 00:50:59.173,0.8712,0.87136
2013.03.11 00:51:03.865,0.87119,0.87135
2013.03.11 00:51:07.004,0.87119,0.87135
2013.03.11 00:51:15.127,0.87119,0.87136
2013.03.11 00:51:15.434,0.87121,0.87138
2013.03.11 00:51:15.974,0.87121,0.87138
2013.03.11 00:51:16.515,0.87121,0.87139
2013.03.11 00:51:24.049,0.87123,0.87141
2013.03.11 00:51:24.604,0.87123,0.87141
2013.03.11 00:51:25.131,0.87127,0.87143
2013.03.11 00:51:25.202,0.87126,0.87142
2013.03.11 00:51:25.627,0.87125,0.87138
2013.03.11 00:51:25.816,0.8712,0.87136
2013.03.11 00:51:26.186,0.87118,0.87132
2013.03.11 00:51:26.375,0.87118,0.87132
2013.03.11 00:51:26.735,0.87117,0.87132
2013.03.11 00:51:27.284,0.87117,0.87131
2013.03.11 00:51:27.405,0.87118,0.87133
2013.03.11 00:51:27.596,0.87118,0.87133
2013.03.11 00:51:27.785,0.87118,0.87133
2013.03.11 00:51:27.904,0.87118,0.87133
2013.03.11 00:51:28.444,0.87118,0.87132
2013.03.11 00:51:29.366,0.87117,0.87132
2013.03.11 00:51:29.874,0.87117,0.87132
2013.03.11 00:51:30.393,0.87117,0.87132
2013.03.11 00:51:30.756,0.87115,0.87131
2013.03.11 00:51:31.006,0.87115,0.8713
2013.03.11 00:51:31.315,0.87113,0.87127
2013.03.11 00:51:41.255,0.87111,0.87127
2013.03.11 00:51:41.506,0.87111,0.87127
2013.03.11 00:51:45.094,0.87114,0.87127
2013.03.11 00:51:46.176,0.87114,0.87127
2013.03.11 00:51:46.705,0.87111,0.87127
2013.03.11 00:51:47.305,0.87113,0.87127
2013.03.11 00:51:47.854,0.87113,0.87126
2013.03.11 00:51:49.825,0.87113,0.87126
2013.03.11 00:51:54.735,0.87111,0.87126
2013.03.11 00:51:55.295,0.87111,0.87126
2013.03.11 00:52:04.403,0.87112,0.87127
2013.03.11 00:52:04.704,0.87112,0.87127
2013.03.11 00:52:04.884,0.87111,0.87126
2013.03.11 00:52:05.425,0.87111,0.87124
2013.03.11 00:52:05.735,0.87106,0.87123
2013.03.11 00:52:06.078,0.87106,0.87122
2013.03.11 00:52:06.676,0.87106,0.87122
2013.03.11 00:52:07.284,0.87106,0.87122
2013.03.11 00:52:07.607,0.87109,0.87124
2013.03.11 00:52:07.993,0.87111,0.87128
2013.03.11 00:52:09.384,0.87111,0.87128
2013.03.11 00:52:21.054,0.87114,0.8713
2013.03.11 00:52:21.604,0.87115,0.87132
2013.03.11 00:52:22.026,0.87116,0.87134
2013.03.11 00:52:22.095,0.87119,0.87135
2013.03.11 00:52:22.885,0.87119,0.87135
2013.03.11 00:52:23.225,0.87119,0.87135
2013.03.11 00:52:23.883,0.8712,0.87137
2013.03.11 00:52:25.904,0.87119,0.87136
2013.03.11 00:52:26.454,0.87119,0.87136
2013.03.11 00:52:27.504,0.87118,0.87133
2013.03.11 00:52:28.326,0.87118,0.87133
2013.03.11 00:52:28.919,0.87118,0.87133
2013.03.11 00:52:29.843,0.87117,0.87133
2013.03.11 00:52:30.294,0.87117,0.87132
2013.03.11 00:52:32.213,0.87117,0.87135
2013.03.11 00:52:35.577,0.87118,0.87135
2013.03.11 00:52:39.504,0.87118,0.87135
2013.03.11 00:52:41.994,0.87117,0.87135
2013.03.11 00:52:42.704,0.87119,0.87135
2013.03.11 00:52:45.895,0.87118,0.87135
2013.03.11 00:52:55.875,0.87117,0.87133
2013.03.11 00:53:00.764,0.87118,0.87133
2013.03.11 00:53:05.623,0.87118,0.87135
2013.03.11 00:53:06.141,0.87119,0.87136
2013.03.11 00:53:06.203,0.8712,0.87136
2013.03.11 00:53:10.374,0.8712,0.87137
2013.03.11 00:53:14.575,0.8712,0.87136
2013.03.11 00:53:15.081,0.87119,0.87136
2013.03.11 00:53:19.434,0.8712,0.87136
2013.03.11 00:53:20.433,0.8712,0.87136
2013.03.11 00:53:20.493,0.87121,0.87136
2013.03.11 00:53:21.424,0.87121,0.87136
2013.03.11 00:53:22.033,0.87121,0.87136
2013.03.11 00:53:30.356,0.8712,0.87136
2013.03.11 00:53:30.909,0.8712,0.87137
2013.03.11 00:53:31.413,0.87123,0.87139
2013.03.11 00:53:31.474,0.87123,0.87139
2013.03.11 00:53:32.675,0.87123,0.87141
2013.03.11 00:53:33.192,0.87124,0.87141
2013.03.11 00:53:35.183,0.87125,0.87141
2013.03.11 00:53:37.153,0.87125,0.8714
2013.03.11 00:53:37.275,0.87123,0.8714
2013.03.11 00:53:40.933,0.87123,0.87139
2013.03.11 00:53:41.484,0.87124,0.87139
2013.03.11 00:53:43.638,0.87124,0.87139
2013.03.11 00:53:44.203,0.87123,0.8714
2013.03.11 00:53:53.999,0.87124,0.8714
2013.03.11 00:54:00.623,0.87125,0.8714
2013.03.11 00:54:09.313,0.87124,0.87139
2013.03.11 00:54:09.815,0.87123,0.87139
2013.03.11 00:54:17.908,0.87124,0.87139
2013.03.11 00:54:20.123,0.87122,0.87138
2013.03.11 00:54:23.225,0.87124,0.87139
2013.03.11 00:54:24.541,0.87124,0.8714
2013.03.11 00:54:28.865,0.87122,0.87137
2013.03.11 00:54:30.004,0.87121,0.87138
2013.03.11 00:54:30.183,0.87121,0.87137
2013.03.11 00:54:33.846,0.87121,0.87138
2013.03.11 00:54:34.397,0.87123,0.87136
2013.03.11 00:54:35.974,0.87123,0.87136
2013.03.11 00:54:41.194,0.87119,0.87136
2013.03.11 00:54:42.613,0.87117,0.87133
2013.03.11 00:54:43.399,0.8712,0.87134
2013.03.11 00:54:46.424,0.87119,0.87133
2013.03.11 00:54:46.905,0.87119,0.87133
2013.03.11 00:54:46.975,0.87115,0.87132
2013.03.11 00:54:47.635,0.87112,0.8713
2013.03.11 00:54:47.945,0.87112,0.87127
2013.03.11 00:54:49.326,0.87111,0.87127
2013.03.11 00:54:49.645,0.87109,0.87125
2013.03.11 00:54:52.400,0.87109,0.87125
2013.03.11 00:54:52.787,0.87107,0.87123
2013.03.11 00:54:53.285,0.87108,0.87123
2013.03.11 00:54:53.787,0.87111,0.87126
2013.03.11 00:54:53.854,0.87111,0.87127
2013.03.11 00:54:54.393,0.87112,0.87128
2013.03.11 00:54:54.934,0.87112,0.87128
2013.03.11 00:54:55.005,0.87115,0.87129
2013.03.11 00:54:56.154,0.87115,0.8713
2013.03.11 00:54:57.884,0.87114,0.87129
2013.03.11 00:54:58.445,0.87114,0.87127
2013.03.11 00:54:58.516,0.87112,0.87127
2013.03.11 00:54:58.945,0.87112,0.87127
2013.03.11 00:54:59.074,0.8711,0.87127
2013.03.11 00:54:59.916,0.8711,0.87127
2013.03.11 00:55:00.116,0.8711,0.87127
2013.03.11 00:55:00.447,0.87109,0.87125
2013.03.11 00:55:00.517,0.87107,0.87123
2013.03.11 00:55:01.065,0.87108,0.87123
2013.03.11 00:55:01.605,0.87108,0.87123
2013.03.11 00:55:02.126,0.87108,0.87123
2013.03.11 00:55:02.435,0.87111,0.87127
2013.03.11 00:55:02.991,0.87111,0.87128
2013.03.11 00:55:03.294,0.87111,0.87128
2013.03.11 00:55:03.834,0.87113,0.8713
2013.03.11 00:55:04.755,0.87112,0.87129
2013.03.11 00:55:05.294,0.87111,0.87128
2013.03.11 00:55:06.734,0.87117,0.87133
2013.03.11 00:55:06.795,0.87117,0.87133
2013.03.11 00:55:07.415,0.87117,0.87134
2013.03.11 00:55:07.725,0.87117,0.87134
2013.03.11 00:55:08.533,0.87118,0.87133
2013.03.11 00:55:10.927,0.87118,0.87133
2013.03.11 00:55:10.994,0.87115,0.87132
2013.03.11 00:55:11.596,0.87114,0.87132
2013.03.11 00:55:16.696,0.87115,0.87132
2013.03.11 00:55:17.213,0.87115,0.87132
2013.03.11 00:55:28.104,0.87117,0.87133
2013.03.11 00:55:31.789,0.87118,0.87133
2013.03.11 00:55:36.243,0.87118,0.87134
2013.03.11 00:55:40.515,0.87119,0.87134
2013.03.11 00:55:41.074,0.8712,0.87136
2013.03.11 00:55:45.024,0.8712,0.87135
2013.03.11 00:55:45.085,0.87119,0.87134
2013.03.11 00:55:45.635,0.87118,0.87133
2013.03.11 00:55:49.106,0.87118,0.87134
2013.03.11 00:55:50.955,0.87118,0.87133
2013.03.11 00:55:58.005,0.87118,0.87134
2013.03.11 00:55:59.684,0.87116,0.87133
2013.03.11 00:56:02.096,0.87116,0.87133
2013.03.11 00:56:02.750,0.87116,0.87133
2013.03.11 00:56:18.058,0.87116,0.87133
2013.03.11 00:56:23.176,0.87117,0.87134
2013.03.11 00:56:29.174,0.87121,0.87136
2013.03.11 00:56:29.355,0.87122,0.87137
2013.03.11 00:56:29.965,0.87121,0.87137
2013.03.11 00:56:33.363,0.87119,0.87137
2013.03.11 00:56:37.385,0.87119,0.87135
2013.03.11 00:56:43.570,0.87118,0.87134
2013.03.11 00:56:43.884,0.87116,0.87132
2013.03.11 00:56:44.494,0.87115,0.87131
2013.03.11 00:56:47.706,0.87114,0.8713
2013.03.11 00:56:50.637,0.87113,0.87129
2013.03.11 00:56:54.515,0.87113,0.87129
2013.03.11 00:57:01.234,0.87112,0.87129
2013.03.11 00:57:05.048,0.87113,0.87129
2013.03.11 00:57:05.415,0.87115,0.87131
2013.03.11 00:57:05.475,0.87115,0.87131
2013.03.11 00:57:05.727,0.87117,0.87133
2013.03.11 00:57:05.855,0.87117,0.87132
2013.03.11 00:57:06.285,0.87117,0.87132
2013.03.11 00:57:07.274,0.87117,0.87132
2013.03.11 00:57:12.735,0.87117,0.87133
2013.03.11 00:57:13.274,0.87118,0.87133
2013.03.11 00:57:14.806,0.87118,0.87133
2013.03.11 00:57:14.875,0.87115,0.8713
2013.03.11 00:57:15.185,0.87112,0.87128
2013.03.11 00:57:15.495,0.87109,0.87126
2013.03.11 00:57:16.244,0.87108,0.87126
2013.03.11 00:57:18.056,0.87107,0.87125
2013.03.11 00:57:18.594,0.87107,0.87124
2013.03.11 00:57:20.694,0.87107,0.87122
2013.03.11 00:57:20.814,0.87104,0.8712
2013.03.11 00:57:20.874,0.87103,0.8712
2013.03.11 00:57:21.055,0.87101,0.87118
2013.03.11 00:57:21.558,0.87098,0.87115
2013.03.11 00:57:24.396,0.87098,0.87115
2013.03.11 00:57:28.674,0.871,0.87116
2013.03.11 00:57:29.225,0.87102,0.87118
2013.03.11 00:57:35.395,0.87101,0.87117
2013.03.11 00:57:35.944,0.871,0.87115
2013.03.11 00:57:36.485,0.871,0.87115
2013.03.11 00:57:36.842,0.871,0.87115
2013.03.11 00:57:39.056,0.87101,0.87116
2013.03.11 00:57:39.186,0.87101,0.87118
2013.03.11 00:57:44.686,0.871,0.87118
2013.03.11 00:57:44.760,0.87097,0.87113
2013.03.11 00:57:45.315,0.87096,0.87112
2013.03.11 00:57:56.084,0.87096,0.87111
2013.03.11 00:57:58.395,0.87098,0.87113
2013.03.11 00:57:58.875,0.87098,0.87114
2013.03.11 00:58:01.804,0.871,0.87117
2013.03.11 00:58:03.315,0.871,0.87116
2013.03.11 00:58:11.226,0.871,0.87116
2013.03.11 00:58:16.687,0.871,0.87116
2013.03.11 00:58:22.273,0.87101,0.87116
2013.03.11 00:58:28.734,0.87099,0.87116
2013.03.11 00:58:30.194,0.871,0.87116
2013.03.11 00:58:31.116,0.87099,0.87116
2013.03.11 00:58:31.657,0.87099,0.87114
2013.03.11 00:58:48.694,0.87098,0.87114
2013.03.11 00:58:51.254,0.87098,0.87113
2013.03.11 00:58:53.054,0.87097,0.87113
2013.03.11 00:59:01.168,0.87098,0.87113
2013.03.11 00:59:04.346,0.87098,0.87113
2013.03.11 00:59:05.484,0.87098,0.87114
2013.03.11 00:59:27.414,0.87098,0.87113
2013.03.11 00:59:31.896,0.87098,0.87112
2013.03.11 00:59:38.646,0.87098,0.87113
2013.03.11 00:59:44.024,0.87099,0.87113
2013.03.11 00:59:44.604,0.871,0.87113
2013.03.11 00:59:48.668,0.87101,0.87114
2013.03.11 00:59:49.605,0.87101,0.87115
2013.03.11 00:59:49.914,0.87105,0.87119
2013.03.11 00:59:50.454,0.87105,0.87119
2013.03.11 00:59:50.995,0.87106,0.8712
2013.03.11 00:59:51.054,0.87107,0.8712
2013.03.11 00:59:51.534,0.87107,0.87122
2013.03.11 00:59:52.075,0.87107,0.87122
2013.03.11 00:59:52.613,0.87106,0.87121
2013.03.11 00:59:53.164,0.87106,0.87121
2013.03.11 00:59:56.134,0.87106,0.87121
2013.03.11 01:00:00.395,0.87107,0.87123
2013.03.11 01:00:01.306,0.87107,0.87122
2013.03.11 01:00:01.425,0.87105,0.8712
2013.03.11 01:00:01.486,0.87105,0.8712
2013.03.11 01:00:01.677,0.87104,0.87117
2013.03.11 01:00:02.904,0.87102,0.87117
2013.03.11 01:00:03.205,0.87105,0.8712
2013.03.11 01:00:03.744,0.87105,0.87121
2013.03.11 01:00:03.804,0.87106,0.87121
2013.03.11 01:00:04.360,0.87107,0.87122
2013.03.11 01:00:04.877,0.87107,0.87122
2013.03.11 01:00:05.405,0.87107,0.87122
2013.03.11 01:00:06.205,0.87107,0.87122
2013.03.11 01:00:17.575,0.87106,0.87122
2013.03.11 01:00:26.929,0.87106,0.87121
2013.03.11 01:00:31.606,0.87104,0.8712
2013.03.11 01:00:36.375,0.87105,0.8712
2013.03.11 01:00:36.555,0.87106,0.87122
2013.03.11 01:00:37.326,0.87104,0.87122
2013.03.11 01:00:37.517,0.87104,0.8712
2013.03.11 01:00:42.205,0.87104,0.8712
2013.03.11 01:00:53.705,0.87106,0.87122
2013.03.11 01:00:58.005,0.87105,0.87122
2013.03.11 01:00:58.794,0.87105,0.87122
2013.03.11 01:00:59.387,0.87105,0.87122
2013.03.11 01:01:00.827,0.87105,0.87122
2013.03.11 01:01:01.246,0.87106,0.87122
2013.03.11 01:01:01.435,0.87108,0.87123
2013.03.11 01:01:02.001,0.87106,0.87124
2013.03.11 01:01:07.135,0.87107,0.87124
2013.03.11 01:01:47.394,0.87107,0.87123
2013.03.11 01:01:57.235,0.87106,0.87122
2013.03.11 01:02:01.897,0.87106,0.87122
2013.03.11 01:02:02.506,0.87106,0.87123
2013.03.11 01:02:07.279,0.87106,0.87123
2013.03.11 01:02:16.196,0.87106,0.87124
2013.03.11 01:02:25.255,0.87106,0.87123
2013.03.11 01:02:27.505,0.87106,0.87123
2013.03.11 01:02:30.465,0.87107,0.87123
2013.03.11 01:02:31.575,0.87107,0.87123
2013.03.11 01:02:32.104,0.87106,0.87123
2013.03.11 01:02:38.716,0.87107,0.87123
2013.03.11 01:02:41.822,0.87106,0.87124
2013.03.11 01:02:44.455,0.8711,0.87124
2013.03.11 01:02:49.925,0.87108,0.87124
2013.03.11 01:02:53.344,0.87108,0.87124
2013.03.11 01:02:59.274,0.87109,0.87124
2013.03.11 01:03:00.134,0.87109,0.87124
2013.03.11 01:03:02.315,0.87109,0.87124
2013.03.11 01:03:06.437,0.87109,0.87124
2013.03.11 01:03:07.379,0.87109,0.87124
2013.03.11 01:03:08.045,0.87109,0.87124
2013.03.11 01:03:10.737,0.87107,0.87122
2013.03.11 01:03:11.466,0.87107,0.87122
2013.03.11 01:03:11.885,0.87105,0.8712
2013.03.11 01:03:11.946,0.87104,0.87119
2013.03.11 01:03:15.625,0.87102,0.87117
2013.03.11 01:03:27.755,0.87102,0.87117
2013.03.11 01:03:28.930,0.871,0.87116
2013.03.11 01:03:32.505,0.87105,0.87118
2013.03.11 01:03:33.014,0.87105,0.87118
2013.03.11 01:03:45.415,0.87105,0.87117
2013.03.11 01:03:46.855,0.87106,0.87117
2013.03.11 01:03:46.915,0.87106,0.8712
2013.03.11 01:03:48.206,0.87106,0.87119
2013.03.11 01:03:48.728,0.87105,0.87119
2013.03.11 01:03:50.867,0.87105,0.87119
2013.03.11 01:03:51.504,0.87105,0.87119
2013.03.11 01:03:52.966,0.87104,0.87118
2013.03.11 01:03:53.506,0.87103,0.87116
2013.03.11 01:03:57.211,0.87101,0.87116
2013.03.11 01:03:57.278,0.87101,0.87116
2013.03.11 01:03:57.835,0.87101,0.87116
2013.03.11 01:03:58.147,0.87102,0.87116
2013.03.11 01:04:00.037,0.87099,0.87116
2013.03.11 01:04:03.965,0.87099,0.87117
2013.03.11 01:04:05.764,0.87102,0.87119
2013.03.11 01:04:06.334,0.87102,0.87119
2013.03.11 01:04:06.937,0.87102,0.87119
2013.03.11 01:04:07.764,0.87102,0.87118
2013.03.11 01:04:18.437,0.871,0.87117
2013.03.11 01:04:18.686,0.871,0.87116
2013.03.11 01:04:26.726,0.87099,0.87115
2013.03.11 01:04:28.814,0.87099,0.87115
2013.03.11 01:04:32.481,0.87099,0.87114
2013.03.11 01:04:32.975,0.87099,0.87114
2013.03.11 01:04:35.656,0.87102,0.87118
2013.03.11 01:04:36.075,0.87102,0.87118
2013.03.11 01:04:36.585,0.87102,0.87118
2013.03.11 01:04:40.436,0.871,0.87118
2013.03.11 01:04:56.096,0.871,0.87117
2013.03.11 01:04:59.635,0.87101,0.87117
2013.03.11 01:05:00.709,0.87103,0.87118
2013.03.11 01:05:01.736,0.87103,0.87118
2013.03.11 01:05:01.796,0.87103,0.87118
2013.03.11 01:05:03.405,0.87103,0.87118
2013.03.11 01:05:03.585,0.87102,0.8712
2013.03.11 01:05:03.705,0.87102,0.8712
2013.03.11 01:05:04.214,0.87102,0.87119
2013.03.11 01:05:08.746,0.87101,0.87118
2013.03.11 01:05:08.985,0.87103,0.8712
2013.03.11 01:05:09.286,0.87105,0.87122
2013.03.11 01:05:12.766,0.87107,0.87123
2013.03.11 01:05:13.808,0.87108,0.87123
2013.03.11 01:05:14.393,0.87108,0.87123
2013.03.11 01:05:15.207,0.87108,0.87123
2013.03.11 01:05:20.361,0.87105,0.87123
2013.03.11 01:05:25.105,0.87106,0.87123
2013.03.11 01:05:29.744,0.87105,0.87122
2013.03.11 01:05:30.055,0.87106,0.87123
2013.03.11 01:05:40.965,0.87106,0.87123
2013.03.11 01:05:53.696,0.87108,0.87123
2013.03.11 01:06:09.445,0.87107,0.87124
2013.03.11 01:06:09.981,0.87107,0.87124
2013.03.11 01:06:23.206,0.87108,0.87124
2013.03.11 01:06:28.016,0.87107,0.87122
2013.03.11 01:06:30.925,0.87109,0.87124
2013.03.11 01:06:31.347,0.87109,0.87124
2013.03.11 01:06:37.986,0.87106,0.87123
2013.03.11 01:06:38.655,0.87106,0.87123
2013.03.11 01:06:41.976,0.87106,0.87122
2013.03.11 01:06:51.167,0.87106,0.87122
2013.03.11 01:06:52.215,0.87108,0.87122
2013.03.11 01:06:56.826,0.87106,0.87122
2013.03.11 01:07:12.445,0.87106,0.87122
2013.03.11 01:07:20.794,0.87106,0.87122
2013.03.11 01:07:28.957,0.87108,0.87122
2013.03.11 01:07:39.196,0.87108,0.87123
2013.03.11 01:07:41.446,0.87108,0.87123
2013.03.11 01:07:50.745,0.87106,0.87122
2013.03.11 01:07:50.987,0.87106,0.8712
2013.03.11 01:07:52.437,0.87107,0.87122
2013.03.11 01:07:58.337,0.87108,0.87122
2013.03.11 01:07:58.885,0.87108,0.87123
2013.03.11 01:07:59.456,0.87108,0.87123
2013.03.11 01:08:05.497,0.87106,0.87123
2013.03.11 01:08:06.057,0.87106,0.87123
2013.03.11 01:08:10.348,0.87107,0.87123
2013.03.11 01:08:11.215,0.87108,0.87123
2013.03.11 01:08:12.647,0.87109,0.87124
2013.03.11 01:08:13.017,0.87112,0.87125
2013.03.11 01:08:13.584,0.87113,0.87124
2013.03.11 01:08:13.706,0.87109,0.87123
2013.03.11 01:08:13.896,0.87108,0.87123
2013.03.11 01:08:14.446,0.87107,0.87121
2013.03.11 01:08:15.055,0.87105,0.87121
2013.03.11 01:08:15.298,0.87105,0.87121
2013.03.11 01:08:15.428,0.87104,0.87119
2013.03.11 01:08:36.707,0.87103,0.87118
2013.03.11 01:08:37.435,0.87101,0.87117
2013.03.11 01:08:37.495,0.87101,0.87117
2013.03.11 01:08:38.037,0.87101,0.87115
2013.03.11 01:08:42.457,0.871,0.87115
2013.03.11 01:08:46.166,0.871,0.87115
2013.03.11 01:08:59.947,0.871,0.87114
2013.03.11 01:09:10.642,0.871,0.87117
2013.03.11 01:09:15.596,0.87101,0.87117
2013.03.11 01:09:17.805,0.87101,0.87116
2013.03.11 01:09:24.326,0.871,0.87117
2013.03.11 01:09:26.025,0.87101,0.87117
2013.03.11 01:09:28.020,0.87101,0.87117
2013.03.11 01:09:31.916,0.87101,0.87116
2013.03.11 01:09:32.445,0.871,0.87116
2013.03.11 01:09:34.321,0.87101,0.87117
2013.03.11 01:09:40.507,0.87101,0.87117
2013.03.11 01:09:40.695,0.87103,0.87119
2013.03.11 01:09:41.515,0.87103,0.8712
2013.03.11 01:09:42.196,0.87103,0.8712
2013.03.11 01:09:42.742,0.87106,0.87122
2013.03.11 01:09:43.246,0.87106,0.87122
2013.03.11 01:09:51.457,0.87106,0.87122
2013.03.11 01:09:59.647,0.87105,0.87122
2013.03.11 01:10:02.595,0.87105,0.87122
2013.03.11 01:10:08.366,0.87107,0.87123
2013.03.11 01:10:11.245,0.87105,0.87123
2013.03.11 01:10:18.166,0.87106,0.87122
2013.03.11 01:10:23.677,0.87106,0.87122
2013.03.11 01:10:25.796,0.87106,0.87123
2013.03.11 01:10:27.108,0.87106,0.87123
2013.03.11 01:10:34.127,0.87107,0.87124
2013.03.11 01:10:34.257,0.87108,0.87124
2013.03.11 01:10:34.805,0.8711,0.87125
2013.03.11 01:10:38.425,0.8711,0.87125
2013.03.11 01:10:39.396,0.8711,0.87125
2013.03.11 01:10:40.996,0.8711,0.87125
2013.03.11 01:10:48.206,0.87111,0.87125
2013.03.11 01:10:48.516,0.87111,0.87127
2013.03.11 01:10:49.038,0.87113,0.87127
2013.03.11 01:10:49.586,0.87112,0.87127
2013.03.11 01:10:50.115,0.87113,0.87127
2013.03.11 01:10:52.676,0.87112,0.87127
2013.03.11 01:10:57.268,0.87112,0.87127
2013.03.11 01:10:58.266,0.87112,0.87128
2013.03.11 01:10:58.842,0.87112,0.87129
2013.03.11 01:11:04.866,0.87112,0.87128
2013.03.11 01:11:05.926,0.87111,0.87128
2013.03.11 01:11:14.337,0.8711,0.87125
2013.03.11 01:11:15.936,0.8711,0.87125
2013.03.11 01:11:18.877,0.87112,0.87126
2013.03.11 01:11:19.394,0.8711,0.87125
2013.03.11 01:11:20.202,0.8711,0.87124
2013.03.11 01:11:20.300,0.87107,0.87122
2013.03.11 01:11:20.740,0.87106,0.8712
2013.03.11 01:11:21.078,0.87104,0.87118
2013.03.11 01:11:21.207,0.87103,0.87118
2013.03.11 01:11:21.386,0.87102,0.87117
2013.03.11 01:11:21.627,0.87103,0.87118
2013.03.11 01:11:26.346,0.87101,0.87117
2013.03.11 01:11:26.706,0.87102,0.87117
2013.03.11 01:11:27.212,0.87101,0.87117
2013.03.11 01:11:28.326,0.87102,0.87119
2013.03.11 01:11:29.557,0.87102,0.87119
2013.03.11 01:11:30.244,0.87102,0.87119
2013.03.11 01:11:31.295,0.87102,0.87119
2013.03.11 01:11:31.897,0.87102,0.87119
2013.03.11 01:11:35.986,0.87102,0.8712
2013.03.11 01:11:36.406,0.87105,0.87119
2013.03.11 01:11:36.837,0.87105,0.87122
2013.03.11 01:11:36.978,0.87108,0.87124
2013.03.11 01:11:42.326,0.87108,0.87124
2013.03.11 01:11:42.876,0.87108,0.87124
2013.03.11 01:11:43.429,0.87108,0.87124
2013.03.11 01:11:44.011,0.87108,0.87124
2013.03.11 01:11:44.566,0.87108,0.87124
2013.03.11 01:11:44.867,0.87109,0.87125
2013.03.11 01:11:45.198,0.8711,0.87126
2013.03.11 01:11:45.758,0.8711,0.87125
2013.03.11 01:11:47.756,0.87109,0.87123
2013.03.11 01:11:50.458,0.87109,0.87124
2013.03.11 01:11:52.187,0.87109,0.87124
2013.03.11 01:11:52.990,0.87108,0.87124
2013.03.11 01:11:53.059,0.87109,0.87125
2013.03.11 01:11:53.788,0.87111,0.87125
2013.03.11 01:11:57.207,0.87112,0.87127
2013.03.11 01:11:59.376,0.87111,0.87126
2013.03.11 01:12:05.736,0.87111,0.87126
2013.03.11 01:12:06.726,0.87111,0.87126
2013.03.11 01:12:07.438,0.87112,0.87127
2013.03.11 01:12:09.141,0.87115,0.87127
2013.03.11 01:12:09.686,0.87115,0.8713
2013.03.11 01:12:10.937,0.87115,0.8713
2013.03.11 01:12:11.187,0.87113,0.87129
2013.03.11 01:12:11.367,0.87113,0.87129
2013.03.11 01:12:12.286,0.87113,0.87129
2013.03.11 01:12:13.387,0.87113,0.87129
2013.03.11 01:12:16.037,0.87113,0.87127
2013.03.11 01:12:16.818,0.87113,0.87126
2013.03.11 01:12:17.446,0.87113,0.87128
2013.03.11 01:12:23.226,0.87113,0.87129
2013.03.11 01:12:27.687,0.87113,0.87129
2013.03.11 01:12:29.678,0.87113,0.87127
2013.03.11 01:12:29.748,0.87113,0.87125
2013.03.11 01:12:30.324,0.87113,0.87124
2013.03.11 01:12:30.446,0.87109,0.87124
2013.03.11 01:12:31.277,0.87109,0.87125
2013.03.11 01:12:32.309,0.87109,0.87124
2013.03.11 01:12:36.359,0.87109,0.87123
2013.03.11 01:12:36.868,0.8711,0.87124
2013.03.11 01:12:37.118,0.8711,0.87126
2013.03.11 01:12:41.639,0.87109,0.87123
2013.03.11 01:12:41.828,0.87108,0.87123
2013.03.11 01:12:42.338,0.87107,0.87123
2013.03.11 01:12:44.190,0.87107,0.87123
2013.03.11 01:12:48.446,0.87107,0.87124
2013.03.11 01:12:50.306,0.87107,0.87124
2013.03.11 01:12:51.910,0.87107,0.87122
2013.03.11 01:12:54.857,0.87106,0.87122
2013.03.11 01:12:57.827,0.87106,0.87122
2013.03.11 01:13:01.465,0.87106,0.87122
2013.03.11 01:13:04.466,0.87106,0.87122
2013.03.11 01:13:05.747,0.87107,0.87121
2013.03.11 01:13:06.297,0.87107,0.87122
2013.03.11 01:13:06.849,0.87107,0.87122
2013.03.11 01:13:07.456,0.87107,0.87121
2013.03.11 01:13:10.318,0.87106,0.8712
2013.03.11 01:13:10.820,0.87105,0.87119
2013.03.11 01:13:11.126,0.87102,0.87116
2013.03.11 01:13:11.426,0.87101,0.87116
2013.03.11 01:13:11.966,0.871,0.87116
2013.03.11 01:13:12.807,0.871,0.87116
2013.03.11 01:13:14.251,0.87101,0.87119
2013.03.11 01:13:14.559,0.87104,0.8712
2013.03.11 01:13:14.867,0.87104,0.87122
2013.03.11 01:13:15.748,0.87105,0.87122
2013.03.11 01:13:16.296,0.87105,0.87122
2013.03.11 01:13:16.949,0.87107,0.87122
2013.03.11 01:13:17.258,0.87108,0.87122
2013.03.11 01:13:17.577,0.8711,0.87122
2013.03.11 01:13:18.117,0.87111,0.87123
2013.03.11 01:13:18.186,0.87111,0.87125
2013.03.11 01:13:24.879,0.87109,0.87125
2013.03.11 01:13:25.427,0.87108,0.87125
2013.03.11 01:13:27.051,0.87108,0.87125
2013.03.11 01:13:27.357,0.87107,0.87123
2013.03.11 01:13:30.380,0.87107,0.8712
2013.03.11 01:13:32.809,0.87105,0.8712
2013.03.11 01:13:33.237,0.87105,0.8712
2013.03.11 01:13:34.817,0.87104,0.87119
2013.03.11 01:13:35.131,0.87104,0.8712
2013.03.11 01:13:36.098,0.87103,0.8712
2013.03.11 01:13:36.655,0.87103,0.87118
2013.03.11 01:13:37.206,0.87102,0.87118
2013.03.11 01:13:38.477,0.87101,0.87118
2013.03.11 01:13:42.804,0.87101,0.87118
2013.03.11 01:13:44.298,0.87102,0.87118
2013.03.11 01:13:44.427,0.87102,0.87118
2013.03.11 01:13:44.787,0.87103,0.87119
2013.03.11 01:13:45.836,0.87105,0.8712
2013.03.11 01:13:47.336,0.87105,0.8712
2013.03.11 01:14:00.426,0.87105,0.87121
2013.03.11 01:14:00.546,0.87107,0.87123
2013.03.11 01:14:00.966,0.87109,0.87125
2013.03.11 01:14:03.426,0.87109,0.87127
2013.03.11 01:14:03.967,0.87112,0.87129
2013.03.11 01:14:04.037,0.87112,0.8713
2013.03.11 01:14:04.899,0.87115,0.8713
2013.03.11 01:14:06.166,0.87118,0.87133
2013.03.11 01:14:06.356,0.87117,0.87132
2013.03.11 01:14:06.957,0.87118,0.87133
2013.03.11 01:14:07.509,0.87118,0.87133
2013.03.11 01:14:08.898,0.87114,0.87131
2013.03.11 01:14:12.086,0.87113,0.8713
2013.03.11 01:14:12.617,0.87113,0.8713
2013.03.11 01:14:13.126,0.87113,0.8713
2013.03.11 01:14:15.716,0.87113,0.8713
2013.03.11 01:14:16.077,0.87113,0.8713
2013.03.11 01:14:21.368,0.87112,0.87129
2013.03.11 01:14:22.527,0.87112,0.87129
2013.03.11 01:14:23.032,0.87112,0.87129
2013.03.11 01:14:24.386,0.87112,0.87129
2013.03.11 01:14:30.837,0.87113,0.87131
2013.03.11 01:14:33.767,0.87113,0.87131
2013.03.11 01:14:35.006,0.87113,0.87129
2013.03.11 01:14:52.986,0.87113,0.87129
2013.03.11 01:14:53.887,0.87113,0.87129
2013.03.11 01:15:00.814,0.87113,0.87129
2013.03.11 01:15:03.207,0.8711,0.87128
2013.03.11 01:15:05.738,0.87113,0.87129
2013.03.11 01:15:08.209,0.87114,0.87129
2013.03.11 01:15:08.516,0.87123,0.87134
2013.03.11 01:15:08.637,0.87123,0.87134
2013.03.11 01:15:09.188,0.87123,0.87135
2013.03.11 01:15:09.689,0.87123,0.87135
2013.03.11 01:15:10.236,0.87124,0.87136
2013.03.11 01:15:10.786,0.87123,0.87136
2013.03.11 01:15:12.261,0.87124,0.87136
2013.03.11 01:15:16.488,0.87123,0.87138
2013.03.11 01:15:20.188,0.87123,0.87138
2013.03.11 01:15:20.747,0.87124,0.87139
2013.03.11 01:15:21.885,0.87124,0.87141
2013.03.11 01:15:26.977,0.87124,0.87141
2013.03.11 01:15:28.067,0.8712,0.8714
2013.03.11 01:15:30.846,0.8712,0.87138
2013.03.11 01:15:31.566,0.8712,0.87137
2013.03.11 01:15:32.046,0.87118,0.87136
2013.03.11 01:15:32.706,0.87118,0.87136
2013.03.11 01:15:41.975,0.87116,0.87135
2013.03.11 01:15:42.516,0.87116,0.87135
2013.03.11 01:15:45.936,0.87117,0.87134
2013.03.11 01:15:46.667,0.87117,0.87134
2013.03.11 01:15:48.087,0.87115,0.87133
2013.03.11 01:15:50.726,0.87115,0.87133
2013.03.11 01:15:53.936,0.87117,0.87134
2013.03.11 01:15:56.547,0.87117,0.87134
2013.03.11 01:15:56.727,0.87117,0.87134
2013.03.11 01:15:57.170,0.87118,0.87134
2013.03.11 01:15:57.487,0.87118,0.87135
2013.03.11 01:15:57.916,0.87117,0.87134
2013.03.11 01:15:58.455,0.87116,0.87133
2013.03.11 01:15:59.963,0.87117,0.87132
2013.03.11 01:16:00.169,0.87123,0.87136
2013.03.11 01:16:00.240,0.87123,0.87136
2013.03.11 01:16:00.758,0.87124,0.87136
2013.03.11 01:16:01.064,0.87121,0.87137
2013.03.11 01:16:01.458,0.87118,0.87134
2013.03.11 01:16:02.006,0.87119,0.87135
2013.03.11 01:16:04.817,0.8712,0.87135
2013.03.11 01:16:21.597,0.87119,0.87136
2013.03.11 01:16:22.236,0.8712,0.87137
2013.03.11 01:16:23.247,0.8712,0.87137
2013.03.11 01:16:30.891,0.87119,0.87136
2013.03.11 01:16:40.157,0.87118,0.87135
2013.03.11 01:16:40.397,0.8712,0.87137
2013.03.11 01:16:46.067,0.8712,0.87136
2013.03.11 01:16:49.446,0.8712,0.87137
2013.03.11 01:16:54.939,0.8712,0.87137
2013.03.11 01:16:59.647,0.8712,0.87137
2013.03.11 01:17:07.415,0.8712,0.87135
2013.03.11 01:17:26.707,0.87119,0.87135
2013.03.11 01:17:29.328,0.87119,0.87134
2013.03.11 01:17:34.296,0.87119,0.87135
2013.03.11 01:17:34.968,0.87118,0.87134
2013.03.11 01:17:38.437,0.8712,0.87135
2013.03.11 01:17:44.286,0.87118,0.87134
2013.03.11 01:17:48.206,0.87119,0.87134
2013.03.11 01:17:56.313,0.87119,0.87134
2013.03.11 01:17:58.178,0.87117,0.87134
2013.03.11 01:18:05.546,0.87119,0.87134
2013.03.11 01:18:14.195,0.87117,0.87134
2013.03.11 01:18:24.049,0.87118,0.87133
2013.03.11 01:18:34.285,0.87118,0.87133
2013.03.11 01:18:45.566,0.87117,0.87135
2013.03.11 01:18:46.106,0.87121,0.87135
2013.03.11 01:18:56.337,0.8712,0.87136
2013.03.11 01:18:57.596,0.87118,0.87135
2013.03.11 01:19:08.207,0.8712,0.87137
2013.03.11 01:19:12.516,0.87121,0.87136
2013.03.11 01:19:21.757,0.87118,0.87136
2013.03.11 01:19:24.969,0.87118,0.87136
2013.03.11 01:19:25.459,0.87124,0.8714
2013.03.11 01:19:25.529,0.87125,0.87141
2013.03.11 01:19:26.077,0.87126,0.87142
2013.03.11 01:19:31.715,0.87125,0.87141
2013.03.11 01:19:32.267,0.87126,0.87142
2013.03.11 01:19:34.396,0.87126,0.87143
2013.03.11 01:19:35.004,0.87126,0.87143
2013.03.11 01:19:36.186,0.87126,0.87143
2013.03.11 01:19:38.586,0.87126,0.87143
2013.03.11 01:19:43.448,0.87126,0.87143
2013.03.11 01:19:44.147,0.87124,0.87142
2013.03.11 01:19:45.747,0.87126,0.87143
2013.03.11 01:19:55.716,0.87125,0.87142
2013.03.11 01:19:58.096,0.87126,0.87143
2013.03.11 01:19:59.596,0.87125,0.87142
2013.03.11 01:20:01.360,0.87124,0.87141
2013.03.11 01:20:05.008,0.87124,0.8714
2013.03.11 01:20:05.546,0.87125,0.8714
2013.03.11 01:20:10.949,0.87125,0.87141
2013.03.11 01:20:11.078,0.87127,0.87142
2013.03.11 01:20:11.207,0.87126,0.87142
2013.03.11 01:20:11.758,0.87127,0.87142
2013.03.11 01:20:12.717,0.87126,0.87142
2013.03.11 01:20:13.377,0.87125,0.87142
2013.03.11 01:20:14.260,0.87125,0.87142
2013.03.11 01:20:15.084,0.87125,0.87142
2013.03.11 01:20:16.857,0.87125,0.87142
2013.03.11 01:20:17.447,0.87125,0.87141
2013.03.11 01:20:18.507,0.87125,0.87142
2013.03.11 01:20:20.679,0.87125,0.87142
2013.03.11 01:20:23.217,0.87126,0.87142
2013.03.11 01:20:23.756,0.87125,0.87141
2013.03.11 01:20:25.030,0.87127,0.87142
2013.03.11 01:20:55.098,0.87126,0.87142
2013.03.11 01:20:58.999,0.87126,0.87142
2013.03.11 01:20:59.548,0.87126,0.87141
2013.03.11 01:21:03.218,0.87126,0.87142
2013.03.11 01:21:03.768,0.87126,0.87142
2013.03.11 01:21:04.197,0.87128,0.87143
2013.03.11 01:21:05.808,0.87128,0.87144
2013.03.11 01:21:10.947,0.87129,0.87144
2013.03.11 01:21:11.369,0.87129,0.87145
2013.03.11 01:21:13.929,0.87131,0.87145
2013.03.11 01:21:14.647,0.8713,0.87145
2013.03.11 01:21:15.688,0.8713,0.87145
2013.03.11 01:21:15.748,0.87128,0.87143
2013.03.11 01:21:16.148,0.87128,0.87145
2013.03.11 01:21:17.999,0.87128,0.87143
2013.03.11 01:21:18.447,0.87129,0.87145
2013.03.11 01:21:19.069,0.87133,0.87146
2013.03.11 01:21:24.647,0.87131,0.87146
2013.03.11 01:21:26.559,0.87131,0.87146
2013.03.11 01:21:28.232,0.87131,0.87145
2013.03.11 01:21:28.536,0.87132,0.87145
2013.03.11 01:21:33.718,0.8713,0.87144
2013.03.11 01:21:35.747,0.87128,0.87142
2013.03.11 01:21:53.369,0.8713,0.87142
2013.03.11 01:21:55.179,0.87129,0.87142
2013.03.11 01:22:35.137,0.87125,0.87143
2013.03.11 01:22:36.209,0.87129,0.87144
2013.03.11 01:22:40.076,0.87127,0.87144
2013.03.11 01:22:41.239,0.87126,0.87143
2013.03.11 01:22:45.609,0.87126,0.87142
2013.03.11 01:22:46.163,0.87127,0.87142
2013.03.11 01:22:50.340,0.87125,0.8714
2013.03.11 01:22:55.907,0.87123,0.87138
2013.03.11 01:22:56.267,0.87119,0.87135
2013.03.11 01:22:56.688,0.87119,0.87135
2013.03.11 01:22:56.757,0.87117,0.87133
2013.03.11 01:22:58.608,0.87117,0.87133
2013.03.11 01:23:22.196,0.87117,0.87132
2013.03.11 01:23:30.429,0.87117,0.87132
2013.03.11 01:23:45.167,0.87117,0.87132
2013.03.11 01:23:55.268,0.87115,0.87131
2013.03.11 01:24:00.787,0.87117,0.87133
2013.03.11 01:24:01.149,0.87117,0.87133
2013.03.11 01:24:13.999,0.87115,0.8713
2013.03.11 01:24:14.308,0.87115,0.87129
2013.03.11 01:24:27.402,0.87115,0.87127
2013.03.11 01:24:42.696,0.87116,0.87127
2013.03.11 01:24:43.857,0.87116,0.87127
2013.03.11 01:24:44.427,0.87116,0.87128
2013.03.11 01:24:55.883,0.87116,0.87127
2013.03.11 01:25:04.318,0.87116,0.87126
2013.03.11 01:25:05.695,0.87116,0.87128
2013.03.11 01:25:12.697,0.87115,0.87128
2013.03.11 01:25:14.457,0.87115,0.87128
2013.03.11 01:25:24.518,0.87115,0.87128
2013.03.11 01:25:25.478,0.87115,0.87128
2013.03.11 01:25:28.797,0.87115,0.87128
2013.03.11 01:25:38.585,0.87115,0.87128
2013.03.11 01:25:41.128,0.87115,0.87128
2013.03.11 01:25:52.523,0.87116,0.87127
2013.03.11 01:25:57.657,0.87116,0.87128
2013.03.11 01:26:02.329,0.87116,0.8713
2013.03.11 01:26:02.792,0.87118,0.87133
2013.03.11 01:26:03.769,0.87118,0.87134
2013.03.11 01:26:37.168,0.87118,0.87134
2013.03.11 01:26:37.671,0.87117,0.87132
2013.03.11 01:26:49.884,0.87117,0.87132
2013.03.11 01:26:53.988,0.87117,0.87133
2013.03.11 01:26:58.083,0.87118,0.87133
2013.03.11 01:27:00.438,0.87116,0.87133
2013.03.11 01:27:37.197,0.87116,0.87133
2013.03.11 01:27:43.269,0.87117,0.87133
2013.03.11 01:27:46.986,0.87118,0.87133
2013.03.11 01:28:02.663,0.87117,0.87134
2013.03.11 01:28:05.707,0.87117,0.87133
2013.03.11 01:28:06.977,0.87117,0.87133
2013.03.11 01:28:11.116,0.87117,0.87133
2013.03.11 01:28:11.677,0.87117,0.87132
2013.03.11 01:28:11.979,0.87117,0.87131
2013.03.11 01:28:12.459,0.87116,0.87131
2013.03.11 01:28:13.350,0.87117,0.87131
2013.03.11 01:28:28.629,0.87118,0.87133
2013.03.11 01:28:28.758,0.87119,0.87133
2013.03.11 01:28:30.718,0.8712,0.87134
2013.03.11 01:28:31.259,0.8712,0.87134
2013.03.11 01:28:32.711,0.87121,0.87134
2013.03.11 01:28:37.229,0.8712,0.87134
2013.03.11 01:28:40.130,0.87121,0.87134
2013.03.11 01:28:44.138,0.87122,0.87134
2013.03.11 01:28:51.277,0.87123,0.87134
2013.03.11 01:29:09.607,0.8712,0.87135
2013.03.11 01:29:16.697,0.87121,0.87135
2013.03.11 01:29:18.637,0.87121,0.87135
2013.03.11 01:29:28.198,0.8712,0.87135
2013.03.11 01:29:28.377,0.8712,0.87137
2013.03.11 01:29:28.438,0.8712,0.87137
2013.03.11 01:29:28.677,0.8712,0.87137
2013.03.11 01:29:29.038,0.87123,0.87135
2013.03.11 01:29:57.127,0.87121,0.87135
2013.03.11 01:30:08.907,0.87121,0.87135
2013.03.11 01:30:10.937,0.87121,0.87135
2013.03.11 01:30:11.680,0.87118,0.87133
2013.03.11 01:30:11.989,0.87118,0.87132
2013.03.11 01:30:12.477,0.87117,0.87132
2013.03.11 01:30:13.458,0.87117,0.87131
2013.03.11 01:30:14.008,0.87117,0.8713
2013.03.11 01:30:16.440,0.87115,0.8713
2013.03.11 01:30:18.657,0.87115,0.8713
2013.03.11 01:30:19.218,0.87115,0.8713
2013.03.11 01:30:20.168,0.87115,0.8713
2013.03.11 01:30:23.862,0.87115,0.87129
2013.03.11 01:30:26.818,0.87115,0.87129
2013.03.11 01:30:27.358,0.87115,0.8713
2013.03.11 01:30:28.419,0.87114,0.87129
2013.03.11 01:30:28.968,0.87114,0.87129
2013.03.11 01:30:29.630,0.87113,0.87127
2013.03.11 01:30:29.938,0.87113,0.87127
2013.03.11 01:30:30.319,0.87113,0.87126
2013.03.11 01:30:35.948,0.87113,0.87126
2013.03.11 01:30:48.773,0.87113,0.87126
2013.03.11 01:30:52.184,0.87113,0.87127
2013.03.11 01:30:53.092,0.87112,0.87128
2013.03.11 01:30:53.648,0.87114,0.8713
2013.03.11 01:30:54.153,0.87115,0.8713
2013.03.11 01:31:01.023,0.87115,0.87131
2013.03.11 01:31:01.579,0.87116,0.87131
2013.03.11 01:31:02.235,0.87116,0.8713
2013.03.11 01:31:06.269,0.87116,0.87131
2013.03.11 01:31:06.798,0.87116,0.87131
2013.03.11 01:31:14.507,0.87117,0.87131
2013.03.11 01:31:19.227,0.87116,0.87131
2013.03.11 01:31:24.228,0.87118,0.87131
2013.03.11 01:31:32.267,0.87116,0.87131
2013.03.11 01:31:32.968,0.87117,0.87131
2013.03.11 01:31:37.027,0.87116,0.87131
2013.03.11 01:31:53.905,0.87115,0.87131
2013.03.11 01:32:01.329,0.87116,0.87131
2013.03.11 01:32:21.879,0.87117,0.87131
2013.03.11 01:32:23.670,0.87117,0.87131
2013.03.11 01:32:24.177,0.87117,0.87131
2013.03.11 01:32:52.688,0.87117,0.87131
2013.03.11 01:32:56.367,0.87117,0.87132
2013.03.11 01:32:57.208,0.87116,0.87132
2013.03.11 01:33:01.658,0.87116,0.87132
2013.03.11 01:33:02.199,0.87118,0.87132
2013.03.11 01:33:05.709,0.87117,0.87131
2013.03.11 01:33:18.754,0.87116,0.87131
2013.03.11 01:33:20.667,0.87116,0.87131
2013.03.11 01:33:36.780,0.87116,0.87131
2013.03.11 01:33:53.937,0.87117,0.87131
2013.03.11 01:34:03.960,0.87117,0.87131
2013.03.11 01:34:12.376,0.87118,0.87131
2013.03.11 01:34:16.097,0.87116,0.87131
2013.03.11 01:34:20.928,0.87115,0.87131
2013.03.11 01:34:24.779,0.87115,0.87131
2013.03.11 01:34:38.918,0.87117,0.87131
2013.03.11 01:34:46.278,0.87115,0.87131
2013.03.11 01:34:56.075,0.87115,0.87131
2013.03.11 01:35:08.681,0.87116,0.8713
2013.03.11 01:35:14.667,0.87116,0.8713
2013.03.11 01:35:18.293,0.87114,0.8713
2013.03.11 01:35:36.689,0.87114,0.87129
2013.03.11 01:35:37.198,0.87114,0.87129
2013.03.11 01:36:05.518,0.87115,0.87129
2013.03.11 01:36:31.718,0.87114,0.87129
2013.03.11 01:36:33.700,0.87114,0.87129
2013.03.11 01:36:41.360,0.87114,0.8713
2013.03.11 01:37:02.138,0.87116,0.8713
2013.03.11 01:37:07.928,0.87115,0.87128
2013.03.11 01:37:33.198,0.87114,0.87131
2013.03.11 01:37:39.021,0.87115,0.87131
2013.03.11 01:37:43.228,0.87115,0.8713
2013.03.11 01:38:07.983,0.87114,0.87131
2013.03.11 01:38:14.330,0.87113,0.8713
2013.03.11 01:38:35.373,0.87115,0.87132
2013.03.11 01:38:38.490,0.87115,0.87131
2013.03.11 01:38:38.618,0.87113,0.8713
2013.03.11 01:38:40.391,0.87113,0.8713
2013.03.11 01:38:40.459,0.87114,0.8713
2013.03.11 01:38:41.247,0.87116,0.8713
2013.03.11 01:38:44.460,0.87116,0.8713
2013.03.11 01:39:09.049,0.87116,0.8713
2013.03.11 01:39:09.849,0.87116,0.87129
2013.03.11 01:39:10.508,0.87116,0.87128
2013.03.11 01:39:11.265,0.87116,0.87128
2013.03.11 01:39:17.349,0.87116,0.87125
2013.03.11 01:39:17.530,0.87109,0.87125
2013.03.11 01:39:19.800,0.87109,0.87125
2013.03.11 01:39:21.970,0.87109,0.87125
2013.03.11 01:39:33.601,0.8711,0.87125
2013.03.11 01:39:44.622,0.8711,0.87125
2013.03.11 01:39:45.229,0.87108,0.87122
2013.03.11 01:39:46.270,0.87108,0.87122
2013.03.11 01:39:55.523,0.87109,0.87122
2013.03.11 01:40:01.889,0.87109,0.87123
2013.03.11 01:40:22.069,0.87109,0.87123
2013.03.11 01:40:50.126,0.87108,0.87122
2013.03.11 01:41:18.230,0.87109,0.87123
2013.03.11 01:41:18.780,0.8711,0.87124
2013.03.11 01:41:19.291,0.8711,0.87124
2013.03.11 01:41:37.832,0.87112,0.87125
2013.03.11 01:41:37.959,0.87114,0.87128
2013.03.11 01:41:38.020,0.87114,0.87129
2013.03.11 01:41:38.213,0.87116,0.87132
2013.03.11 01:41:38.532,0.87118,0.87133
2013.03.11 01:41:38.851,0.87118,0.87134
2013.03.11 01:41:38.971,0.87118,0.87135
2013.03.11 01:41:39.390,0.87122,0.87137
2013.03.11 01:41:47.410,0.87122,0.87138
2013.03.11 01:41:47.531,0.87124,0.87139
2013.03.11 01:41:47.959,0.87124,0.87139
2013.03.11 01:41:48.361,0.87124,0.8714
2013.03.11 01:41:48.431,0.87126,0.87142
2013.03.11 01:41:51.099,0.87126,0.87142
2013.03.11 01:41:52.808,0.87126,0.87142
2013.03.11 01:41:54.539,0.87126,0.87142
2013.03.11 01:41:55.331,0.87127,0.87143
2013.03.11 01:41:57.949,0.87128,0.87143
2013.03.11 01:41:58.500,0.87128,0.87142
2013.03.11 01:42:02.651,0.87127,0.87142
2013.03.11 01:42:02.960,0.87129,0.87143
2013.03.11 01:42:03.696,0.87129,0.87144
2013.03.11 01:42:04.319,0.87129,0.87144
2013.03.11 01:42:04.440,0.87129,0.87146
2013.03.11 01:42:11.289,0.8713,0.87146
2013.03.11 01:42:11.411,0.87127,0.87145
2013.03.11 01:42:11.540,0.87126,0.87143
2013.03.11 01:42:12.259,0.87125,0.87142
2013.03.11 01:42:12.799,0.87125,0.8714
2013.03.11 01:42:14.223,0.87124,0.8714
2013.03.11 01:42:16.589,0.87123,0.87139
2013.03.11 01:42:21.185,0.87123,0.87139
2013.03.11 01:42:28.099,0.87122,0.87139
2013.03.11 01:42:28.649,0.87122,0.87139
2013.03.11 01:42:35.561,0.87122,0.87138
2013.03.11 01:42:36.109,0.87122,0.87139
2013.03.11 01:42:50.170,0.8712,0.87138
2013.03.11 01:42:50.230,0.8712,0.87137
2013.03.11 01:42:59.160,0.87121,0.87137
2013.03.11 01:42:59.280,0.87122,0.87138
2013.03.11 01:42:59.823,0.87122,0.87139
2013.03.11 01:43:17.689,0.87121,0.87137
2013.03.11 01:43:17.810,0.87118,0.87135
2013.03.11 01:43:19.011,0.87119,0.87135
2013.03.11 01:43:25.133,0.87121,0.87135
2013.03.11 01:43:25.261,0.87122,0.87137
2013.03.11 01:43:25.451,0.87122,0.87137
2013.03.11 01:43:42.969,0.87121,0.87137
2013.03.11 01:43:43.479,0.8712,0.87136
2013.03.11 01:43:44.929,0.87119,0.87135
2013.03.11 01:43:47.149,0.87119,0.87135
2013.03.11 01:43:48.575,0.87119,0.87135
2013.03.11 01:43:49.129,0.87118,0.87134
2013.03.11 01:43:55.615,0.87118,0.87134
2013.03.11 01:43:57.045,0.87118,0.87134
2013.03.11 01:44:01.289,0.87118,0.87135
2013.03.11 01:44:01.609,0.87118,0.87135
2013.03.11 01:44:08.471,0.87117,0.87132
2013.03.11 01:44:08.530,0.87114,0.8713
2013.03.11 01:44:08.711,0.87115,0.8713
2013.03.11 01:44:39.311,0.87117,0.87129
2013.03.11 01:44:39.381,0.87118,0.87132
2013.03.11 01:44:39.450,0.87122,0.87135
2013.03.11 01:44:39.991,0.87121,0.87136
2013.03.11 01:44:40.410,0.87121,0.87134
2013.03.11 01:44:40.470,0.87117,0.87132
2013.03.11 01:44:40.893,0.87115,0.87131
2013.03.11 01:44:41.022,0.87114,0.87129
2013.03.11 01:44:41.571,0.87115,0.8713
2013.03.11 01:44:43.920,0.87115,0.8713
2013.03.11 01:44:52.480,0.87114,0.8713
2013.03.11 01:44:58.130,0.87114,0.8713
2013.03.11 01:44:59.129,0.87114,0.8713
2013.03.11 01:45:00.209,0.87114,0.8713
2013.03.11 01:45:00.511,0.87115,0.87132
2013.03.11 01:45:00.979,0.87118,0.87133
2013.03.11 01:45:03.291,0.87118,0.87133
2013.03.11 01:45:03.603,0.87115,0.87131
2013.03.11 01:45:03.861,0.87114,0.87129
2013.03.11 01:45:04.413,0.87112,0.87128
2013.03.11 01:45:05.129,0.87113,0.87128
2013.03.11 01:45:07.120,0.87112,0.87129
2013.03.11 01:45:07.659,0.87112,0.87129
2013.03.11 01:45:09.179,0.87112,0.87128
2013.03.11 01:45:09.737,0.87113,0.87128
2013.03.11 01:45:12.569,0.87113,0.87129
2013.03.11 01:45:25.999,0.87116,0.8713
2013.03.11 01:45:29.740,0.87114,0.87129
2013.03.11 01:45:30.981,0.87114,0.87129
2013.03.11 01:45:32.921,0.87113,0.87127
2013.03.11 01:45:33.160,0.87112,0.87127
2013.03.11 01:45:37.549,0.87112,0.87127
2013.03.11 01:45:38.090,0.87112,0.87127
2013.03.11 01:45:38.570,0.87112,0.87127
2013.03.11 01:45:39.835,0.87112,0.87127
2013.03.11 01:45:44.060,0.87112,0.87127
2013.03.11 01:45:44.659,0.8711,0.87124
2013.03.11 01:45:44.839,0.8711,0.87123
2013.03.11 01:45:44.963,0.87109,0.87123
2013.03.11 01:45:45.150,0.87109,0.87124
2013.03.11 01:45:45.821,0.87109,0.87124
2013.03.11 01:45:46.360,0.87109,0.87123
2013.03.11 01:45:46.720,0.87107,0.87122
2013.03.11 01:45:49.624,0.87107,0.87122
2013.03.11 01:45:53.960,0.87107,0.8712
2013.03.11 01:46:01.220,0.87108,0.87122
2013.03.11 01:46:01.872,0.87109,0.87122
2013.03.11 01:46:08.841,0.87109,0.87122
2013.03.11 01:46:13.305,0.87109,0.87122
2013.03.11 01:46:18.724,0.87109,0.87122
2013.03.11 01:46:22.380,0.87109,0.87122
2013.03.11 01:46:25.559,0.87109,0.87122
2013.03.11 01:46:26.760,0.87109,0.87123
2013.03.11 01:46:42.759,0.87109,0.87123
2013.03.11 01:46:45.189,0.87109,0.87122
2013.03.11 01:46:47.439,0.87109,0.87122
2013.03.11 01:46:49.431,0.87109,0.87122
2013.03.11 01:46:52.499,0.87109,0.87122
2013.03.11 01:46:53.048,0.87109,0.87122
2013.03.11 01:46:55.404,0.87109,0.87122
2013.03.11 01:46:56.347,0.87105,0.8712
2013.03.11 01:46:56.890,0.87102,0.87119
2013.03.11 01:46:59.750,0.87102,0.87119
2013.03.11 01:46:59.992,0.87104,0.8712
2013.03.11 01:47:11.882,0.87103,0.87121
2013.03.11 01:47:12.430,0.87103,0.8712
2013.03.11 01:47:12.980,0.87103,0.87119
2013.03.11 01:47:13.519,0.87104,0.8712
2013.03.11 01:47:22.427,0.87103,0.8712
2013.03.11 01:47:24.150,0.87103,0.8712
2013.03.11 01:47:39.010,0.87103,0.87118
2013.03.11 01:47:41.201,0.87103,0.8712
2013.03.11 01:47:41.920,0.87104,0.8712
2013.03.11 01:47:42.041,0.87106,0.87122
2013.03.11 01:47:42.351,0.87105,0.87122
2013.03.11 01:47:47.909,0.87106,0.87122
2013.03.11 01:47:49.139,0.87106,0.87123
2013.03.11 01:47:52.550,0.87106,0.87122
2013.03.11 01:47:53.560,0.87107,0.87123
2013.03.11 01:47:54.101,0.87108,0.87124
2013.03.11 01:47:54.640,0.87109,0.87125
2013.03.11 01:47:59.162,0.87109,0.87124
2013.03.11 01:48:00.820,0.87111,0.87127
2013.03.11 01:48:03.211,0.87111,0.87127
2013.03.11 01:48:03.771,0.8711,0.87125
2013.03.11 01:48:06.231,0.8711,0.87126
2013.03.11 01:48:15.161,0.8711,0.87126
2013.03.11 01:48:16.191,0.8711,0.87126
2013.03.11 01:48:17.270,0.87111,0.87127
2013.03.11 01:48:19.671,0.87111,0.87126
2013.03.11 01:48:20.341,0.8711,0.87126
2013.03.11 01:48:21.461,0.87113,0.87129
2013.03.11 01:48:24.100,0.87112,0.87129
2013.03.11 01:48:25.913,0.87111,0.87128
2013.03.11 01:48:25.984,0.8711,0.87127
2013.03.11 01:48:26.231,0.87108,0.87125
2013.03.11 01:48:26.531,0.87107,0.87123
2013.03.11 01:48:32.343,0.87107,0.87124
2013.03.11 01:48:34.943,0.87107,0.87124
2013.03.11 01:48:37.632,0.87107,0.87124
2013.03.11 01:48:38.241,0.87107,0.87124
2013.03.11 01:48:42.974,0.87107,0.87124
2013.03.11 01:48:43.176,0.87107,0.87123
2013.03.11 01:48:43.480,0.87102,0.8712
2013.03.11 01:48:43.600,0.87102,0.87119
2013.03.11 01:49:00.631,0.87102,0.8712
2013.03.11 01:49:02.611,0.87102,0.8712
2013.03.11 01:49:04.889,0.87103,0.8712
2013.03.11 01:49:05.450,0.87103,0.8712
2013.03.11 01:49:05.961,0.87103,0.8712
2013.03.11 01:49:06.919,0.87103,0.8712
2013.03.11 01:49:07.700,0.87103,0.8712
2013.03.11 01:49:08.260,0.87103,0.8712
2013.03.11 01:49:09.841,0.87101,0.87117
2013.03.11 01:49:14.602,0.87101,0.87117
2013.03.11 01:49:23.983,0.87101,0.87117
2013.03.11 01:49:31.102,0.87101,0.87117
2013.03.11 01:49:31.802,0.87102,0.87117
2013.03.11 01:50:14.524,0.87102,0.87118
2013.03.11 01:50:14.834,0.87104,0.87122
2013.03.11 01:50:14.902,0.87106,0.87123
2013.03.11 01:50:15.212,0.87111,0.87126
2013.03.11 01:50:15.761,0.87111,0.87126
2013.03.11 01:50:17.494,0.87111,0.87126
2013.03.11 01:50:17.683,0.87111,0.87127
2013.03.11 01:50:17.811,0.87111,0.87127
2013.03.11 01:50:18.111,0.87114,0.87129
2013.03.11 01:50:18.820,0.87114,0.87131
2013.03.11 01:50:19.133,0.87114,0.87131
2013.03.11 01:50:20.080,0.87114,0.87131
2013.03.11 01:50:24.800,0.87118,0.87132
2013.03.11 01:50:25.221,0.87118,0.8713
2013.03.11 01:50:25.641,0.87114,0.8713
2013.03.11 01:50:26.180,0.87114,0.87129
2013.03.11 01:50:35.374,0.87113,0.87128
2013.03.11 01:50:47.410,0.87111,0.87128
2013.03.11 01:50:48.942,0.87111,0.87126
2013.03.11 01:50:49.190,0.87109,0.87125
2013.03.11 01:50:49.431,0.87108,0.87125
2013.03.11 01:50:49.970,0.87107,0.87122
2013.03.11 01:50:50.822,0.87107,0.87121
2013.03.11 01:50:51.437,0.87106,0.8712
2013.03.11 01:50:51.952,0.87106,0.87121
2013.03.11 01:50:52.501,0.87106,0.87122
2013.03.11 01:50:52.861,0.87106,0.87123
2013.03.11 01:50:53.351,0.87106,0.87124
2013.03.11 01:50:57.710,0.87106,0.8712
2013.03.11 01:50:57.951,0.87102,0.87118
2013.03.11 01:50:58.071,0.87102,0.87114
2013.03.11 01:50:59.202,0.87101,0.87113
2013.03.11 01:50:59.723,0.87102,0.87113
2013.03.11 01:51:00.032,0.87104,0.87113
2013.03.11 01:51:00.272,0.87104,0.87117
2013.03.11 01:51:00.880,0.87104,0.87113
2013.03.11 01:51:01.941,0.87103,0.87117
2013.03.11 01:51:02.443,0.87107,0.87119
2013.03.11 01:51:02.750,0.87108,0.87117
2013.03.11 01:51:03.412,0.87107,0.87117
2013.03.11 01:51:04.371,0.87105,0.87117
2013.03.11 01:51:05.373,0.87104,0.87117
2013.03.11 01:51:05.444,0.87104,0.87115
2013.03.11 01:51:05.512,0.87103,0.87115
2013.03.11 01:51:06.253,0.87099,0.87113
2013.03.11 01:51:06.381,0.87098,0.87113
2013.03.11 01:51:07.401,0.87097,0.87113
2013.03.11 01:51:09.821,0.87097,0.87113
2013.03.11 01:51:19.330,0.87097,0.87111
2013.03.11 01:51:19.772,0.87097,0.87111
2013.03.11 01:51:19.841,0.87097,0.87111
2013.03.11 01:51:19.962,0.87097,0.8711
2013.03.11 01:51:20.143,0.87099,0.8711
2013.03.11 01:51:20.690,0.87098,0.87112
2013.03.11 01:51:31.702,0.87098,0.87112
2013.03.11 01:51:32.132,0.87098,0.87111
2013.03.11 01:51:32.261,0.87099,0.87112
2013.03.11 01:51:35.071,0.87099,0.87113
2013.03.11 01:51:36.443,0.87098,0.8711
2013.03.11 01:51:37.002,0.87097,0.8711
2013.03.11 01:51:37.672,0.87097,0.8711
2013.03.11 01:51:38.199,0.87097,0.8711
2013.03.11 01:51:38.440,0.87097,0.8711
2013.03.11 01:51:39.770,0.87097,0.8711
2013.03.11 01:51:40.310,0.87099,0.87112
2013.03.11 01:51:43.131,0.87099,0.8711
2013.03.11 01:51:43.252,0.87094,0.87108
2013.03.11 01:51:43.382,0.87094,0.87103
2013.03.11 01:51:43.441,0.87092,0.87103
2013.03.11 01:51:44.018,0.87092,0.87103
2013.03.11 01:51:49.220,0.87092,0.87106
2013.03.11 01:51:49.400,0.87092,0.87106
2013.03.11 01:52:14.260,0.87092,0.87102
2013.03.11 01:52:17.923,0.87092,0.87102
2013.03.11 01:52:33.630,0.87093,0.87103
2013.03.11 01:52:38.431,0.87092,0.87103
2013.03.11 01:52:40.281,0.8709,0.87103
2013.03.11 01:52:40.519,0.8709,0.87104
2013.03.11 01:52:40.960,0.87091,0.87103
2013.03.11 01:52:42.170,0.87091,0.87103
2013.03.11 01:52:44.600,0.87092,0.87103
2013.03.11 01:52:45.211,0.87092,0.87103
2013.03.11 01:52:48.818,0.87092,0.87103
2013.03.11 01:52:49.251,0.87093,0.87106
2013.03.11 01:52:49.312,0.87093,0.87107
2013.03.11 01:52:49.372,0.87093,0.87103
2013.03.11 01:52:49.931,0.87094,0.87105
2013.03.11 01:52:50.232,0.87094,0.8711
2013.03.11 01:52:50.481,0.87094,0.8711
2013.03.11 01:52:51.031,0.87096,0.8711
2013.03.11 01:52:53.150,0.87096,0.87112
2013.03.11 01:52:55.573,0.87097,0.87112
2013.03.11 01:52:57.042,0.871,0.8711
2013.03.11 01:52:57.171,0.87098,0.87111
2013.03.11 01:52:57.737,0.87096,0.87111
2013.03.11 01:52:58.591,0.87096,0.87111
2013.03.11 01:52:59.151,0.87098,0.87111
2013.03.11 01:52:59.931,0.87099,0.87112
2013.03.11 01:53:24.100,0.87097,0.87112
2013.03.11 01:53:28.552,0.87094,0.87111
2013.03.11 01:53:33.668,0.87094,0.87111
2013.03.11 01:53:34.191,0.87094,0.8711
2013.03.11 01:53:34.731,0.87093,0.87107
2013.03.11 01:53:37.358,0.87094,0.87107
2013.03.11 01:53:37.867,0.87094,0.87108
2013.03.11 01:53:38.421,0.87094,0.8711
2013.03.11 01:53:40.312,0.87093,0.87108
2013.03.11 01:53:41.621,0.87092,0.87108
2013.03.11 01:53:42.041,0.87094,0.87108
2013.03.11 01:53:42.571,0.87094,0.8711
2013.03.11 01:53:48.711,0.87094,0.8711
2013.03.11 01:53:50.992,0.87094,0.87111
2013.03.11 01:53:51.501,0.87099,0.87114
2013.03.11 01:53:51.642,0.87099,0.87114
2013.03.11 01:53:52.170,0.87099,0.87114
2013.03.11 01:53:53.581,0.87099,0.87116
2013.03.11 01:53:54.240,0.87099,0.87116
2013.03.11 01:53:59.630,0.87099,0.87116
2013.03.11 01:54:00.410,0.871,0.87115
2013.03.11 01:54:00.912,0.87099,0.87114
2013.03.11 01:54:00.981,0.87096,0.87113
2013.03.11 01:54:01.701,0.87096,0.87112
2013.03.11 01:54:01.820,0.87096,0.87112
2013.03.11 01:54:03.102,0.87096,0.87112
2013.03.11 01:54:04.951,0.87096,0.87112
2013.03.11 01:54:06.202,0.87093,0.87108
2013.03.11 01:54:06.382,0.87092,0.87107
2013.03.11 01:54:06.443,0.87091,0.87106
2013.03.11 01:54:06.961,0.87089,0.87104
2013.03.11 01:54:11.302,0.87089,0.87104
2013.03.11 01:54:12.088,0.87089,0.87104
2013.03.11 01:54:15.162,0.87088,0.87104
2013.03.11 01:54:16.724,0.87089,0.87105
2013.03.11 01:54:18.161,0.87088,0.87105
2013.03.11 01:54:18.900,0.87089,0.87105
2013.03.11 01:54:21.282,0.87091,0.87107
2013.03.11 01:54:36.411,0.87089,0.87103
2013.03.11 01:54:41.395,0.8709,0.87105
2013.03.11 01:54:47.492,0.8709,0.87106
2013.03.11 01:54:47.794,0.87091,0.87101
2013.03.11 01:54:47.862,0.87091,0.87101
2013.03.11 01:54:48.102,0.8709,0.87106
2013.03.11 01:54:48.462,0.87088,0.87101
2013.03.11 01:54:49.002,0.87088,0.87103
2013.03.11 01:54:49.191,0.87088,0.871
2013.03.11 01:54:49.431,0.87088,0.871
2013.03.11 01:54:49.701,0.87088,0.87097
2013.03.11 01:54:49.942,0.87088,0.87102
2013.03.11 01:54:50.490,0.87088,0.87103
2013.03.11 01:54:56.321,0.87088,0.87103
2013.03.11 01:54:57.561,0.87087,0.87103
2013.03.11 01:54:58.081,0.87087,0.87103
2013.03.11 01:54:58.381,0.87086,0.87103
2013.03.11 01:55:01.952,0.87087,0.87105
2013.03.11 01:55:08.205,0.87086,0.87102
2013.03.11 01:55:08.513,0.87083,0.87097
2013.03.11 01:55:08.582,0.87081,0.87097
2013.03.11 01:55:08.711,0.8708,0.87097
2013.03.11 01:55:09.191,0.87082,0.87098
2013.03.11 01:55:09.721,0.87082,0.87098
2013.03.11 01:55:12.582,0.87083,0.87098
2013.03.11 01:55:13.061,0.87083,0.87099
2013.03.11 01:55:19.641,0.87083,0.87099
2013.03.11 01:55:21.862,0.87084,0.871
2013.03.11 01:55:28.781,0.87085,0.87101
2013.03.11 01:55:29.311,0.87085,0.87101
2013.03.11 01:55:36.603,0.87085,0.87101
2013.03.11 01:55:40.761,0.87085,0.87101
2013.03.11 01:55:41.011,0.87083,0.87099
2013.03.11 01:55:43.900,0.87084,0.871
2013.03.11 01:55:54.611,0.87083,0.871
2013.03.11 01:55:58.582,0.87083,0.871
2013.03.11 01:55:59.003,0.87081,0.87098
2013.03.11 01:56:00.972,0.8708,0.87097
2013.03.11 01:56:01.212,0.87078,0.87092
2013.03.11 01:56:01.632,0.87077,0.87093
2013.03.11 01:56:01.762,0.87081,0.87096
2013.03.11 01:56:01.951,0.87081,0.87096
2013.03.11 01:56:02.492,0.87083,0.871
2013.03.11 01:56:02.621,0.87084,0.87101
2013.03.11 01:56:02.682,0.87085,0.87102
2013.03.11 01:56:03.231,0.87085,0.87102
2013.03.11 01:56:07.591,0.87086,0.87102
2013.03.11 01:56:08.191,0.87086,0.87102
2013.03.11 01:56:15.411,0.87087,0.87101
2013.03.11 01:56:21.572,0.87085,0.87101
2013.03.11 01:56:22.062,0.87084,0.87101
2013.03.11 01:56:22.424,0.87082,0.87097
2013.03.11 01:56:22.611,0.87082,0.87096
2013.03.11 01:56:22.791,0.8708,0.87095
2013.03.11 01:56:24.473,0.8708,0.87097
2013.03.11 01:56:24.785,0.87081,0.87098
2013.03.11 01:56:24.852,0.87085,0.87101
2013.03.11 01:56:25.213,0.87085,0.87101
2013.03.11 01:56:25.402,0.87085,0.87101
2013.03.11 01:56:25.773,0.87085,0.871
2013.03.11 01:56:26.224,0.87087,0.87103
2013.03.11 01:56:26.413,0.87086,0.87102
2013.03.11 01:56:30.552,0.87086,0.87101
2013.03.11 01:56:39.181,0.87087,0.87101
2013.03.11 01:56:41.763,0.87088,0.87101
2013.03.11 01:56:41.891,0.87088,0.87102
2013.03.11 01:56:44.109,0.87087,0.871
2013.03.11 01:56:44.232,0.87086,0.871
2013.03.11 01:56:45.072,0.87087,0.87101
2013.03.11 01:56:48.203,0.87087,0.87102
2013.03.11 01:56:49.923,0.87087,0.87102
2013.03.11 01:57:00.923,0.87087,0.87102
2013.03.11 01:57:15.141,0.87087,0.87104
2013.03.11 01:57:15.691,0.87087,0.87105
2013.03.11 01:57:16.313,0.8709,0.87106
2013.03.11 01:57:16.455,0.87092,0.87107
2013.03.11 01:57:16.523,0.87092,0.87108
2013.03.11 01:57:16.594,0.87092,0.87108
2013.03.11 01:57:17.022,0.87095,0.87111
2013.03.11 01:57:17.571,0.87096,0.87111
2013.03.11 01:57:18.411,0.87097,0.87111
2013.03.11 01:57:26.672,0.87097,0.87112
2013.03.11 01:57:35.641,0.87099,0.87114
2013.03.11 01:57:35.762,0.87099,0.87115
2013.03.11 01:57:36.363,0.87099,0.87114
2013.03.11 01:57:36.901,0.87101,0.87115
2013.03.11 01:57:37.652,0.87101,0.87115
2013.03.11 01:57:38.191,0.871,0.87115
2013.03.11 01:57:38.721,0.87102,0.87115
2013.03.11 01:57:38.961,0.87099,0.87115
2013.03.11 01:57:39.381,0.87101,0.87115
2013.03.11 01:57:39.934,0.87103,0.87115
2013.03.11 01:57:41.738,0.87103,0.87116
2013.03.11 01:57:45.921,0.87101,0.87116
2013.03.11 01:57:45.981,0.871,0.87116
2013.03.11 01:57:46.401,0.87101,0.87116
2013.03.11 01:57:46.701,0.87099,0.87116
2013.03.11 01:57:47.191,0.87101,0.87116
2013.03.11 01:57:47.491,0.87099,0.87116
2013.03.11 01:57:47.971,0.87103,0.87116
2013.03.11 01:57:51.794,0.87103,0.87115
2013.03.11 01:57:52.165,0.87099,0.87113
2013.03.11 01:57:52.240,0.87099,0.87111
2013.03.11 01:57:52.305,0.87099,0.87111
2013.03.11 01:57:52.492,0.87094,0.87111
2013.03.11 01:57:52.803,0.87097,0.87113
2013.03.11 01:57:53.172,0.87097,0.87113
2013.03.11 01:57:59.111,0.87097,0.87113
2013.03.11 01:58:00.151,0.87096,0.87112
2013.03.11 01:58:00.285,0.87094,0.8711
2013.03.11 01:58:00.414,0.87094,0.8711
2013.03.11 01:58:00.961,0.87096,0.87114
2013.03.11 01:58:01.082,0.87096,0.87114
2013.03.11 01:58:05.231,0.87098,0.87115
2013.03.11 01:58:07.651,0.87099,0.87116
2013.03.11 01:58:11.533,0.87099,0.87115
2013.03.11 01:58:15.385,0.87099,0.87114
2013.03.11 01:58:15.631,0.87098,0.87114
2013.03.11 01:58:16.231,0.87098,0.87114
2013.03.11 01:58:17.423,0.87098,0.87114
2013.03.11 01:58:18.482,0.87097,0.87113
2013.03.11 01:58:20.211,0.87097,0.87113
2013.03.11 01:58:20.392,0.87097,0.87112
2013.03.11 01:58:21.542,0.87097,0.87111
2013.03.11 01:58:27.485,0.87097,0.87112
2013.03.11 01:58:27.692,0.87097,0.87113
2013.03.11 01:58:27.881,0.87097,0.87113
2013.03.11 01:58:36.142,0.87095,0.87112
