Time,Bid,Ask
2013.03.01 00:00:00.196,0.86124,0.86144
2013.03.01 00:00:13.815,0.86126,0.86143
2013.03.01 00:00:16.342,0.86123,0.86144
2013.03.01 00:00:18.990,0.86123,0.86143
2013.03.01 00:00:19.650,0.86125,0.86143
2013.03.01 00:00:20.252,0.86126,0.86144
2013.03.01 00:00:20.790,0.86126,0.86143
2013.03.01 00:00:28.999,0.86126,0.86146
2013.03.01 00:00:30.180,0.86126,0.86146
2013.03.01 00:00:30.611,0.86123,0.86139
2013.03.01 00:00:32.360,0.86122,0.8614
2013.03.01 00:00:32.600,0.86121,0.86139
2013.03.01 00:00:33.139,0.86121,0.8614
2013.03.01 00:00:40.840,0.86122,0.8614
2013.03.01 00:00:44.932,0.86122,0.86141
2013.03.01 00:00:45.181,0.86123,0.86143
2013.03.01 00:01:03.182,0.86124,0.8614
2013.03.01 00:01:03.372,0.86124,0.8614
2013.03.01 00:01:03.562,0.86123,0.8614
2013.03.01 00:01:06.172,0.86125,0.86143
2013.03.01 00:01:09.991,0.86125,0.86144
2013.03.01 00:01:12.105,0.86124,0.8614
2013.03.01 00:01:12.293,0.86123,0.8614
2013.03.01 00:01:14.411,0.86123,0.8614
2013.03.01 00:01:22.111,0.86123,0.8614
2013.03.01 00:01:32.551,0.86122,0.86137
2013.03.01 00:01:33.091,0.86121,0.86137
2013.03.01 00:01:33.365,0.86121,0.86135
2013.03.01 00:01:33.792,0.86121,0.86133
2013.03.01 00:01:34.342,0.8612,0.86131
2013.03.01 00:01:34.703,0.8612,0.86131
2013.03.01 00:01:36.191,0.8612,0.86131
2013.03.01 00:01:36.732,0.8612,0.86131
2013.03.01 00:01:42.891,0.8612,0.86131
2013.03.01 00:01:43.072,0.8612,0.86135
2013.03.01 00:01:43.452,0.86117,0.86135
2013.03.01 00:01:43.582,0.86116,0.86135
2013.03.01 00:01:44.451,0.86116,0.86135
2013.03.01 00:01:44.981,0.86116,0.86135
2013.03.01 00:01:50.381,0.86116,0.86137
2013.03.01 00:01:50.922,0.86116,0.86137
2013.03.01 00:01:54.803,0.86116,0.86137
2013.03.01 00:02:01.232,0.86119,0.86138
2013.03.01 00:02:01.424,0.86119,0.86139
2013.03.01 00:02:01.973,0.86117,0.86135
2013.03.01 00:02:02.341,0.86118,0.86138
2013.03.01 00:02:02.995,0.8612,0.86139
2013.03.01 00:02:03.501,0.86119,0.86139
2013.03.01 00:02:04.722,0.8612,0.86139
2013.03.01 00:02:08.682,0.86119,0.86139
2013.03.01 00:02:18.272,0.86119,0.86135
2013.03.01 00:02:19.603,0.86117,0.86137
2013.03.01 00:02:20.144,0.86117,0.86137
2013.03.01 00:02:20.661,0.86117,0.86137
2013.03.01 00:02:21.211,0.86117,0.86136
2013.03.01 00:02:21.781,0.86117,0.86138
2013.03.01 00:02:22.821,0.86115,0.86133
2013.03.01 00:02:23.001,0.86115,0.86133
2013.03.01 00:02:30.541,0.86115,0.86133
2013.03.01 00:02:30.903,0.86115,0.86133
2013.03.01 00:02:32.024,0.86115,0.86133
2013.03.01 00:02:32.271,0.86117,0.86137
2013.03.01 00:02:33.124,0.86117,0.86137
2013.03.01 00:02:37.853,0.86118,0.86136
2013.03.01 00:02:38.162,0.86117,0.86134
2013.03.01 00:02:38.351,0.86117,0.86134
2013.03.01 00:02:38.853,0.86119,0.86138
2013.03.01 00:02:39.172,0.86118,0.86139
2013.03.01 00:02:39.302,0.86121,0.86138
2013.03.01 00:02:40.152,0.86122,0.86141
2013.03.01 00:02:40.458,0.86122,0.86141
2013.03.01 00:02:51.423,0.86119,0.86136
2013.03.01 00:02:51.494,0.86119,0.86129
2013.03.01 00:02:51.562,0.86117,0.86129
2013.03.01 00:02:51.681,0.86117,0.8613
2013.03.01 00:02:51.741,0.86117,0.86134
2013.03.01 00:02:51.983,0.86118,0.86138
2013.03.01 00:02:52.372,0.86118,0.86138
2013.03.01 00:02:52.681,0.86118,0.86138
2013.03.01 00:02:57.131,0.86118,0.86136
2013.03.01 00:02:57.491,0.86115,0.86132
2013.03.01 00:02:57.612,0.86116,0.86132
2013.03.01 00:02:57.981,0.86118,0.86134
2013.03.01 00:02:58.101,0.86118,0.86134
2013.03.01 00:02:58.665,0.86118,0.86134
2013.03.01 00:02:59.171,0.86118,0.86136
2013.03.01 00:03:07.382,0.86118,0.86136
2013.03.01 00:03:07.889,0.86118,0.86136
2013.03.01 00:03:25.712,0.86118,0.86136
2013.03.01 00:03:26.253,0.86116,0.86137
2013.03.01 00:03:27.591,0.86117,0.86137
2013.03.01 00:03:27.714,0.86118,0.86137
2013.03.01 00:03:27.783,0.86119,0.86137
2013.03.01 00:03:27.912,0.8612,0.8614
2013.03.01 00:03:28.253,0.86119,0.86137
2013.03.01 00:03:29.891,0.86117,0.86137
2013.03.01 00:03:30.484,0.86117,0.86137
2013.03.01 00:03:31.031,0.86118,0.86137
2013.03.01 00:03:32.422,0.86118,0.86134
2013.03.01 00:03:32.553,0.86118,0.86134
2013.03.01 00:03:33.776,0.86114,0.86132
2013.03.01 00:03:34.291,0.86114,0.86133
2013.03.01 00:03:47.644,0.86114,0.86131
2013.03.01 00:03:48.191,0.86113,0.8613
2013.03.01 00:03:48.313,0.86113,0.86131
2013.03.01 00:03:48.442,0.86113,0.86131
2013.03.01 00:03:49.981,0.86114,0.86131
2013.03.01 00:03:53.265,0.86112,0.86129
2013.03.01 00:03:54.570,0.86109,0.86128
2013.03.01 00:03:55.141,0.86108,0.86128
2013.03.01 00:03:57.433,0.86108,0.86127
2013.03.01 00:03:57.981,0.86107,0.86127
2013.03.01 00:03:58.342,0.86107,0.86127
2013.03.01 00:04:04.252,0.86108,0.86128
2013.03.01 00:04:22.491,0.86108,0.86128
2013.03.01 00:04:45.396,0.86109,0.86128
2013.03.01 00:04:45.593,0.86109,0.86128
2013.03.01 00:04:47.232,0.86109,0.86126
2013.03.01 00:04:47.473,0.86109,0.86127
2013.03.01 00:04:48.271,0.8611,0.86128
2013.03.01 00:04:53.503,0.8611,0.8613
2013.03.01 00:04:53.752,0.86112,0.86132
2013.03.01 00:04:53.822,0.86113,0.86133
2013.03.01 00:04:54.311,0.86113,0.86133
2013.03.01 00:04:56.732,0.86115,0.86133
2013.03.01 00:04:56.794,0.86117,0.86134
2013.03.01 00:04:56.982,0.86118,0.86135
2013.03.01 00:04:57.600,0.8612,0.86135
2013.03.01 00:04:57.934,0.8612,0.86138
2013.03.01 00:05:00.471,0.8612,0.8614
2013.03.01 00:05:02.211,0.86121,0.86141
2013.03.01 00:05:02.271,0.86121,0.86141
2013.03.01 00:05:05.473,0.86121,0.86142
2013.03.01 00:05:05.863,0.86123,0.86143
2013.03.01 00:05:06.822,0.86124,0.86143
2013.03.01 00:05:09.175,0.86122,0.86141
2013.03.01 00:05:09.984,0.86121,0.8614
2013.03.01 00:05:10.492,0.8612,0.8614
2013.03.01 00:05:11.031,0.8612,0.8614
2013.03.01 00:05:14.033,0.8612,0.8614
2013.03.01 00:05:16.732,0.86121,0.86141
2013.03.01 00:05:18.011,0.86121,0.86141
2013.03.01 00:05:19.763,0.86121,0.86141
2013.03.01 00:05:20.313,0.86121,0.86142
2013.03.01 00:05:20.383,0.86121,0.86141
2013.03.01 00:05:20.692,0.86121,0.86141
2013.03.01 00:05:21.211,0.86121,0.86142
2013.03.01 00:05:21.750,0.86121,0.86142
2013.03.01 00:05:21.931,0.86121,0.86142
2013.03.01 00:05:22.291,0.86121,0.86142
2013.03.01 00:05:23.133,0.86121,0.86142
2013.03.01 00:05:24.451,0.86121,0.86142
2013.03.01 00:05:24.691,0.86122,0.86143
2013.03.01 00:05:32.123,0.86124,0.86143
2013.03.01 00:05:32.254,0.86126,0.86143
2013.03.01 00:05:32.503,0.86126,0.86146
2013.03.01 00:05:32.751,0.86128,0.86149
2013.03.01 00:05:33.291,0.86129,0.86149
2013.03.01 00:05:33.473,0.86131,0.8615
2013.03.01 00:05:33.918,0.86132,0.86152
2013.03.01 00:05:34.471,0.86133,0.86154
2013.03.01 00:05:34.774,0.86133,0.86154
2013.03.01 00:05:35.021,0.86133,0.86154
2013.03.01 00:05:39.501,0.86133,0.86154
2013.03.01 00:05:41.251,0.86134,0.86154
2013.03.01 00:05:43.582,0.86134,0.86152
2013.03.01 00:05:43.701,0.86134,0.86152
2013.03.01 00:05:44.241,0.86135,0.86153
2013.03.01 00:05:44.781,0.86135,0.86154
2013.03.01 00:05:47.991,0.86135,0.86155
2013.03.01 00:05:48.971,0.86134,0.86152
2013.03.01 00:05:49.512,0.86134,0.86153
2013.03.01 00:05:49.969,0.86133,0.86153
2013.03.01 00:05:50.048,0.86132,0.86154
2013.03.01 00:05:53.022,0.86133,0.86154
2013.03.01 00:05:54.292,0.86135,0.86155
2013.03.01 00:06:14.952,0.86136,0.86156
2013.03.01 00:06:26.832,0.86136,0.86156
2013.03.01 00:06:28.473,0.86136,0.86154
2013.03.01 00:06:36.113,0.86134,0.86154
2013.03.01 00:06:38.151,0.86134,0.86154
2013.03.01 00:06:39.643,0.86135,0.86154
2013.03.01 00:07:13.233,0.86137,0.86155
2013.03.01 00:07:13.483,0.86136,0.86155
2013.03.01 00:07:13.674,0.86136,0.86155
2013.03.01 00:07:14.231,0.86135,0.86155
2013.03.01 00:07:14.635,0.86135,0.86155
2013.03.01 00:07:15.620,0.86135,0.86155
2013.03.01 00:07:16.562,0.86135,0.86155
2013.03.01 00:07:17.197,0.86135,0.86155
2013.03.01 00:07:26.783,0.86135,0.86154
2013.03.01 00:07:27.237,0.86137,0.86154
2013.03.01 00:07:31.724,0.86139,0.86157
2013.03.01 00:07:35.072,0.86139,0.86157
2013.03.01 00:07:35.948,0.86135,0.86155
2013.03.01 00:07:36.029,0.86135,0.86153
2013.03.01 00:07:36.582,0.86134,0.86153
2013.03.01 00:07:40.652,0.86136,0.86155
2013.03.01 00:07:40.712,0.86137,0.86155
2013.03.01 00:07:41.243,0.86137,0.86156
2013.03.01 00:07:46.981,0.86137,0.86157
2013.03.01 00:07:48.601,0.86137,0.86157
2013.03.01 00:07:48.721,0.86137,0.86157
2013.03.01 00:07:49.142,0.86139,0.86158
2013.03.01 00:07:49.276,0.86139,0.86158
2013.03.01 00:07:49.581,0.86138,0.86157
2013.03.01 00:07:50.151,0.86138,0.86158
2013.03.01 00:07:51.451,0.86138,0.86158
2013.03.01 00:07:51.768,0.86138,0.86158
2013.03.01 00:07:52.202,0.86138,0.86158
2013.03.01 00:08:20.842,0.86137,0.86155
2013.03.01 00:08:20.963,0.86137,0.86155
2013.03.01 00:08:21.662,0.86137,0.86155
2013.03.01 00:08:22.164,0.86136,0.86155
2013.03.01 00:08:22.473,0.86133,0.86153
2013.03.01 00:08:22.722,0.86133,0.86153
2013.03.01 00:08:36.211,0.86134,0.86153
2013.03.01 00:08:36.870,0.86135,0.86153
2013.03.01 00:08:38.755,0.86135,0.86155
2013.03.01 00:08:39.321,0.86133,0.86152
2013.03.01 00:08:39.967,0.86132,0.86151
2013.03.01 00:08:41.773,0.86134,0.86152
2013.03.01 00:08:42.332,0.86134,0.86156
2013.03.01 00:08:42.393,0.86134,0.86156
2013.03.01 00:08:45.304,0.86134,0.86156
2013.03.01 00:08:45.973,0.86134,0.86156
2013.03.01 00:08:50.117,0.86134,0.86156
2013.03.01 00:08:50.543,0.86135,0.86155
2013.03.01 00:08:53.656,0.86135,0.86156
2013.03.01 00:08:58.852,0.86135,0.86156
2013.03.01 00:08:59.288,0.86135,0.86156
2013.03.01 00:09:01.682,0.86135,0.86156
2013.03.01 00:09:19.422,0.86135,0.86156
2013.03.01 00:09:22.643,0.86135,0.86156
2013.03.01 00:09:29.503,0.86135,0.86155
2013.03.01 00:09:32.793,0.86134,0.86155
2013.03.01 00:09:33.325,0.86135,0.86155
2013.03.01 00:09:56.977,0.86134,0.86153
2013.03.01 00:10:09.336,0.86136,0.86154
2013.03.01 00:10:09.477,0.86136,0.86154
2013.03.01 00:10:09.678,0.86136,0.86154
2013.03.01 00:10:10.223,0.86136,0.86154
2013.03.01 00:10:15.004,0.86136,0.86154
2013.03.01 00:10:15.430,0.86136,0.86156
2013.03.01 00:10:15.634,0.86136,0.86156
2013.03.01 00:10:16.193,0.8614,0.86157
2013.03.01 00:10:21.382,0.86138,0.86156
2013.03.01 00:10:22.043,0.86138,0.86156
2013.03.01 00:10:22.114,0.86138,0.86156
2013.03.01 00:10:22.650,0.86138,0.86156
2013.03.01 00:10:25.578,0.86138,0.86156
2013.03.01 00:10:26.085,0.86138,0.86156
2013.03.01 00:10:27.122,0.86138,0.86156
2013.03.01 00:10:27.623,0.86138,0.86156
2013.03.01 00:10:28.723,0.8614,0.86158
2013.03.01 00:10:31.914,0.8614,0.86158
2013.03.01 00:10:32.464,0.86143,0.86163
2013.03.01 00:10:33.493,0.86142,0.86162
2013.03.01 00:10:35.377,0.86139,0.86159
2013.03.01 00:10:36.104,0.86139,0.86159
2013.03.01 00:10:37.844,0.8614,0.86159
2013.03.01 00:10:39.053,0.86139,0.86159
2013.03.01 00:10:40.053,0.86139,0.86157
2013.03.01 00:10:40.292,0.86139,0.86158
2013.03.01 00:10:40.601,0.86139,0.86157
2013.03.01 00:10:40.903,0.86137,0.86155
2013.03.01 00:10:41.143,0.86137,0.86155
2013.03.01 00:10:41.334,0.86137,0.86153
2013.03.01 00:10:41.524,0.86133,0.86153
2013.03.01 00:10:41.714,0.86132,0.86151
2013.03.01 00:10:42.264,0.86132,0.86149
2013.03.01 00:10:43.113,0.86131,0.86149
2013.03.01 00:10:43.473,0.86129,0.86147
2013.03.01 00:10:43.714,0.86129,0.86147
2013.03.01 00:10:44.302,0.86129,0.86147
2013.03.01 00:10:44.379,0.86132,0.86149
2013.03.01 00:10:44.946,0.86132,0.86149
2013.03.01 00:10:45.255,0.8613,0.86148
2013.03.01 00:10:45.632,0.86128,0.86148
2013.03.01 00:10:48.041,0.86126,0.86143
2013.03.01 00:10:48.254,0.86125,0.86141
2013.03.01 00:10:48.401,0.8612,0.86136
2013.03.01 00:10:48.535,0.8612,0.86136
2013.03.01 00:10:49.084,0.86115,0.86135
2013.03.01 00:10:50.152,0.86115,0.86135
2013.03.01 00:10:50.393,0.86115,0.86135
2013.03.01 00:10:52.776,0.8611,0.86127
2013.03.01 00:10:53.205,0.86109,0.86127
2013.03.01 00:10:53.671,0.86111,0.86129
2013.03.01 00:10:53.877,0.86111,0.86129
2013.03.01 00:10:53.947,0.86111,0.86129
2013.03.01 00:10:54.495,0.86111,0.86129
2013.03.01 00:10:55.067,0.86111,0.86129
2013.03.01 00:10:55.196,0.86111,0.8613
2013.03.01 00:10:55.263,0.86114,0.8613
2013.03.01 00:10:55.384,0.86113,0.86131
2013.03.01 00:10:55.593,0.86113,0.86131
2013.03.01 00:10:55.724,0.86113,0.86131
2013.03.01 00:10:56.214,0.86117,0.86134
2013.03.01 00:10:56.524,0.86117,0.86134
2013.03.01 00:10:58.834,0.86119,0.86139
2013.03.01 00:10:58.962,0.86119,0.86139
2013.03.01 00:11:02.474,0.8612,0.86139
2013.03.01 00:11:02.784,0.86122,0.86139
2013.03.01 00:11:02.995,0.86123,0.86139
2013.03.01 00:11:03.366,0.8612,0.86139
2013.03.01 00:11:03.684,0.8612,0.86139
2013.03.01 00:11:04.232,0.86118,0.86137
2013.03.01 00:11:13.455,0.86119,0.86135
2013.03.01 00:11:13.984,0.8612,0.86135
2013.03.01 00:11:14.062,0.86119,0.86138
2013.03.01 00:11:14.373,0.86118,0.86138
2013.03.01 00:11:15.003,0.86118,0.86136
2013.03.01 00:11:15.123,0.86115,0.86134
2013.03.01 00:11:15.433,0.86113,0.86133
2013.03.01 00:11:15.972,0.86111,0.86131
2013.03.01 00:11:18.516,0.86111,0.86131
2013.03.01 00:11:20.502,0.86111,0.86128
2013.03.01 00:11:20.803,0.86112,0.8613
2013.03.01 00:11:21.342,0.86112,0.8613
2013.03.01 00:11:21.403,0.8611,0.8613
2013.03.01 00:11:22.521,0.8611,0.86128
2013.03.01 00:11:23.193,0.86112,0.8613
2013.03.01 00:11:23.553,0.86115,0.86132
2013.03.01 00:11:23.732,0.86115,0.86133
2013.03.01 00:11:24.392,0.86114,0.86132
2013.03.01 00:11:26.282,0.86113,0.86132
2013.03.01 00:11:26.933,0.86113,0.86132
2013.03.01 00:11:27.354,0.86112,0.8613
2013.03.01 00:11:27.902,0.8611,0.86129
2013.03.01 00:11:28.492,0.8611,0.8613
2013.03.01 00:11:29.014,0.8611,0.86131
2013.03.01 00:11:30.282,0.8611,0.8613
2013.03.01 00:11:31.973,0.86111,0.86131
2013.03.01 00:11:32.552,0.86112,0.86132
2013.03.01 00:11:35.942,0.86112,0.86132
2013.03.01 00:11:36.804,0.86113,0.86133
2013.03.01 00:11:37.352,0.86113,0.86133
2013.03.01 00:11:39.627,0.86112,0.86132
2013.03.01 00:11:44.086,0.86112,0.86132
2013.03.01 00:11:50.374,0.86115,0.86133
2013.03.01 00:11:50.888,0.86116,0.86135
2013.03.01 00:11:51.133,0.86116,0.86135
2013.03.01 00:11:53.162,0.86117,0.86136
2013.03.01 00:11:53.524,0.86116,0.86134
2013.03.01 00:11:53.952,0.86113,0.86132
2013.03.01 00:11:54.012,0.86113,0.86132
2013.03.01 00:11:54.253,0.86113,0.86133
2013.03.01 00:11:54.972,0.86115,0.86135
2013.03.01 00:11:55.712,0.86116,0.86136
2013.03.01 00:11:56.954,0.86121,0.86136
2013.03.01 00:11:57.203,0.8612,0.86136
2013.03.01 00:11:57.563,0.8612,0.86136
2013.03.01 00:11:58.125,0.8612,0.86136
2013.03.01 00:11:59.365,0.8612,0.86139
2013.03.01 00:12:00.313,0.8612,0.8614
2013.03.01 00:12:00.837,0.8612,0.8614
2013.03.01 00:12:01.024,0.86121,0.8614
2013.03.01 00:12:01.626,0.86123,0.8614
2013.03.01 00:12:02.179,0.86123,0.86141
2013.03.01 00:12:03.304,0.86123,0.86141
2013.03.01 00:12:03.375,0.86123,0.86141
2013.03.01 00:12:03.444,0.86123,0.86141
2013.03.01 00:12:03.565,0.86122,0.8614
2013.03.01 00:12:03.754,0.8612,0.8614
2013.03.01 00:12:04.264,0.86121,0.8614
2013.03.01 00:12:06.442,0.86121,0.8614
2013.03.01 00:12:07.002,0.86121,0.86137
2013.03.01 00:12:08.215,0.86121,0.86136
2013.03.01 00:12:09.963,0.86121,0.86136
2013.03.01 00:12:11.183,0.86121,0.86138
2013.03.01 00:12:11.513,0.86121,0.86139
2013.03.01 00:12:16.793,0.86121,0.86139
2013.03.01 00:12:17.520,0.86123,0.86139
2013.03.01 00:12:17.984,0.86122,0.8614
2013.03.01 00:12:18.543,0.86121,0.86139
2013.03.01 00:12:19.314,0.86123,0.86141
2013.03.01 00:12:20.194,0.86123,0.86139
2013.03.01 00:12:21.622,0.86122,0.86141
2013.03.01 00:12:25.983,0.86125,0.86142
2013.03.01 00:12:26.163,0.86126,0.86143
2013.03.01 00:12:33.984,0.86127,0.86142
2013.03.01 00:12:34.903,0.86126,0.86142
2013.03.01 00:12:35.082,0.86126,0.86142
2013.03.01 00:12:35.288,0.86126,0.86142
2013.03.01 00:12:36.019,0.86126,0.86142
2013.03.01 00:12:37.845,0.86126,0.86142
2013.03.01 00:12:37.915,0.86126,0.86142
2013.03.01 00:12:37.984,0.86123,0.86141
2013.03.01 00:12:38.114,0.86122,0.8614
2013.03.01 00:12:38.544,0.8612,0.8614
2013.03.01 00:12:39.332,0.8612,0.8614
2013.03.01 00:12:43.422,0.8612,0.86139
2013.03.01 00:12:48.839,0.86125,0.86139
2013.03.01 00:12:48.909,0.86126,0.86139
2013.03.01 00:12:49.045,0.86126,0.86141
2013.03.01 00:12:49.116,0.86128,0.86144
2013.03.01 00:12:49.184,0.86128,0.86144
2013.03.01 00:12:49.374,0.86128,0.86146
2013.03.01 00:12:49.954,0.86128,0.86144
2013.03.01 00:12:50.553,0.86128,0.86146
2013.03.01 00:12:55.532,0.86127,0.86146
2013.03.01 00:12:55.892,0.86127,0.86146
2013.03.01 00:12:58.512,0.86125,0.86144
2013.03.01 00:13:04.453,0.86126,0.86144
2013.03.01 00:13:21.467,0.86129,0.86149
2013.03.01 00:13:22.433,0.86129,0.86149
2013.03.01 00:13:22.494,0.86129,0.86149
2013.03.01 00:13:23.183,0.86131,0.86151
2013.03.01 00:13:23.302,0.86133,0.86152
2013.03.01 00:13:53.302,0.86136,0.86152
2013.03.01 00:13:53.822,0.86136,0.86152
2013.03.01 00:14:13.933,0.86136,0.86152
2013.03.01 00:14:14.474,0.86134,0.86152
2013.03.01 00:14:18.192,0.86135,0.86153
2013.03.01 00:14:36.504,0.86136,0.86153
2013.03.01 00:14:38.834,0.86138,0.86154
2013.03.01 00:14:39.322,0.86139,0.86158
2013.03.01 00:14:40.243,0.8614,0.86158
2013.03.01 00:14:44.903,0.86138,0.86158
2013.03.01 00:14:45.336,0.86136,0.86156
2013.03.01 00:14:46.291,0.86136,0.86155
2013.03.01 00:14:48.752,0.86135,0.86155
2013.03.01 00:14:51.276,0.86136,0.86156
2013.03.01 00:14:51.824,0.8614,0.86157
2013.03.01 00:14:52.632,0.8614,0.86157
2013.03.01 00:14:53.782,0.86141,0.86158
2013.03.01 00:14:55.372,0.86141,0.86158
2013.03.01 00:14:57.434,0.86141,0.86158
2013.03.01 00:15:02.533,0.86141,0.86158
2013.03.01 00:15:04.193,0.86138,0.86157
2013.03.01 00:15:04.713,0.86138,0.86158
2013.03.01 00:15:06.383,0.86139,0.86157
2013.03.01 00:15:06.914,0.86138,0.86158
2013.03.01 00:15:12.064,0.86138,0.86157
2013.03.01 00:15:13.923,0.86138,0.86155
2013.03.01 00:15:16.981,0.86136,0.86154
2013.03.01 00:15:33.713,0.86136,0.86154
2013.03.01 00:16:08.020,0.86136,0.86154
2013.03.01 00:16:09.362,0.86136,0.86154
2013.03.01 00:16:18.454,0.86136,0.86156
2013.03.01 00:16:19.182,0.86134,0.86153
2013.03.01 00:16:19.633,0.86134,0.86152
2013.03.01 00:16:23.033,0.86134,0.86152
2013.03.01 00:16:40.209,0.86135,0.86152
2013.03.01 00:16:43.274,0.86135,0.86152
2013.03.01 00:16:49.163,0.86135,0.86153
2013.03.01 00:16:56.136,0.86134,0.86152
2013.03.01 00:16:56.207,0.86134,0.86152
2013.03.01 00:16:56.475,0.86132,0.8615
2013.03.01 00:16:56.666,0.86131,0.86149
2013.03.01 00:16:57.215,0.86129,0.86148
2013.03.01 00:17:03.345,0.86129,0.86148
2013.03.01 00:17:04.774,0.86127,0.86147
2013.03.01 00:17:05.973,0.86129,0.86147
2013.03.01 00:17:06.273,0.86129,0.86147
2013.03.01 00:17:06.392,0.86129,0.86147
2013.03.01 00:17:17.064,0.86128,0.86146
2013.03.01 00:17:17.613,0.86127,0.86145
2013.03.01 00:17:20.134,0.86127,0.86145
2013.03.01 00:17:22.244,0.86124,0.86144
2013.03.01 00:17:22.320,0.86123,0.86141
2013.03.01 00:17:22.683,0.86123,0.86141
2013.03.01 00:17:23.655,0.86121,0.86141
2013.03.01 00:17:25.754,0.86121,0.86141
2013.03.01 00:17:26.272,0.86123,0.86141
2013.03.01 00:17:28.484,0.86123,0.86141
2013.03.01 00:17:29.287,0.86123,0.86141
2013.03.01 00:17:30.814,0.86122,0.86141
2013.03.01 00:17:31.244,0.8612,0.86137
2013.03.01 00:17:31.365,0.86119,0.86137
2013.03.01 00:17:31.493,0.86119,0.86137
2013.03.01 00:17:32.043,0.86119,0.86139
2013.03.01 00:17:32.223,0.86119,0.86139
2013.03.01 00:17:32.284,0.86119,0.86139
2013.03.01 00:17:34.993,0.86119,0.8614
2013.03.01 00:17:35.535,0.8612,0.8614
2013.03.01 00:17:47.875,0.86121,0.8614
2013.03.01 00:17:48.483,0.86121,0.8614
2013.03.01 00:17:50.928,0.8612,0.86141
2013.03.01 00:17:51.915,0.8612,0.86138
2013.03.01 00:17:52.164,0.8612,0.86137
2013.03.01 00:17:53.899,0.86118,0.86136
2013.03.01 00:17:54.025,0.86118,0.86136
2013.03.01 00:17:54.584,0.86117,0.86133
2013.03.01 00:17:55.114,0.86117,0.86134
2013.03.01 00:17:55.783,0.86117,0.86133
2013.03.01 00:17:56.540,0.86117,0.86134
2013.03.01 00:17:59.539,0.86121,0.86134
2013.03.01 00:17:59.675,0.86121,0.86136
2013.03.01 00:17:59.807,0.86121,0.86137
2013.03.01 00:18:00.372,0.86121,0.86137
2013.03.01 00:18:03.813,0.86118,0.86135
2013.03.01 00:18:04.414,0.86118,0.86134
2013.03.01 00:18:05.743,0.86116,0.86134
2013.03.01 00:18:37.683,0.86112,0.86131
2013.03.01 00:18:49.313,0.86112,0.86128
2013.03.01 00:18:49.994,0.86112,0.86128
2013.03.01 00:18:55.417,0.86112,0.86128
2013.03.01 00:18:55.983,0.86112,0.8613
2013.03.01 00:18:56.409,0.86112,0.86131
2013.03.01 00:18:56.936,0.86112,0.8613
2013.03.01 00:19:01.293,0.86112,0.8613
2013.03.01 00:19:01.822,0.86112,0.8613
2013.03.01 00:19:02.725,0.86114,0.86132
2013.03.01 00:19:03.137,0.86115,0.86134
2013.03.01 00:19:07.767,0.86115,0.86134
2013.03.01 00:19:09.153,0.86116,0.86134
2013.03.01 00:19:09.732,0.86118,0.86134
2013.03.01 00:19:18.043,0.86116,0.86134
2013.03.01 00:19:20.236,0.86116,0.86133
2013.03.01 00:19:21.926,0.86116,0.86132
2013.03.01 00:19:22.496,0.86115,0.86132
2013.03.01 00:19:23.412,0.86116,0.86132
2013.03.01 00:19:23.944,0.86114,0.86134
2013.03.01 00:19:24.502,0.86117,0.86134
2013.03.01 00:19:24.722,0.86117,0.86135
2013.03.01 00:19:28.192,0.86117,0.86135
2013.03.01 00:19:28.252,0.86117,0.86135
2013.03.01 00:19:29.012,0.86121,0.86136
2013.03.01 00:19:30.292,0.86122,0.86136
2013.03.01 00:19:30.712,0.86124,0.86136
2013.03.01 00:19:31.262,0.86124,0.86136
2013.03.01 00:19:31.822,0.86123,0.86136
2013.03.01 00:19:33.043,0.86123,0.86136
2013.03.01 00:19:33.474,0.86123,0.86136
2013.03.01 00:19:40.066,0.86121,0.86136
2013.03.01 00:19:40.632,0.86124,0.86136
2013.03.01 00:19:41.387,0.86124,0.86136
2013.03.01 00:19:43.093,0.8612,0.86136
2013.03.01 00:19:44.042,0.8612,0.86136
2013.03.01 00:19:45.567,0.8612,0.86136
2013.03.01 00:19:47.551,0.86119,0.86136
2013.03.01 00:19:50.586,0.86119,0.86136
2013.03.01 00:19:50.661,0.86117,0.86135
2013.03.01 00:19:51.383,0.86117,0.86135
2013.03.01 00:19:51.442,0.86117,0.86135
2013.03.01 00:19:52.562,0.86115,0.86134
2013.03.01 00:19:52.811,0.86114,0.86133
2013.03.01 00:19:54.453,0.86115,0.86134
2013.03.01 00:19:54.982,0.86117,0.86135
2013.03.01 00:19:59.542,0.86117,0.86135
2013.03.01 00:19:59.791,0.86117,0.86135
2013.03.01 00:19:59.868,0.86117,0.86135
2013.03.01 00:20:00.414,0.86117,0.86135
2013.03.01 00:20:02.352,0.86117,0.86135
2013.03.01 00:20:04.641,0.86117,0.86136
2013.03.01 00:20:05.660,0.86118,0.86136
2013.03.01 00:20:06.459,0.86118,0.86136
2013.03.01 00:20:13.881,0.86118,0.86135
2013.03.01 00:20:14.373,0.86119,0.86135
2013.03.01 00:20:14.761,0.86119,0.86138
2013.03.01 00:20:20.942,0.86123,0.86143
2013.03.01 00:20:32.241,0.86123,0.86143
2013.03.01 00:20:36.502,0.86123,0.86142
2013.03.01 00:20:37.032,0.86119,0.86139
2013.03.01 00:20:39.882,0.86117,0.86135
2013.03.01 00:20:42.771,0.86117,0.86135
2013.03.01 00:20:47.373,0.86115,0.86134
2013.03.01 00:20:57.432,0.86115,0.86134
2013.03.01 00:20:58.052,0.86115,0.86134
2013.03.01 00:20:58.429,0.86115,0.86134
2013.03.01 00:21:00.542,0.86115,0.86134
2013.03.01 00:21:15.043,0.86118,0.86137
2013.03.01 00:21:15.980,0.86119,0.86139
2013.03.01 00:21:16.811,0.86122,0.8614
2013.03.01 00:21:17.712,0.86122,0.8614
2013.03.01 00:21:18.243,0.86123,0.86141
2013.03.01 00:21:20.191,0.86123,0.86141
2013.03.01 00:21:21.560,0.86123,0.86141
2013.03.01 00:21:22.550,0.86123,0.86141
2013.03.01 00:21:28.491,0.86124,0.86144
2013.03.01 00:21:29.314,0.86124,0.86143
2013.03.01 00:21:29.872,0.86124,0.86143
2013.03.01 00:21:39.771,0.86124,0.86142
2013.03.01 00:21:40.980,0.86124,0.86142
2013.03.01 00:21:45.651,0.86124,0.86142
2013.03.01 00:21:46.510,0.86124,0.86142
2013.03.01 00:21:47.259,0.86124,0.86142
2013.03.01 00:21:48.427,0.86124,0.86142
2013.03.01 00:21:54.367,0.86126,0.86142
2013.03.01 00:21:55.333,0.86126,0.86142
2013.03.01 00:21:55.520,0.86126,0.86142
2013.03.01 00:21:56.200,0.86124,0.8614
2013.03.01 00:22:14.501,0.86118,0.86137
2013.03.01 00:22:15.125,0.86118,0.86137
2013.03.01 00:22:21.729,0.86118,0.86135
2013.03.01 00:22:29.008,0.86118,0.86135
2013.03.01 00:22:29.656,0.86118,0.86134
2013.03.01 00:22:38.240,0.86118,0.86135
2013.03.01 00:22:40.923,0.86118,0.86135
2013.03.01 00:22:56.082,0.86116,0.86134
2013.03.01 00:23:00.840,0.86116,0.86135
2013.03.01 00:23:01.592,0.86116,0.86134
2013.03.01 00:23:05.537,0.86116,0.86134
2013.03.01 00:23:09.943,0.86116,0.86134
2013.03.01 00:23:12.360,0.86116,0.86134
2013.03.01 00:23:14.931,0.86116,0.86133
2013.03.01 00:23:18.851,0.86116,0.86128
2013.03.01 00:23:19.151,0.86116,0.86128
2013.03.01 00:23:19.691,0.86113,0.86128
2013.03.01 00:23:30.882,0.86113,0.86128
2013.03.01 00:23:36.091,0.86111,0.86127
2013.03.01 00:23:36.946,0.86111,0.86127
2013.03.01 00:23:43.781,0.86109,0.86126
2013.03.01 00:23:44.586,0.86107,0.86126
2013.03.01 00:23:45.750,0.86107,0.86124
2013.03.01 00:23:49.807,0.86106,0.86121
2013.03.01 00:24:00.366,0.86107,0.86121
2013.03.01 00:24:07.983,0.86107,0.86124
2013.03.01 00:24:08.505,0.86109,0.86125
2013.03.01 00:24:08.891,0.86109,0.86125
2013.03.01 00:24:10.962,0.86107,0.86124
2013.03.01 00:24:11.484,0.86106,0.86123
2013.03.01 00:24:13.963,0.86103,0.86121
2013.03.01 00:24:15.241,0.86103,0.86121
2013.03.01 00:24:22.481,0.86103,0.86121
2013.03.01 00:24:28.091,0.86103,0.8612
2013.03.01 00:24:35.522,0.86103,0.86119
2013.03.01 00:24:36.034,0.86103,0.8612
2013.03.01 00:24:41.913,0.86103,0.86119
2013.03.01 00:24:43.882,0.86103,0.8612
2013.03.01 00:24:45.191,0.86103,0.86118
2013.03.01 00:24:45.732,0.86101,0.86115
2013.03.01 00:24:47.072,0.861,0.86114
2013.03.01 00:24:48.842,0.861,0.86115
2013.03.01 00:24:51.883,0.861,0.86115
2013.03.01 00:25:00.041,0.861,0.86114
2013.03.01 00:25:02.902,0.861,0.86114
2013.03.01 00:25:07.671,0.861,0.86114
2013.03.01 00:25:10.600,0.861,0.86115
2013.03.01 00:25:13.672,0.861,0.86114
2013.03.01 00:25:18.872,0.861,0.86114
2013.03.01 00:25:27.334,0.86102,0.86116
2013.03.01 00:25:40.928,0.861,0.86114
2013.03.01 00:25:41.601,0.861,0.86114
2013.03.01 00:25:54.202,0.861,0.86114
2013.03.01 00:25:56.622,0.861,0.86114
2013.03.01 00:26:00.693,0.861,0.86116
2013.03.01 00:26:07.906,0.86099,0.86115
2013.03.01 00:26:08.435,0.86099,0.86115
2013.03.01 00:26:09.386,0.86099,0.86115
2013.03.01 00:26:09.981,0.86099,0.86115
2013.03.01 00:26:16.142,0.86096,0.86114
2013.03.01 00:26:16.732,0.86096,0.86111
2013.03.01 00:26:16.799,0.86094,0.86108
2013.03.01 00:26:18.644,0.86093,0.8611
2013.03.01 00:26:19.011,0.86093,0.86108
2013.03.01 00:26:20.531,0.86093,0.86108
2013.03.01 00:26:29.403,0.86093,0.86108
2013.03.01 00:26:30.664,0.86093,0.86109
2013.03.01 00:26:31.341,0.86093,0.86109
2013.03.01 00:26:34.521,0.86093,0.86109
2013.03.01 00:26:46.722,0.86093,0.86109
2013.03.01 00:26:49.759,0.86093,0.86112
2013.03.01 00:26:53.410,0.86097,0.86113
2013.03.01 00:26:53.543,0.86098,0.86115
2013.03.01 00:26:54.275,0.861,0.86115
2013.03.01 00:26:55.262,0.861,0.86118
2013.03.01 00:26:59.701,0.861,0.8612
2013.03.01 00:27:00.542,0.86099,0.86119
2013.03.01 00:27:02.848,0.86099,0.86118
2013.03.01 00:27:05.532,0.86098,0.86117
2013.03.01 00:27:06.046,0.86096,0.86116
2013.03.01 00:27:06.115,0.86095,0.86111
2013.03.01 00:27:06.652,0.86093,0.86111
2013.03.01 00:27:07.030,0.86095,0.86114
2013.03.01 00:27:08.182,0.86095,0.86114
2013.03.01 00:27:10.752,0.86097,0.86115
2013.03.01 00:27:11.289,0.86097,0.86115
2013.03.01 00:27:14.522,0.86098,0.86118
2013.03.01 00:27:15.922,0.861,0.86118
2013.03.01 00:27:29.537,0.861,0.86118
2013.03.01 00:27:48.237,0.861,0.86118
2013.03.01 00:27:50.682,0.861,0.86118
2013.03.01 00:27:51.203,0.861,0.86118
2013.03.01 00:28:16.622,0.86098,0.86117
2013.03.01 00:28:17.352,0.86101,0.86119
2013.03.01 00:28:17.948,0.86103,0.8612
2013.03.01 00:28:20.392,0.86104,0.86122
2013.03.01 00:28:20.961,0.86105,0.86123
2013.03.01 00:28:25.462,0.86105,0.86123
2013.03.01 00:28:27.427,0.86105,0.86122
2013.03.01 00:28:28.571,0.86105,0.86122
2013.03.01 00:28:30.442,0.86105,0.86123
2013.03.01 00:28:35.646,0.86104,0.86122
2013.03.01 00:28:39.197,0.86104,0.86122
2013.03.01 00:28:43.714,0.861,0.86119
2013.03.01 00:28:45.515,0.86099,0.8612
2013.03.01 00:28:45.702,0.86103,0.86121
2013.03.01 00:28:50.232,0.86105,0.86122
2013.03.01 00:28:50.748,0.86106,0.86123
2013.03.01 00:28:55.715,0.86106,0.86123
2013.03.01 00:28:58.784,0.86106,0.86124
2013.03.01 00:29:04.072,0.86105,0.86124
2013.03.01 00:29:05.597,0.86103,0.86123
2013.03.01 00:29:07.271,0.86103,0.86123
2013.03.01 00:29:07.926,0.86105,0.86123
2013.03.01 00:29:23.904,0.86104,0.86124
2013.03.01 00:29:24.272,0.86104,0.86124
2013.03.01 00:29:43.581,0.86104,0.86123
2013.03.01 00:29:45.641,0.86103,0.8612
2013.03.01 00:29:46.820,0.86103,0.8612
2013.03.01 00:29:47.002,0.86103,0.8612
2013.03.01 00:29:47.541,0.86103,0.86121
2013.03.01 00:30:06.812,0.86105,0.86121
2013.03.01 00:30:13.825,0.86105,0.86123
2013.03.01 00:30:13.942,0.86105,0.86123
2013.03.01 00:30:23.534,0.86105,0.86123
2013.03.01 00:30:24.212,0.86105,0.86123
2013.03.01 00:30:29.096,0.86108,0.86125
2013.03.01 00:30:29.695,0.86108,0.86125
2013.03.01 00:31:06.147,0.86109,0.86126
2013.03.01 00:31:06.796,0.86109,0.86126
2013.03.01 00:31:11.836,0.86109,0.86126
2013.03.01 00:31:31.074,0.86109,0.86125
2013.03.01 00:31:35.533,0.86109,0.86125
2013.03.01 00:31:44.112,0.86111,0.86125
2013.03.01 00:31:44.893,0.86113,0.86125
2013.03.01 00:31:45.343,0.86116,0.86125
2013.03.01 00:31:45.702,0.86118,0.86125
2013.03.01 00:31:55.633,0.86119,0.86135
2013.03.01 00:31:56.166,0.86119,0.86135
2013.03.01 00:32:02.132,0.86121,0.86135
2013.03.01 00:32:04.824,0.86121,0.86135
2013.03.01 00:32:20.953,0.8612,0.86135
2013.03.01 00:32:27.158,0.86119,0.86137
2013.03.01 00:32:32.721,0.86119,0.86137
2013.03.01 00:32:32.975,0.86119,0.86137
2013.03.01 00:32:34.061,0.86119,0.86137
2013.03.01 00:32:36.671,0.86119,0.86136
2013.03.01 00:32:38.751,0.86118,0.86137
2013.03.01 00:32:39.293,0.86118,0.86137
2013.03.01 00:32:40.121,0.86118,0.86137
2013.03.01 00:32:41.011,0.86118,0.86137
2013.03.01 00:32:41.661,0.86118,0.86137
2013.03.01 00:32:41.901,0.86118,0.86137
2013.03.01 00:32:43.441,0.86119,0.86138
2013.03.01 00:32:43.741,0.86119,0.86138
2013.03.01 00:32:44.491,0.86119,0.86138
2013.03.01 00:32:45.031,0.86119,0.86139
2013.03.01 00:32:45.731,0.86119,0.86139
2013.03.01 00:32:51.711,0.86117,0.86138
2013.03.01 00:32:52.501,0.86116,0.86136
2013.03.01 00:33:02.529,0.86116,0.86136
2013.03.01 00:33:04.431,0.86115,0.86136
2013.03.01 00:33:05.273,0.86116,0.86136
2013.03.01 00:33:05.331,0.86115,0.86136
2013.03.01 00:33:10.921,0.86117,0.86137
2013.03.01 00:33:11.705,0.86117,0.86137
2013.03.01 00:33:12.299,0.86117,0.86137
2013.03.01 00:33:14.953,0.86119,0.86138
2013.03.01 00:33:19.601,0.86116,0.86136
2013.03.01 00:33:22.782,0.86115,0.86136
2013.03.01 00:33:27.332,0.86114,0.86136
2013.03.01 00:33:34.893,0.86114,0.86132
2013.03.01 00:33:46.863,0.86114,0.86134
2013.03.01 00:33:47.043,0.86118,0.86135
2013.03.01 00:33:48.364,0.86119,0.86139
2013.03.01 00:34:00.684,0.8612,0.86139
2013.03.01 00:34:07.038,0.8612,0.86137
2013.03.01 00:34:07.550,0.8612,0.86139
2013.03.01 00:34:11.772,0.86117,0.86137
2013.03.01 00:34:12.322,0.86117,0.86137
2013.03.01 00:34:16.407,0.86118,0.86136
2013.03.01 00:34:16.913,0.86116,0.86134
2013.03.01 00:34:19.053,0.86116,0.86134
2013.03.01 00:34:19.454,0.86117,0.86136
2013.03.01 00:34:19.663,0.86118,0.86136
2013.03.01 00:34:20.214,0.86117,0.86137
2013.03.01 00:34:20.700,0.86117,0.86137
2013.03.01 00:34:21.702,0.86117,0.86136
2013.03.01 00:34:21.912,0.86117,0.86136
2013.03.01 00:34:23.613,0.86117,0.86137
2013.03.01 00:34:26.922,0.86114,0.86134
2013.03.01 00:34:27.775,0.86114,0.86134
2013.03.01 00:35:10.894,0.86115,0.86134
2013.03.01 00:35:19.391,0.86113,0.86133
2013.03.01 00:35:39.862,0.86114,0.86133
2013.03.01 00:36:02.752,0.86115,0.86134
2013.03.01 00:36:11.148,0.86115,0.86134
2013.03.01 00:36:15.492,0.86115,0.86134
2013.03.01 00:36:40.932,0.86116,0.86136
2013.03.01 00:36:42.212,0.86116,0.86136
2013.03.01 00:36:45.830,0.86116,0.86136
2013.03.01 00:36:52.632,0.86115,0.86136
2013.03.01 00:36:56.609,0.86115,0.86135
2013.03.01 00:37:07.415,0.86114,0.86135
2013.03.01 00:37:11.458,0.86115,0.86135
2013.03.01 00:37:12.032,0.86118,0.86137
2013.03.01 00:37:20.713,0.86119,0.86138
2013.03.01 00:37:21.645,0.86119,0.86138
2013.03.01 00:37:23.669,0.86119,0.86138
2013.03.01 00:37:26.003,0.86118,0.86138
2013.03.01 00:37:29.084,0.86118,0.86138
2013.03.01 00:37:29.548,0.86118,0.86134
2013.03.01 00:37:30.104,0.86115,0.86134
2013.03.01 00:37:32.013,0.86116,0.86134
2013.03.01 00:37:32.984,0.86115,0.86134
2013.03.01 00:37:40.426,0.86115,0.86133
2013.03.01 00:37:41.044,0.86115,0.86132
2013.03.01 00:37:42.026,0.86115,0.86132
2013.03.01 00:37:43.264,0.86115,0.86133
2013.03.01 00:37:43.824,0.86115,0.86134
2013.03.01 00:37:47.694,0.86115,0.86134
2013.03.01 00:37:52.362,0.86114,0.86134
2013.03.01 00:37:52.639,0.86114,0.86134
2013.03.01 00:37:59.893,0.86114,0.86134
2013.03.01 00:39:11.142,0.86114,0.86135
2013.03.01 00:39:34.332,0.86115,0.86134
2013.03.01 00:39:38.653,0.86113,0.86129
2013.03.01 00:39:39.013,0.86113,0.86131
2013.03.01 00:39:48.166,0.86111,0.86131
2013.03.01 00:39:48.432,0.86111,0.86131
2013.03.01 00:39:51.032,0.86113,0.86131
2013.03.01 00:39:53.693,0.86111,0.86131
2013.03.01 00:40:39.072,0.86111,0.86133
2013.03.01 00:40:48.364,0.86111,0.86129
2013.03.01 00:40:48.424,0.86111,0.86129
2013.03.01 00:41:09.333,0.86112,0.86129
2013.03.01 00:41:17.286,0.86109,0.86129
2013.03.01 00:41:17.713,0.86108,0.86125
2013.03.01 00:41:19.504,0.86108,0.86122
2013.03.01 00:41:21.063,0.86108,0.86122
2013.03.01 00:41:21.564,0.86107,0.86122
2013.03.01 00:41:21.835,0.86108,0.86124
2013.03.01 00:41:21.954,0.86107,0.86122
2013.03.01 00:41:26.065,0.86107,0.86122
2013.03.01 00:41:27.596,0.86107,0.86122
2013.03.01 00:41:32.554,0.86107,0.86122
2013.03.01 00:41:34.174,0.86107,0.86123
2013.03.01 00:41:38.121,0.86106,0.86124
2013.03.01 00:41:39.444,0.86106,0.86124
2013.03.01 00:41:40.105,0.86106,0.86124
2013.03.01 00:41:41.451,0.86106,0.86124
2013.03.01 00:41:51.334,0.86108,0.86126
2013.03.01 00:41:55.137,0.86108,0.86126
2013.03.01 00:42:02.013,0.86108,0.86126
2013.03.01 00:42:10.483,0.86108,0.86126
2013.03.01 00:42:19.484,0.86108,0.86126
2013.03.01 00:42:20.274,0.86108,0.86126
2013.03.01 00:42:20.394,0.86108,0.86126
2013.03.01 00:42:20.753,0.86108,0.86126
2013.03.01 00:42:20.934,0.86108,0.86126
2013.03.01 00:42:21.144,0.86108,0.86126
2013.03.01 00:42:21.383,0.86108,0.86126
2013.03.01 00:42:21.724,0.86108,0.86126
2013.03.01 00:42:21.974,0.86111,0.86127
2013.03.01 00:42:22.239,0.86111,0.86128
2013.03.01 00:42:27.903,0.86111,0.86127
2013.03.01 00:42:28.432,0.86109,0.86126
2013.03.01 00:42:28.968,0.86107,0.86126
2013.03.01 00:42:34.153,0.86107,0.86126
2013.03.01 00:42:34.550,0.86106,0.86125
2013.03.01 00:43:02.747,0.86106,0.86125
2013.03.01 00:43:02.874,0.86106,0.86125
2013.03.01 00:43:05.932,0.86107,0.86125
2013.03.01 00:44:05.960,0.86104,0.86126
2013.03.01 00:44:08.774,0.86106,0.86126
2013.03.01 00:44:35.863,0.86105,0.86124
2013.03.01 00:44:41.353,0.86105,0.86124
2013.03.01 00:44:46.268,0.86104,0.86123
2013.03.01 00:44:47.015,0.86103,0.86123
2013.03.01 00:44:47.084,0.86103,0.86122
2013.03.01 00:44:48.024,0.86103,0.86122
2013.03.01 00:45:04.400,0.86101,0.86118
2013.03.01 00:45:05.256,0.86101,0.86118
2013.03.01 00:45:05.758,0.861,0.86118
2013.03.01 00:45:06.837,0.86101,0.86119
2013.03.01 00:45:07.901,0.86103,0.86119
2013.03.01 00:45:07.975,0.86101,0.86119
2013.03.01 00:45:13.386,0.86101,0.86119
2013.03.01 00:45:14.656,0.86099,0.86118
2013.03.01 00:45:17.456,0.86099,0.86117
2013.03.01 00:45:17.696,0.86097,0.86117
2013.03.01 00:45:17.876,0.86095,0.86115
2013.03.01 00:45:18.435,0.86094,0.86115
2013.03.01 00:45:19.215,0.86094,0.86113
2013.03.01 00:45:19.855,0.86094,0.86113
2013.03.01 00:45:20.226,0.86094,0.86114
2013.03.01 00:45:20.655,0.86094,0.86113
2013.03.01 00:45:20.905,0.86094,0.86114
2013.03.01 00:45:21.205,0.86094,0.86114
2013.03.01 00:45:21.455,0.86094,0.86113
2013.03.01 00:45:21.995,0.86094,0.86114
2013.03.01 00:45:22.175,0.86094,0.86113
2013.03.01 00:45:22.416,0.86094,0.86113
2013.03.01 00:45:22.656,0.86094,0.86114
2013.03.01 00:45:22.955,0.86094,0.86114
2013.03.01 00:45:23.886,0.86094,0.86114
2013.03.01 00:45:24.006,0.86094,0.86114
2013.03.01 00:45:24.186,0.86094,0.86112
2013.03.01 00:45:24.914,0.86094,0.86114
2013.03.01 00:45:24.978,0.86094,0.86115
2013.03.01 00:45:25.166,0.86094,0.86115
2013.03.01 00:45:25.946,0.86094,0.86115
2013.03.01 00:45:26.138,0.86094,0.86114
2013.03.01 00:45:27.945,0.86094,0.86113
2013.03.01 00:45:28.125,0.86094,0.86113
2013.03.01 00:45:28.495,0.86094,0.86113
2013.03.01 00:45:28.686,0.86094,0.86115
2013.03.01 00:45:28.926,0.86094,0.86113
2013.03.01 00:45:29.166,0.86094,0.86113
2013.03.01 00:45:29.476,0.86094,0.86113
2013.03.01 00:45:42.375,0.86095,0.86112
2013.03.01 00:45:43.757,0.86095,0.86112
2013.03.01 00:45:43.888,0.86095,0.86112
2013.03.01 00:45:44.287,0.86095,0.86112
2013.03.01 00:45:44.814,0.86095,0.86112
2013.03.01 00:45:44.986,0.86096,0.86112
2013.03.01 00:45:45.516,0.86095,0.86112
2013.03.01 00:45:56.387,0.86095,0.86112
2013.03.01 00:45:57.379,0.86097,0.86117
2013.03.01 00:45:57.907,0.86097,0.86117
2013.03.01 00:46:04.137,0.86097,0.86117
2013.03.01 00:46:11.706,0.86097,0.86117
2013.03.01 00:46:19.926,0.86098,0.86118
2013.03.01 00:46:20.046,0.86098,0.86115
2013.03.01 00:46:20.716,0.86096,0.86112
2013.03.01 00:46:21.884,0.86096,0.86114
2013.03.01 00:46:23.486,0.86096,0.86115
2013.03.01 00:46:25.213,0.86096,0.86116
2013.03.01 00:46:28.046,0.86096,0.86116
2013.03.01 00:46:35.357,0.86099,0.86117
2013.03.01 00:46:35.417,0.861,0.86117
2013.03.01 00:46:35.966,0.86101,0.86119
2013.03.01 00:46:36.386,0.86103,0.86119
2013.03.01 00:46:36.567,0.86104,0.86122
2013.03.01 00:46:36.817,0.86106,0.86124
2013.03.01 00:46:37.367,0.86107,0.86127
2013.03.01 00:46:37.692,0.86107,0.86126
2013.03.01 00:46:38.236,0.86107,0.86127
2013.03.01 00:46:44.506,0.86107,0.86127
2013.03.01 00:46:44.636,0.86107,0.86127
2013.03.01 00:46:44.941,0.86107,0.86127
2013.03.01 00:46:45.937,0.86107,0.86127
2013.03.01 00:46:46.176,0.86107,0.86127
2013.03.01 00:46:46.367,0.86107,0.86127
2013.03.01 00:46:46.955,0.86107,0.86127
2013.03.01 00:46:47.136,0.86107,0.86127
2013.03.01 00:46:47.935,0.86107,0.86127
2013.03.01 00:46:48.175,0.86107,0.86127
2013.03.01 00:46:48.716,0.86107,0.86127
2013.03.01 00:46:49.036,0.86107,0.86127
2013.03.01 00:46:49.276,0.86107,0.86127
2013.03.01 00:46:49.836,0.86107,0.86127
2013.03.01 00:47:06.166,0.86109,0.86128
2013.03.01 00:47:09.396,0.8611,0.86128
2013.03.01 00:47:16.417,0.8611,0.86129
2013.03.01 00:47:19.003,0.8611,0.86129
2013.03.01 00:47:22.016,0.8611,0.8613
2013.03.01 00:47:26.918,0.86113,0.8613
2013.03.01 00:47:27.047,0.86113,0.86131
2013.03.01 00:48:06.253,0.86114,0.86132
2013.03.01 00:48:07.569,0.86113,0.86132
2013.03.01 00:48:12.409,0.86113,0.86132
2013.03.01 00:48:12.970,0.86113,0.86132
2013.03.01 00:48:42.458,0.86113,0.8613
2013.03.01 00:48:42.949,0.86114,0.86132
2013.03.01 00:48:43.017,0.86114,0.86133
2013.03.01 00:48:43.267,0.86116,0.86133
2013.03.01 00:48:43.387,0.86118,0.86136
2013.03.01 00:48:43.626,0.86118,0.86136
2013.03.01 00:48:44.297,0.8612,0.86138
2013.03.01 00:48:46.035,0.8612,0.86138
2013.03.01 00:48:47.366,0.8612,0.8614
2013.03.01 00:48:47.736,0.8612,0.86138
2013.03.01 00:48:48.276,0.86121,0.86139
2013.03.01 00:48:48.887,0.86121,0.86139
2013.03.01 00:48:52.359,0.86121,0.86139
2013.03.01 00:48:52.427,0.86121,0.86139
2013.03.01 00:48:52.556,0.86121,0.86142
2013.03.01 00:48:52.676,0.86121,0.86141
2013.03.01 00:48:52.797,0.86121,0.86141
2013.03.01 00:48:54.416,0.8612,0.8614
2013.03.01 00:48:55.815,0.8612,0.8614
2013.03.01 00:49:11.249,0.86121,0.8614
2013.03.01 00:49:11.376,0.86123,0.86142
2013.03.01 00:49:11.716,0.86122,0.86142
2013.03.01 00:49:12.257,0.86122,0.8614
2013.03.01 00:49:12.797,0.86122,0.8614
2013.03.01 00:49:14.627,0.86125,0.86143
2013.03.01 00:49:14.699,0.86125,0.86143
2013.03.01 00:49:15.207,0.86125,0.86145
2013.03.01 00:49:15.277,0.86125,0.86145
2013.03.01 00:49:15.816,0.86125,0.86146
2013.03.01 00:49:16.366,0.86126,0.86146
2013.03.01 00:49:16.967,0.86126,0.86145
2013.03.01 00:49:18.316,0.86125,0.86144
2013.03.01 00:49:18.677,0.86124,0.86142
2013.03.01 00:49:19.449,0.86122,0.8614
2013.03.01 00:49:19.578,0.86123,0.86142
2013.03.01 00:49:19.948,0.86125,0.86144
2013.03.01 00:49:23.823,0.86127,0.86146
2013.03.01 00:49:23.887,0.86127,0.86146
2013.03.01 00:49:26.447,0.86126,0.86147
2013.03.01 00:49:26.626,0.86126,0.86146
2013.03.01 00:49:28.097,0.86126,0.86145
2013.03.01 00:49:28.617,0.86126,0.86145
2013.03.01 00:49:28.737,0.86127,0.86146
2013.03.01 00:49:30.526,0.86126,0.86146
2013.03.01 00:49:30.586,0.86126,0.86146
2013.03.01 00:49:31.203,0.86125,0.86145
2013.03.01 00:49:31.841,0.86125,0.86145
2013.03.01 00:49:32.697,0.86125,0.86145
2013.03.01 00:49:32.756,0.86126,0.86146
2013.03.01 00:49:33.388,0.86126,0.86144
2013.03.01 00:49:33.817,0.86124,0.86142
2013.03.01 00:49:38.836,0.86126,0.86144
2013.03.01 00:49:39.157,0.86126,0.86145
2013.03.01 00:49:39.277,0.86126,0.86144
2013.03.01 00:49:39.576,0.86126,0.86143
2013.03.01 00:49:40.009,0.86126,0.86143
2013.03.01 00:50:03.668,0.86125,0.86143
2013.03.01 00:50:03.988,0.86126,0.86145
2013.03.01 00:50:04.059,0.86127,0.86146
2013.03.01 00:50:04.824,0.86129,0.86149
2013.03.01 00:50:09.856,0.86129,0.86149
2013.03.01 00:50:11.300,0.86129,0.86149
2013.03.01 00:50:12.251,0.86129,0.86149
2013.03.01 00:50:14.856,0.8613,0.86149
2013.03.01 00:50:14.919,0.8613,0.86147
2013.03.01 00:50:21.346,0.8613,0.86149
2013.03.01 00:50:21.406,0.8613,0.86149
2013.03.01 00:50:27.427,0.8613,0.86149
2013.03.01 00:50:30.807,0.8613,0.86149
2013.03.01 00:50:30.996,0.8613,0.86149
2013.03.01 00:50:52.817,0.8613,0.86147
2013.03.01 00:51:09.816,0.8613,0.86147
2013.03.01 00:51:20.102,0.86128,0.86147
2013.03.01 00:51:20.955,0.8613,0.86147
2013.03.01 00:51:56.570,0.86129,0.86148
2013.03.01 00:51:57.325,0.8613,0.86146
2013.03.01 00:52:00.153,0.8613,0.86147
2013.03.01 00:52:27.917,0.8613,0.86148
2013.03.01 00:52:28.706,0.86127,0.86147
2013.03.01 00:52:38.147,0.86131,0.86147
2013.03.01 00:52:38.577,0.86131,0.86147
2013.03.01 00:52:44.886,0.86131,0.86147
2013.03.01 00:52:49.146,0.86131,0.86147
2013.03.01 00:53:05.109,0.86132,0.86147
2013.03.01 00:53:07.208,0.8613,0.86147
2013.03.01 00:53:07.277,0.8613,0.86146
2013.03.01 00:53:58.897,0.86129,0.86143
2013.03.01 00:53:59.538,0.86128,0.86144
2013.03.01 00:54:01.426,0.86129,0.86145
2013.03.01 00:54:02.937,0.86127,0.86143
2013.03.01 00:54:03.476,0.86127,0.86144
2013.03.01 00:54:04.017,0.86128,0.86144
2013.03.01 00:54:04.092,0.86131,0.86147
2013.03.01 00:54:04.338,0.86131,0.86148
2013.03.01 00:54:05.078,0.86131,0.86147
2013.03.01 00:54:05.407,0.86131,0.86146
2013.03.01 00:54:06.678,0.86127,0.86146
2013.03.01 00:54:06.755,0.86127,0.86143
2013.03.01 00:54:06.938,0.86127,0.86142
2013.03.01 00:54:07.410,0.86128,0.86146
2013.03.01 00:54:07.732,0.86128,0.86146
2013.03.01 00:54:07.917,0.86129,0.86147
2013.03.01 00:54:08.705,0.86129,0.86148
2013.03.01 00:54:13.187,0.8613,0.86146
2013.03.01 00:54:13.249,0.8613,0.86146
2013.03.01 00:54:15.934,0.86128,0.86146
2013.03.01 00:54:16.348,0.86128,0.86148
2013.03.01 00:54:16.849,0.86128,0.86148
2013.03.01 00:54:17.807,0.86129,0.86148
2013.03.01 00:54:19.027,0.86129,0.86148
2013.03.01 00:54:20.959,0.86131,0.86148
2013.03.01 00:54:21.826,0.86127,0.86145
2013.03.01 00:54:22.430,0.86127,0.86145
2013.03.01 00:54:23.109,0.86128,0.86145
2013.03.01 00:54:23.477,0.8613,0.86148
2013.03.01 00:54:24.826,0.86131,0.86148
2013.03.01 00:54:29.307,0.86129,0.86148
2013.03.01 00:54:29.429,0.86129,0.86147
2013.03.01 00:54:29.857,0.86128,0.86147
2013.03.01 00:54:29.978,0.86128,0.86147
2013.03.01 00:54:35.897,0.86128,0.86146
2013.03.01 00:54:36.437,0.86128,0.86146
2013.03.01 00:54:40.048,0.86125,0.86143
2013.03.01 00:54:40.856,0.86124,0.86144
2013.03.01 00:54:40.959,0.86126,0.86146
2013.03.01 00:54:41.470,0.86128,0.86146
2013.03.01 00:54:42.140,0.86126,0.86146
2013.03.01 00:54:42.329,0.86126,0.86145
2013.03.01 00:54:43.320,0.86126,0.86145
2013.03.01 00:54:45.498,0.86125,0.86145
2013.03.01 00:54:45.928,0.86126,0.86146
2013.03.01 00:54:46.169,0.86128,0.86148
2013.03.01 00:54:46.657,0.86128,0.86145
2013.03.01 00:54:46.845,0.86126,0.86145
2013.03.01 00:54:46.909,0.86126,0.86146
2013.03.01 00:54:46.977,0.86126,0.86146
2013.03.01 00:54:47.926,0.86126,0.86146
2013.03.01 00:54:48.228,0.86126,0.86144
2013.03.01 00:54:48.357,0.86126,0.86144
2013.03.01 00:54:48.920,0.86125,0.86144
2013.03.01 00:54:49.468,0.86126,0.86144
2013.03.01 00:54:50.458,0.86124,0.86144
2013.03.01 00:54:50.643,0.86124,0.86144
2013.03.01 00:54:53.458,0.86123,0.86142
2013.03.01 00:54:53.600,0.86123,0.86143
2013.03.01 00:54:54.647,0.86125,0.86143
2013.03.01 00:54:55.188,0.86125,0.86144
2013.03.01 00:54:55.748,0.86128,0.86146
2013.03.01 00:54:56.940,0.86128,0.86146
2013.03.01 00:54:58.368,0.86126,0.86146
2013.03.01 00:54:58.558,0.86126,0.86144
2013.03.01 00:54:58.836,0.86124,0.86144
2013.03.01 00:54:59.368,0.86123,0.86141
2013.03.01 00:54:59.931,0.86123,0.86141
2013.03.01 00:55:00.381,0.86123,0.86141
2013.03.01 00:55:00.769,0.86127,0.86146
2013.03.01 00:55:01.080,0.86124,0.8614
2013.03.01 00:55:01.154,0.86121,0.86141
2013.03.01 00:55:01.622,0.8612,0.86134
2013.03.01 00:55:01.950,0.86119,0.86132
2013.03.01 00:55:02.868,0.86116,0.86133
2013.03.01 00:55:03.612,0.86116,0.86133
2013.03.01 00:55:03.798,0.86116,0.86133
2013.03.01 00:55:04.898,0.86118,0.86134
2013.03.01 00:55:05.437,0.8612,0.86134
2013.03.01 00:55:05.797,0.8612,0.86134
2013.03.01 00:55:08.188,0.86122,0.86137
2013.03.01 00:55:08.258,0.86122,0.86138
2013.03.01 00:55:08.447,0.86124,0.86143
2013.03.01 00:55:08.627,0.86124,0.86143
2013.03.01 00:55:08.938,0.86127,0.86143
2013.03.01 00:55:09.248,0.86131,0.86147
2013.03.01 00:55:09.568,0.86131,0.86148
2013.03.01 00:55:09.628,0.86131,0.86148
2013.03.01 00:55:10.929,0.86133,0.86148
2013.03.01 00:55:11.178,0.86133,0.8615
2013.03.01 00:55:11.247,0.86133,0.86151
2013.03.01 00:55:11.798,0.86135,0.86152
2013.03.01 00:55:11.930,0.86135,0.86152
2013.03.01 00:55:15.458,0.86135,0.86152
2013.03.01 00:55:16.104,0.86135,0.86152
2013.03.01 00:55:20.751,0.86135,0.86153
2013.03.01 00:55:20.819,0.86135,0.86153
2013.03.01 00:55:21.378,0.86135,0.86153
2013.03.01 00:55:21.828,0.86133,0.86152
2013.03.01 00:55:22.388,0.86133,0.86151
2013.03.01 00:55:22.697,0.86133,0.86151
2013.03.01 00:55:23.126,0.86131,0.86149
2013.03.01 00:55:26.997,0.8613,0.86149
2013.03.01 00:55:27.319,0.86129,0.86147
2013.03.01 00:55:29.217,0.8613,0.86148
2013.03.01 00:55:29.579,0.86132,0.86148
2013.03.01 00:55:29.768,0.86132,0.86148
2013.03.01 00:55:30.097,0.86132,0.8615
2013.03.01 00:55:30.277,0.86132,0.8615
2013.03.01 00:55:31.371,0.8613,0.8615
2013.03.01 00:55:31.809,0.86132,0.8615
2013.03.01 00:55:32.138,0.86134,0.86152
2013.03.01 00:55:32.687,0.86134,0.86154
2013.03.01 00:55:32.807,0.86134,0.86154
2013.03.01 00:55:33.348,0.86136,0.86155
2013.03.01 00:55:34.775,0.86136,0.86155
2013.03.01 00:55:42.144,0.86136,0.86155
2013.03.01 00:55:44.489,0.86136,0.86155
2013.03.01 00:55:52.528,0.86136,0.86154
2013.03.01 00:56:09.783,0.86136,0.86154
2013.03.01 00:56:21.419,0.86136,0.86154
2013.03.01 00:56:21.729,0.86136,0.86156
2013.03.01 00:56:22.289,0.8614,0.86156
2013.03.01 00:56:22.537,0.8614,0.86156
2013.03.01 00:56:22.657,0.86138,0.86156
2013.03.01 00:56:23.325,0.86138,0.86156
2013.03.01 00:56:23.458,0.86139,0.86156
2013.03.01 00:56:24.228,0.86139,0.86157
2013.03.01 00:56:25.688,0.8614,0.86159
2013.03.01 00:56:26.057,0.86142,0.8616
2013.03.01 00:56:30.317,0.86142,0.86159
2013.03.01 00:56:30.437,0.86139,0.86153
2013.03.01 00:56:30.679,0.86138,0.86156
2013.03.01 00:56:30.749,0.86138,0.86156
2013.03.01 00:56:31.188,0.86138,0.86155
2013.03.01 00:56:31.608,0.86138,0.86155
2013.03.01 00:56:32.377,0.86138,0.86155
2013.03.01 00:56:39.219,0.86138,0.86155
2013.03.01 00:56:39.348,0.86137,0.86154
2013.03.01 00:56:39.890,0.86137,0.86154
2013.03.01 00:56:43.780,0.86134,0.86152
2013.03.01 00:56:43.847,0.86134,0.86152
2013.03.01 00:56:44.178,0.86134,0.86151
2013.03.01 00:56:44.811,0.86134,0.86151
2013.03.01 00:56:45.808,0.86136,0.86151
2013.03.01 00:56:46.000,0.86137,0.86154
2013.03.01 00:56:46.251,0.86134,0.86154
2013.03.01 00:56:46.319,0.86134,0.86154
2013.03.01 00:56:46.392,0.86134,0.86154
2013.03.01 00:56:47.919,0.86133,0.86152
2013.03.01 00:56:48.423,0.86133,0.86151
2013.03.01 00:56:50.697,0.86133,0.86152
2013.03.01 00:56:51.247,0.86133,0.86153
2013.03.01 00:56:52.561,0.86134,0.86154
2013.03.01 00:56:54.338,0.86134,0.86154
2013.03.01 00:56:54.662,0.86136,0.86154
2013.03.01 00:56:56.597,0.86136,0.86155
2013.03.01 00:56:58.137,0.86134,0.86154
2013.03.01 00:56:59.933,0.86134,0.86152
2013.03.01 00:57:00.729,0.86134,0.86154
2013.03.01 00:57:03.638,0.86137,0.86156
2013.03.01 00:57:04.188,0.86134,0.86154
2013.03.01 00:57:07.659,0.86134,0.86152
2013.03.01 00:57:13.319,0.86135,0.86154
2013.03.01 00:57:13.808,0.86137,0.86156
2013.03.01 00:57:14.118,0.86139,0.86157
2013.03.01 00:57:14.177,0.86139,0.86157
2013.03.01 00:57:14.479,0.86138,0.86158
2013.03.01 00:57:20.949,0.86137,0.86152
2013.03.01 00:57:21.018,0.86134,0.86152
2013.03.01 00:57:21.208,0.86134,0.86152
2013.03.01 00:57:21.768,0.86134,0.86154
2013.03.01 00:57:24.488,0.86132,0.86152
2013.03.01 00:57:24.548,0.86131,0.86151
2013.03.01 00:57:28.179,0.86133,0.86152
2013.03.01 00:57:34.379,0.86136,0.86152
2013.03.01 00:57:34.928,0.86136,0.86156
2013.03.01 00:57:35.187,0.86136,0.86156
2013.03.01 00:57:38.439,0.86138,0.86157
2013.03.01 00:57:38.752,0.86142,0.86158
2013.03.01 00:57:38.879,0.86142,0.86159
2013.03.01 00:57:38.947,0.86142,0.86159
2013.03.01 00:57:39.248,0.86142,0.86162
2013.03.01 00:57:43.809,0.86144,0.86163
2013.03.01 00:57:44.118,0.86146,0.86165
2013.03.01 00:57:44.851,0.86146,0.86165
2013.03.01 00:57:45.189,0.86143,0.86164
2013.03.01 00:57:45.568,0.86141,0.86161
2013.03.01 00:57:45.898,0.86141,0.8616
2013.03.01 00:57:46.337,0.86137,0.86158
2013.03.01 00:57:46.472,0.86136,0.86155
2013.03.01 00:57:46.658,0.86136,0.86155
2013.03.01 00:57:47.327,0.86136,0.86154
2013.03.01 00:57:49.788,0.86133,0.86154
2013.03.01 00:57:50.113,0.86134,0.86153
2013.03.01 00:57:50.428,0.86136,0.86154
2013.03.01 00:57:50.990,0.86134,0.86153
2013.03.01 00:57:56.642,0.86133,0.86152
2013.03.01 00:57:57.558,0.8613,0.8615
2013.03.01 00:57:57.619,0.86129,0.86149
2013.03.01 00:57:58.272,0.86129,0.86149
2013.03.01 00:57:58.350,0.86129,0.86148
2013.03.01 00:58:01.549,0.86127,0.86145
2013.03.01 00:58:01.799,0.86127,0.86145
2013.03.01 00:58:02.788,0.86127,0.86146
2013.03.01 00:58:03.039,0.86125,0.86146
2013.03.01 00:58:03.172,0.86126,0.86145
2013.03.01 00:58:03.718,0.86126,0.86146
2013.03.01 00:58:05.300,0.86126,0.86147
2013.03.01 00:58:05.429,0.86129,0.86148
2013.03.01 00:58:05.737,0.86129,0.86149
2013.03.01 00:58:05.868,0.86129,0.86149
2013.03.01 00:58:06.418,0.86129,0.86149
2013.03.01 00:58:08.079,0.86129,0.86149
2013.03.01 00:58:08.390,0.8613,0.86149
2013.03.01 00:58:08.519,0.86131,0.86151
2013.03.01 00:58:09.077,0.86132,0.86152
2013.03.01 00:58:11.047,0.86135,0.86153
2013.03.01 00:58:11.478,0.86135,0.86153
2013.03.01 00:58:11.553,0.86135,0.86154
2013.03.01 00:58:12.819,0.86135,0.86154
2013.03.01 00:58:13.858,0.86135,0.86155
2013.03.01 00:58:14.408,0.86134,0.86153
2013.03.01 00:58:15.664,0.86136,0.86155
2013.03.01 00:58:15.790,0.86138,0.86156
2013.03.01 00:58:16.098,0.86138,0.86157
2013.03.01 00:58:17.769,0.86138,0.86157
2013.03.01 00:58:17.911,0.86139,0.86157
2013.03.01 00:58:18.040,0.86136,0.86156
2013.03.01 00:58:18.627,0.86135,0.86153
2013.03.01 00:58:19.407,0.86134,0.86152
2013.03.01 00:58:19.467,0.86134,0.86152
2013.03.01 00:58:23.847,0.86132,0.8615
2013.03.01 00:58:26.917,0.86132,0.8615
2013.03.01 00:58:28.802,0.86132,0.8615
2013.03.01 00:58:30.327,0.86133,0.8615
2013.03.01 00:58:30.817,0.86133,0.8615
2013.03.01 00:58:32.732,0.86133,0.8615
2013.03.01 00:58:38.277,0.86133,0.8615
2013.03.01 00:58:43.900,0.86129,0.86148
2013.03.01 00:58:44.337,0.86127,0.86145
2013.03.01 00:58:44.697,0.86125,0.86145
2013.03.01 00:58:45.209,0.86124,0.86144
2013.03.01 00:58:46.090,0.86127,0.86145
2013.03.01 00:58:46.538,0.86129,0.86147
2013.03.01 00:58:46.672,0.86131,0.86147
2013.03.01 00:58:46.977,0.86132,0.86149
2013.03.01 00:58:48.300,0.86134,0.8615
2013.03.01 00:58:48.799,0.86136,0.86153
2013.03.01 00:58:49.418,0.86136,0.86154
2013.03.01 00:58:49.538,0.86136,0.86155
2013.03.01 00:58:49.608,0.86136,0.86155
2013.03.01 00:58:50.164,0.86138,0.86155
2013.03.01 00:58:51.418,0.86137,0.86154
2013.03.01 00:58:51.659,0.86137,0.86154
2013.03.01 00:58:51.977,0.86137,0.86154
2013.03.01 00:58:55.090,0.86136,0.86154
2013.03.01 00:58:55.418,0.86136,0.86156
2013.03.01 00:58:56.038,0.86138,0.86157
2013.03.01 00:58:56.458,0.86138,0.86157
2013.03.01 00:58:57.479,0.86138,0.86157
2013.03.01 00:58:57.789,0.86141,0.86157
2013.03.01 00:59:00.119,0.8614,0.86157
2013.03.01 00:59:00.890,0.8614,0.86157
2013.03.01 00:59:01.820,0.8614,0.86157
2013.03.01 00:59:01.948,0.86139,0.86157
2013.03.01 00:59:02.079,0.8614,0.86157
2013.03.01 00:59:02.208,0.8614,0.86158
2013.03.01 00:59:02.399,0.86139,0.86157
2013.03.01 00:59:03.008,0.86139,0.86157
2013.03.01 00:59:03.068,0.86139,0.86157
2013.03.01 00:59:03.609,0.8614,0.86157
2013.03.01 00:59:03.919,0.86138,0.86158
2013.03.01 00:59:06.008,0.86137,0.86155
2013.03.01 00:59:09.704,0.86137,0.86154
2013.03.01 00:59:11.818,0.86136,0.86153
2013.03.01 00:59:12.009,0.86134,0.86153
2013.03.01 00:59:12.377,0.86132,0.8615
2013.03.01 00:59:12.797,0.86129,0.8615
2013.03.01 00:59:13.420,0.8613,0.8615
2013.03.01 00:59:14.851,0.86132,0.86152
2013.03.01 00:59:14.978,0.86135,0.86153
2013.03.01 00:59:16.679,0.86135,0.86153
2013.03.01 00:59:16.808,0.86133,0.86153
2013.03.01 00:59:16.941,0.86132,0.8615
2013.03.01 00:59:17.307,0.8613,0.8615
2013.03.01 00:59:17.679,0.86129,0.86147
2013.03.01 00:59:19.597,0.86129,0.86148
2013.03.01 00:59:19.850,0.8613,0.8615
2013.03.01 00:59:19.917,0.8613,0.8615
2013.03.01 00:59:20.039,0.86133,0.86152
2013.03.01 00:59:22.148,0.86132,0.86153
2013.03.01 00:59:22.697,0.86131,0.86151
2013.03.01 00:59:23.852,0.86131,0.86151
2013.03.01 00:59:24.197,0.86132,0.86151
2013.03.01 00:59:24.718,0.86134,0.86153
2013.03.01 00:59:25.378,0.86134,0.86153
2013.03.01 00:59:25.679,0.86134,0.86153
2013.03.01 00:59:28.819,0.86134,0.86152
2013.03.01 00:59:29.139,0.86135,0.86153
2013.03.01 00:59:29.272,0.86136,0.86153
2013.03.01 00:59:30.062,0.86138,0.86156
2013.03.01 00:59:30.630,0.86139,0.86157
2013.03.01 00:59:31.546,0.8614,0.86158
2013.03.01 00:59:33.659,0.86138,0.86158
2013.03.01 00:59:33.909,0.86138,0.86157
2013.03.01 00:59:34.458,0.86138,0.86158
2013.03.01 00:59:34.878,0.86138,0.86157
2013.03.01 00:59:35.188,0.86142,0.86157
2013.03.01 00:59:35.510,0.86143,0.86157
2013.03.01 00:59:35.970,0.86142,0.86157
2013.03.01 00:59:36.521,0.86144,0.86158
2013.03.01 00:59:38.484,0.86147,0.86157
2013.03.01 00:59:38.840,0.86147,0.86162
2013.03.01 00:59:39.268,0.86147,0.86165
2013.03.01 00:59:39.459,0.86147,0.86165
2013.03.01 00:59:39.828,0.86148,0.86165
2013.03.01 00:59:40.390,0.86149,0.86167
2013.03.01 00:59:41.149,0.86149,0.86169
2013.03.01 00:59:41.408,0.8615,0.86169
2013.03.01 00:59:41.709,0.8615,0.86169
2013.03.01 00:59:42.317,0.86151,0.86168
2013.03.01 00:59:42.498,0.86151,0.86168
2013.03.01 00:59:43.190,0.86151,0.86167
2013.03.01 00:59:43.741,0.86149,0.86166
2013.03.01 00:59:44.473,0.86149,0.86164
2013.03.01 00:59:44.800,0.86149,0.86165
2013.03.01 00:59:44.940,0.86147,0.86164
2013.03.01 00:59:45.469,0.86144,0.86161
2013.03.01 00:59:45.541,0.86144,0.8616
2013.03.01 00:59:46.090,0.86145,0.86162
2013.03.01 00:59:46.402,0.86152,0.86165
2013.03.01 00:59:47.002,0.86156,0.86171
2013.03.01 00:59:47.263,0.86156,0.86175
2013.03.01 00:59:47.460,0.86157,0.86176
2013.03.01 00:59:47.768,0.86159,0.86178
2013.03.01 00:59:48.009,0.8616,0.86177
2013.03.01 00:59:48.566,0.86158,0.86176
2013.03.01 00:59:48.628,0.86158,0.86175
2013.03.01 00:59:49.243,0.86158,0.86175
2013.03.01 00:59:49.761,0.86157,0.86175
2013.03.01 00:59:50.272,0.86157,0.86175
2013.03.01 00:59:50.778,0.86155,0.86175
2013.03.01 00:59:51.079,0.86156,0.86177
2013.03.01 00:59:51.600,0.86156,0.86177
2013.03.01 00:59:52.132,0.86155,0.86177
2013.03.01 00:59:52.389,0.86155,0.86177
2013.03.01 00:59:52.579,0.86155,0.86176
2013.03.01 00:59:53.101,0.86155,0.86176
2013.03.01 00:59:54.029,0.86155,0.86176
2013.03.01 00:59:55.819,0.86155,0.86177
2013.03.01 00:59:56.365,0.86154,0.86177
2013.03.01 00:59:56.710,0.86155,0.86177
2013.03.01 00:59:57.040,0.86159,0.86179
2013.03.01 00:59:57.549,0.86159,0.86179
2013.03.01 00:59:57.999,0.86159,0.86179
2013.03.01 00:59:58.542,0.86159,0.8618
2013.03.01 00:59:59.049,0.8616,0.86179
2013.03.01 00:59:59.420,0.8616,0.86179
2013.03.01 00:59:59.548,0.8616,0.86179
2013.03.01 01:00:00.099,0.8616,0.86179
2013.03.01 01:00:00.629,0.86159,0.86179
2013.03.01 01:00:01.299,0.8616,0.86179
2013.03.01 01:00:01.859,0.8616,0.86179
2013.03.01 01:00:02.380,0.8616,0.86179
2013.03.01 01:00:02.724,0.86159,0.86179
2013.03.01 01:00:03.270,0.86161,0.8618
2013.03.01 01:00:04.060,0.86163,0.86184
2013.03.01 01:00:04.591,0.86163,0.86184
2013.03.01 01:00:05.151,0.86163,0.86184
2013.03.01 01:00:05.699,0.86166,0.86186
2013.03.01 01:00:06.022,0.86167,0.86186
2013.03.01 01:00:06.560,0.86167,0.86186
2013.03.01 01:00:06.894,0.86167,0.86189
2013.03.01 01:00:07.429,0.86168,0.86189
2013.03.01 01:00:07.992,0.86169,0.86193
2013.03.01 01:00:08.441,0.86171,0.86193
2013.03.01 01:00:08.980,0.86171,0.86192
2013.03.01 01:00:09.050,0.86169,0.86192
2013.03.01 01:00:09.430,0.86168,0.86191
2013.03.01 01:00:09.740,0.86168,0.8619
2013.03.01 01:00:09.940,0.86168,0.86189
2013.03.01 01:00:10.191,0.86168,0.8619
2013.03.01 01:00:10.739,0.86168,0.86189
2013.03.01 01:00:11.290,0.86168,0.8619
2013.03.01 01:00:11.849,0.86168,0.8619
2013.03.01 01:00:12.302,0.86168,0.86191
2013.03.01 01:00:12.936,0.86169,0.86191
2013.03.01 01:00:13.153,0.86171,0.86191
2013.03.01 01:00:13.657,0.86171,0.86191
2013.03.01 01:00:13.949,0.86169,0.86191
2013.03.01 01:00:14.236,0.86168,0.86188
2013.03.01 01:00:14.560,0.86166,0.86186
2013.03.01 01:00:14.930,0.86166,0.86186
2013.03.01 01:00:15.449,0.86166,0.86187
2013.03.01 01:00:15.820,0.86165,0.86185
2013.03.01 01:00:17.499,0.86165,0.86186
2013.03.01 01:00:17.945,0.86167,0.86187
2013.03.01 01:00:19.015,0.86167,0.86189
2013.03.01 01:00:19.350,0.86167,0.86189
2013.03.01 01:00:20.834,0.86167,0.86189
2013.03.01 01:00:21.146,0.86165,0.86188
2013.03.01 01:00:21.612,0.86163,0.86186
2013.03.01 01:00:21.682,0.86162,0.86186
2013.03.01 01:00:23.862,0.86163,0.86179
2013.03.01 01:00:23.931,0.86163,0.86179
2013.03.01 01:00:24.141,0.86159,0.86181
2013.03.01 01:00:24.640,0.86159,0.86181
2013.03.01 01:00:25.112,0.8616,0.8618
2013.03.01 01:00:25.255,0.86164,0.8618
2013.03.01 01:00:25.868,0.86164,0.86187
2013.03.01 01:00:26.481,0.86164,0.86187
2013.03.01 01:00:29.914,0.86171,0.8619
2013.03.01 01:00:30.100,0.86173,0.86191
2013.03.01 01:00:30.228,0.86173,0.86191
2013.03.01 01:00:30.301,0.86173,0.86192
2013.03.01 01:00:30.632,0.86174,0.86194
2013.03.01 01:00:34.491,0.86175,0.86192
2013.03.01 01:00:38.291,0.86173,0.86192
2013.03.01 01:00:40.757,0.86173,0.86192
2013.03.01 01:00:42.418,0.86173,0.86192
2013.03.01 01:00:42.548,0.86174,0.86192
2013.03.01 01:00:42.621,0.86175,0.86192
2013.03.01 01:00:43.078,0.86176,0.86192
2013.03.01 01:00:43.940,0.86177,0.86194
2013.03.01 01:00:45.390,0.86178,0.86194
2013.03.01 01:00:46.281,0.86182,0.86194
2013.03.01 01:00:46.366,0.86185,0.86201
2013.03.01 01:00:46.561,0.86185,0.86201
2013.03.01 01:00:47.497,0.86185,0.86204
2013.03.01 01:00:48.540,0.86185,0.86203
2013.03.01 01:00:51.126,0.86184,0.86204
2013.03.01 01:00:51.578,0.86182,0.86202
2013.03.01 01:00:51.707,0.86182,0.862
2013.03.01 01:00:51.839,0.86182,0.86199
2013.03.01 01:00:52.233,0.86176,0.86197
2013.03.01 01:00:58.768,0.86175,0.86195
2013.03.01 01:00:59.140,0.86178,0.86196
2013.03.01 01:00:59.211,0.86178,0.86197
2013.03.01 01:01:00.566,0.86178,0.86197
2013.03.01 01:01:00.688,0.86178,0.86196
2013.03.01 01:01:01.190,0.86175,0.86195
2013.03.01 01:01:01.378,0.86175,0.86194
2013.03.01 01:01:04.789,0.86172,0.86192
2013.03.01 01:01:04.919,0.86172,0.86192
2013.03.01 01:01:08.449,0.8617,0.86188
2013.03.01 01:01:08.578,0.86171,0.8619
2013.03.01 01:01:08.782,0.8617,0.8619
2013.03.01 01:01:08.849,0.86172,0.86191
2013.03.01 01:01:08.918,0.86172,0.86191
2013.03.01 01:01:09.469,0.86169,0.86191
2013.03.01 01:01:11.107,0.86169,0.8619
2013.03.01 01:01:11.288,0.86169,0.8619
2013.03.01 01:01:15.530,0.86169,0.86189
2013.03.01 01:01:15.867,0.86169,0.86189
2013.03.01 01:01:16.049,0.86169,0.86189
2013.03.01 01:01:16.180,0.86169,0.86188
2013.03.01 01:01:16.488,0.86167,0.86188
2013.03.01 01:01:18.639,0.86167,0.86187
2013.03.01 01:01:25.881,0.86167,0.86185
2013.03.01 01:01:26.258,0.86169,0.86187
2013.03.01 01:01:26.439,0.8617,0.86187
2013.03.01 01:01:26.568,0.8617,0.86187
2013.03.01 01:01:27.328,0.86169,0.86188
2013.03.01 01:01:28.171,0.86168,0.86187
2013.03.01 01:01:28.798,0.86168,0.86188
2013.03.01 01:01:40.718,0.86166,0.86184
2013.03.01 01:01:40.788,0.86165,0.86183
2013.03.01 01:01:41.415,0.86165,0.86183
2013.03.01 01:01:41.501,0.86162,0.86182
2013.03.01 01:01:41.978,0.86162,0.86181
2013.03.01 01:01:42.599,0.86161,0.86179
2013.03.01 01:01:43.178,0.86161,0.86179
2013.03.01 01:01:43.418,0.86161,0.86179
2013.03.01 01:01:44.098,0.86161,0.86179
2013.03.01 01:01:45.277,0.86161,0.86181
2013.03.01 01:01:45.757,0.86164,0.86184
2013.03.01 01:01:46.298,0.86165,0.86185
2013.03.01 01:01:47.057,0.86164,0.86184
2013.03.01 01:01:48.370,0.86163,0.86181
2013.03.01 01:01:48.441,0.86163,0.86181
2013.03.01 01:01:48.628,0.86161,0.86181
2013.03.01 01:01:49.697,0.86161,0.86179
2013.03.01 01:01:49.876,0.86161,0.86179
2013.03.01 01:01:51.268,0.86161,0.86179
2013.03.01 01:01:51.578,0.86159,0.86178
2013.03.01 01:01:52.067,0.86157,0.86177
2013.03.01 01:01:53.489,0.86158,0.86177
2013.03.01 01:01:53.998,0.86159,0.86177
2013.03.01 01:01:55.211,0.8616,0.86178
2013.03.01 01:01:56.850,0.86159,0.86178
2013.03.01 01:01:57.547,0.86158,0.86176
2013.03.01 01:01:57.998,0.86154,0.86173
2013.03.01 01:01:58.187,0.86154,0.86173
2013.03.01 01:01:59.098,0.86154,0.86172
2013.03.01 01:01:59.279,0.86154,0.86172
2013.03.01 01:01:59.409,0.86154,0.86173
2013.03.01 01:02:01.479,0.86154,0.86173
2013.03.01 01:02:01.980,0.86154,0.86174
2013.03.01 01:02:03.569,0.86159,0.86175
2013.03.01 01:02:06.163,0.86159,0.86177
2013.03.01 01:02:06.997,0.86157,0.86175
2013.03.01 01:02:07.058,0.86158,0.86175
2013.03.01 01:02:07.248,0.86158,0.86176
2013.03.01 01:02:07.378,0.86158,0.86175
2013.03.01 01:02:07.617,0.86158,0.86175
2013.03.01 01:02:13.168,0.86155,0.86175
2013.03.01 01:02:13.717,0.86157,0.86176
2013.03.01 01:02:18.196,0.86159,0.86177
2013.03.01 01:02:20.392,0.86159,0.86174
2013.03.01 01:02:20.471,0.86161,0.86176
2013.03.01 01:02:20.540,0.86161,0.86177
2013.03.01 01:02:20.610,0.86163,0.86176
2013.03.01 01:02:21.120,0.86163,0.86176
2013.03.01 01:02:21.199,0.8616,0.86176
2013.03.01 01:02:22.673,0.8616,0.86176
2013.03.01 01:02:27.508,0.86162,0.86176
2013.03.01 01:02:28.668,0.86158,0.86175
2013.03.01 01:02:31.580,0.86159,0.86176
2013.03.01 01:02:32.888,0.86159,0.86175
2013.03.01 01:02:34.098,0.8616,0.86174
2013.03.01 01:02:35.129,0.8616,0.86174
2013.03.01 01:02:35.439,0.86156,0.86171
2013.03.01 01:02:35.976,0.86156,0.86172
2013.03.01 01:02:36.051,0.86157,0.86173
2013.03.01 01:02:36.605,0.86157,0.86173
2013.03.01 01:02:38.378,0.86161,0.86172
2013.03.01 01:02:40.157,0.86161,0.86174
2013.03.01 01:02:40.397,0.86158,0.86174
2013.03.01 01:02:41.347,0.86161,0.86174
2013.03.01 01:02:41.468,0.86162,0.86177
2013.03.01 01:02:41.598,0.86164,0.86177
2013.03.01 01:02:41.957,0.86162,0.86177
2013.03.01 01:02:42.138,0.86165,0.86177
2013.03.01 01:02:42.508,0.86166,0.86182
2013.03.01 01:02:42.688,0.86166,0.86181
2013.03.01 01:02:42.820,0.86167,0.86182
2013.03.01 01:02:42.950,0.86167,0.86184
2013.03.01 01:02:43.258,0.86171,0.86184
2013.03.01 01:02:43.567,0.86171,0.86184
2013.03.01 01:02:43.926,0.86171,0.86186
2013.03.01 01:02:45.758,0.86172,0.86187
2013.03.01 01:02:46.937,0.86173,0.86186
2013.03.01 01:02:49.698,0.86171,0.86184
2013.03.01 01:02:50.997,0.8617,0.86185
2013.03.01 01:02:51.596,0.86172,0.86185
2013.03.01 01:02:55.254,0.8617,0.86186
2013.03.01 01:02:55.740,0.86171,0.86187
2013.03.01 01:02:58.629,0.86171,0.86186
2013.03.01 01:02:58.700,0.8617,0.86186
2013.03.01 01:02:59.446,0.8617,0.86183
2013.03.01 01:02:59.968,0.86168,0.86183
2013.03.01 01:03:01.410,0.8617,0.86186
2013.03.01 01:03:01.479,0.8617,0.86185
2013.03.01 01:03:02.039,0.8617,0.86185
2013.03.01 01:03:02.480,0.86172,0.86187
2013.03.01 01:03:04.908,0.86173,0.86187
2013.03.01 01:03:05.218,0.86173,0.86189
2013.03.01 01:03:05.338,0.86174,0.86189
2013.03.01 01:03:07.317,0.86174,0.86189
2013.03.01 01:03:08.396,0.86174,0.86188
2013.03.01 01:03:10.968,0.86174,0.86187
2013.03.01 01:03:14.151,0.86172,0.86187
2013.03.01 01:03:14.727,0.86172,0.86187
2013.03.01 01:03:19.668,0.86172,0.86188
2013.03.01 01:03:23.758,0.86172,0.8619
2013.03.01 01:03:24.078,0.86178,0.86192
2013.03.01 01:03:26.957,0.86176,0.86192
2013.03.01 01:03:27.848,0.86176,0.86193
2013.03.01 01:03:28.479,0.86176,0.86191
2013.03.01 01:03:28.607,0.86176,0.86191
2013.03.01 01:03:32.658,0.86177,0.8619
2013.03.01 01:03:32.728,0.86177,0.8619
2013.03.01 01:03:33.247,0.86176,0.8619
2013.03.01 01:03:33.548,0.86176,0.86192
2013.03.01 01:03:34.549,0.86176,0.86191
2013.03.01 01:03:35.098,0.86176,0.86191
2013.03.01 01:03:46.639,0.86177,0.86194
2013.03.01 01:03:46.769,0.86179,0.86195
2013.03.01 01:03:47.388,0.86179,0.86194
2013.03.01 01:03:47.929,0.86179,0.86194
2013.03.01 01:03:48.238,0.86179,0.86193
2013.03.01 01:03:48.499,0.86179,0.86193
2013.03.01 01:03:48.808,0.86176,0.86192
2013.03.01 01:03:49.068,0.86176,0.86192
2013.03.01 01:03:49.685,0.86176,0.86191
2013.03.01 01:03:50.019,0.86176,0.86189
2013.03.01 01:03:50.270,0.86176,0.86191
2013.03.01 01:03:50.829,0.86177,0.86193
2013.03.01 01:03:51.318,0.86178,0.86193
2013.03.01 01:03:53.827,0.86181,0.86195
2013.03.01 01:03:54.648,0.86181,0.86194
2013.03.01 01:03:55.187,0.86181,0.86193
2013.03.01 01:03:56.328,0.86178,0.86193
2013.03.01 01:03:56.518,0.86178,0.86193
2013.03.01 01:03:57.057,0.86178,0.86195
2013.03.01 01:03:57.968,0.8618,0.86197
2013.03.01 01:03:58.289,0.86181,0.86198
2013.03.01 01:03:58.837,0.86184,0.86199
2013.03.01 01:04:00.198,0.86184,0.86198
2013.03.01 01:04:00.957,0.86181,0.86197
2013.03.01 01:04:02.278,0.86178,0.86195
2013.03.01 01:04:02.527,0.86177,0.86196
2013.03.01 01:04:04.017,0.86177,0.86194
2013.03.01 01:04:04.739,0.86176,0.86193
2013.03.01 01:04:05.048,0.86182,0.86198
2013.03.01 01:04:05.358,0.86182,0.86196
2013.03.01 01:04:06.426,0.86178,0.86195
2013.03.01 01:04:09.920,0.86177,0.86193
2013.03.01 01:04:10.049,0.86177,0.86193
2013.03.01 01:04:11.538,0.86174,0.8619
2013.03.01 01:04:12.099,0.86174,0.86193
2013.03.01 01:04:12.646,0.86174,0.86194
2013.03.01 01:04:13.168,0.86176,0.86193
2013.03.01 01:04:14.838,0.86176,0.86193
2013.03.01 01:04:15.149,0.86181,0.86194
2013.03.01 01:04:17.478,0.86178,0.86194
2013.03.01 01:04:21.148,0.86179,0.86196
2013.03.01 01:04:21.668,0.8618,0.86198
2013.03.01 01:04:23.167,0.8618,0.86196
2013.03.01 01:04:24.881,0.86178,0.86195
2013.03.01 01:04:27.867,0.86177,0.86195
2013.03.01 01:04:30.808,0.86178,0.86195
2013.03.01 01:04:37.539,0.86181,0.86198
2013.03.01 01:04:37.969,0.86183,0.86199
2013.03.01 01:04:39.458,0.86184,0.86201
2013.03.01 01:04:42.248,0.86184,0.86202
2013.03.01 01:04:42.788,0.86184,0.86199
2013.03.01 01:04:43.338,0.86184,0.86199
2013.03.01 01:04:45.076,0.86183,0.86199
2013.03.01 01:04:50.538,0.86183,0.86198
2013.03.01 01:04:52.300,0.86183,0.86197
2013.03.01 01:04:52.367,0.86183,0.86197
2013.03.01 01:04:54.356,0.86182,0.86194
2013.03.01 01:04:55.419,0.86182,0.86197
2013.03.01 01:04:55.547,0.86182,0.86197
2013.03.01 01:04:56.078,0.86182,0.86197
2013.03.01 01:04:56.388,0.8618,0.86193
2013.03.01 01:04:56.627,0.8618,0.86196
2013.03.01 01:04:56.877,0.8618,0.86196
2013.03.01 01:04:57.418,0.8618,0.86197
2013.03.01 01:04:58.495,0.86181,0.86197
2013.03.01 01:04:59.457,0.86181,0.86197
2013.03.01 01:04:59.997,0.86181,0.86197
2013.03.01 01:05:05.859,0.86179,0.86197
2013.03.01 01:05:05.928,0.86179,0.86197
2013.03.01 01:05:06.368,0.86175,0.86193
2013.03.01 01:05:06.908,0.86177,0.86194
2013.03.01 01:05:07.268,0.86178,0.86195
2013.03.01 01:05:07.597,0.86181,0.86198
2013.03.01 01:05:09.147,0.86181,0.86198
2013.03.01 01:05:12.075,0.86181,0.86198
2013.03.01 01:05:12.892,0.8618,0.86198
2013.03.01 01:05:15.067,0.86178,0.86196
2013.03.01 01:05:18.057,0.86178,0.86196
2013.03.01 01:05:20.984,0.86178,0.86196
2013.03.01 01:05:28.137,0.86178,0.86196
2013.03.01 01:05:30.648,0.86182,0.86199
2013.03.01 01:05:31.353,0.86182,0.862
2013.03.01 01:05:31.431,0.86182,0.862
2013.03.01 01:05:34.408,0.86182,0.862
2013.03.01 01:05:37.476,0.86182,0.862
2013.03.01 01:05:38.368,0.86188,0.862
2013.03.01 01:05:38.679,0.86187,0.862
2013.03.01 01:05:38.997,0.86186,0.862
2013.03.01 01:05:39.708,0.8618,0.86199
2013.03.01 01:05:44.739,0.86182,0.86198
2013.03.01 01:05:45.354,0.86182,0.86198
2013.03.01 01:05:45.670,0.86183,0.86198
2013.03.01 01:05:45.740,0.86183,0.86199
2013.03.01 01:05:47.723,0.86185,0.86199
2013.03.01 01:05:48.400,0.86187,0.86201
2013.03.01 01:05:48.707,0.86187,0.86203
2013.03.01 01:05:49.247,0.86187,0.86203
2013.03.01 01:05:50.640,0.86187,0.86203
2013.03.01 01:05:54.047,0.86187,0.86203
2013.03.01 01:05:57.807,0.86187,0.86203
2013.03.01 01:05:58.370,0.86187,0.86203
2013.03.01 01:06:05.980,0.86187,0.86203
2013.03.01 01:06:06.410,0.86185,0.862
2013.03.01 01:06:06.739,0.86185,0.86198
2013.03.01 01:06:06.928,0.86183,0.86198
2013.03.01 01:06:07.451,0.86181,0.86197
2013.03.01 01:06:07.958,0.86181,0.86197
2013.03.01 01:06:08.470,0.86181,0.86197
2013.03.01 01:06:10.649,0.86181,0.86196
2013.03.01 01:06:11.160,0.86181,0.86196
2013.03.01 01:06:14.568,0.8618,0.86194
2013.03.01 01:06:15.108,0.86178,0.86193
2013.03.01 01:06:15.588,0.86176,0.86193
2013.03.01 01:06:16.610,0.86176,0.86193
2013.03.01 01:06:17.158,0.86181,0.86197
2013.03.01 01:06:17.689,0.86181,0.86197
2013.03.01 01:06:19.608,0.86181,0.86198
2013.03.01 01:06:19.979,0.8618,0.86199
2013.03.01 01:06:20.530,0.8618,0.86198
2013.03.01 01:06:21.079,0.8618,0.86198
2013.03.01 01:06:23.747,0.86183,0.86198
2013.03.01 01:06:24.277,0.86183,0.86199
2013.03.01 01:06:24.958,0.86181,0.86198
2013.03.01 01:06:25.507,0.86181,0.86198
2013.03.01 01:06:26.588,0.86178,0.86196
2013.03.01 01:06:27.127,0.86178,0.86195
2013.03.01 01:06:27.678,0.86178,0.86194
2013.03.01 01:06:28.118,0.86177,0.86193
2013.03.01 01:06:28.241,0.86177,0.86194
2013.03.01 01:06:28.311,0.86177,0.86194
2013.03.01 01:06:28.499,0.86177,0.86193
2013.03.01 01:06:28.820,0.86176,0.86193
2013.03.01 01:06:29.538,0.86177,0.86193
2013.03.01 01:06:31.349,0.86177,0.86193
2013.03.01 01:06:34.029,0.86176,0.86192
2013.03.01 01:06:34.408,0.86176,0.86191
2013.03.01 01:06:34.709,0.86176,0.86191
2013.03.01 01:06:35.387,0.86176,0.86191
2013.03.01 01:06:38.448,0.86175,0.86192
2013.03.01 01:06:39.568,0.86175,0.86192
2013.03.01 01:06:40.087,0.86175,0.86192
2013.03.01 01:06:41.308,0.86175,0.86189
2013.03.01 01:06:41.428,0.86175,0.8619
2013.03.01 01:06:41.608,0.86175,0.86189
2013.03.01 01:06:41.918,0.86175,0.86186
2013.03.01 01:06:42.157,0.86168,0.86186
2013.03.01 01:06:42.697,0.86168,0.86185
2013.03.01 01:06:47.658,0.86167,0.86184
2013.03.01 01:06:48.019,0.86167,0.8618
2013.03.01 01:06:48.330,0.86163,0.86178
2013.03.01 01:06:48.579,0.86163,0.86176
2013.03.01 01:06:49.227,0.8616,0.86173
2013.03.01 01:06:50.220,0.86158,0.86174
2013.03.01 01:06:50.767,0.8616,0.86177
2013.03.01 01:06:51.208,0.86163,0.86178
2013.03.01 01:06:51.953,0.86165,0.8618
2013.03.01 01:06:52.088,0.86167,0.86182
2013.03.01 01:06:52.629,0.86169,0.86184
2013.03.01 01:06:53.350,0.86169,0.86185
2013.03.01 01:06:56.278,0.86168,0.86184
2013.03.01 01:06:56.637,0.86168,0.86185
2013.03.01 01:06:57.729,0.8617,0.86186
2013.03.01 01:07:00.098,0.86169,0.86186
2013.03.01 01:07:00.398,0.86169,0.86186
2013.03.01 01:07:03.498,0.86168,0.86185
2013.03.01 01:07:06.477,0.86168,0.86186
2013.03.01 01:07:08.318,0.86169,0.86186
2013.03.01 01:07:12.427,0.8617,0.86186
2013.03.01 01:07:16.489,0.86171,0.86184
2013.03.01 01:07:16.558,0.86171,0.86184
2013.03.01 01:07:17.110,0.8617,0.86184
2013.03.01 01:07:18.424,0.8617,0.86186
2013.03.01 01:07:21.867,0.8617,0.86186
2013.03.01 01:07:24.178,0.8617,0.86186
2013.03.01 01:07:27.044,0.8617,0.86186
2013.03.01 01:07:30.137,0.8617,0.86186
2013.03.01 01:07:31.338,0.86172,0.86187
2013.03.01 01:07:31.589,0.86172,0.86188
2013.03.01 01:07:31.780,0.86174,0.8619
2013.03.01 01:07:31.908,0.86174,0.86191
2013.03.01 01:07:32.507,0.86174,0.86191
2013.03.01 01:07:32.568,0.86174,0.86191
2013.03.01 01:07:33.198,0.86175,0.86191
2013.03.01 01:07:36.659,0.86175,0.86192
2013.03.01 01:07:37.857,0.86175,0.86192
2013.03.01 01:07:39.549,0.86175,0.86192
2013.03.01 01:07:44.059,0.86175,0.86193
2013.03.01 01:07:44.727,0.86175,0.86191
2013.03.01 01:07:45.378,0.86173,0.86189
2013.03.01 01:07:46.659,0.86172,0.86188
2013.03.01 01:07:48.687,0.86172,0.86187
2013.03.01 01:07:49.232,0.86172,0.86187
2013.03.01 01:07:49.658,0.86172,0.86187
2013.03.01 01:07:49.900,0.86172,0.86187
2013.03.01 01:07:55.000,0.86173,0.86187
2013.03.01 01:07:55.189,0.86173,0.86188
2013.03.01 01:07:56.597,0.86169,0.86187
2013.03.01 01:07:56.657,0.86168,0.86187
2013.03.01 01:07:59.218,0.86168,0.86187
2013.03.01 01:07:59.526,0.86168,0.86187
2013.03.01 01:08:10.419,0.86167,0.86188
2013.03.01 01:08:11.018,0.86167,0.86187
2013.03.01 01:08:12.831,0.86168,0.86187
2013.03.01 01:08:14.486,0.86168,0.86187
2013.03.01 01:08:15.052,0.86168,0.86187
2013.03.01 01:08:15.180,0.86168,0.86188
2013.03.01 01:08:15.746,0.86168,0.86187
2013.03.01 01:08:18.518,0.86168,0.86187
2013.03.01 01:08:19.942,0.86168,0.86188
2013.03.01 01:08:21.667,0.86168,0.86187
2013.03.01 01:08:26.908,0.86167,0.86187
2013.03.01 01:08:28.027,0.86167,0.86187
2013.03.01 01:08:28.767,0.86164,0.86184
2013.03.01 01:08:28.887,0.86164,0.86184
2013.03.01 01:08:29.248,0.86163,0.86181
2013.03.01 01:08:30.174,0.86163,0.86181
2013.03.01 01:08:30.770,0.86163,0.86182
2013.03.01 01:08:32.868,0.86162,0.86181
2013.03.01 01:08:53.268,0.86162,0.8618
2013.03.01 01:08:55.218,0.86159,0.86175
2013.03.01 01:08:55.292,0.86159,0.86175
2013.03.01 01:08:55.599,0.86159,0.86175
2013.03.01 01:09:08.926,0.86157,0.86175
2013.03.01 01:09:09.308,0.86157,0.86175
2013.03.01 01:09:12.307,0.86157,0.86176
2013.03.01 01:09:17.907,0.86157,0.86176
2013.03.01 01:09:20.849,0.86159,0.86178
2013.03.01 01:09:21.038,0.86159,0.86178
2013.03.01 01:09:21.548,0.86159,0.86178
2013.03.01 01:09:24.970,0.86159,0.86177
2013.03.01 01:09:26.318,0.86161,0.86177
2013.03.01 01:09:26.678,0.8617,0.86179
2013.03.01 01:09:26.858,0.8617,0.86184
2013.03.01 01:09:27.098,0.8617,0.86184
2013.03.01 01:09:27.219,0.86171,0.86187
2013.03.01 01:09:27.407,0.86171,0.86189
2013.03.01 01:09:28.078,0.86171,0.86189
2013.03.01 01:09:31.689,0.8617,0.86188
2013.03.01 01:09:36.347,0.86171,0.86189
2013.03.01 01:09:36.889,0.86173,0.8619
2013.03.01 01:09:37.458,0.86172,0.86191
2013.03.01 01:09:38.438,0.86173,0.8619
2013.03.01 01:09:40.072,0.86173,0.8619
2013.03.01 01:09:40.498,0.86172,0.8619
2013.03.01 01:09:52.078,0.86168,0.86188
2013.03.01 01:09:52.390,0.86168,0.86186
2013.03.01 01:09:57.418,0.86168,0.86187
2013.03.01 01:10:27.116,0.86169,0.86187
2013.03.01 01:10:34.590,0.86166,0.86184
2013.03.01 01:10:34.660,0.86164,0.86183
2013.03.01 01:10:34.789,0.86164,0.86183
2013.03.01 01:10:35.339,0.86162,0.86181
2013.03.01 01:10:39.399,0.86163,0.86183
2013.03.01 01:10:43.799,0.86163,0.86182
2013.03.01 01:10:51.059,0.86162,0.8618
2013.03.01 01:10:51.189,0.86162,0.8618
2013.03.01 01:10:52.698,0.8616,0.8618
2013.03.01 01:10:52.819,0.86159,0.86178
2013.03.01 01:10:52.950,0.86158,0.86176
2013.03.01 01:10:53.688,0.86158,0.86177
2013.03.01 01:10:54.710,0.86158,0.86176
2013.03.01 01:10:54.900,0.86157,0.86176
2013.03.01 01:10:55.409,0.86156,0.86175
2013.03.01 01:11:06.038,0.86155,0.86175
2013.03.01 01:11:06.579,0.86155,0.86175
2013.03.01 01:11:10.197,0.86155,0.86175
2013.03.01 01:11:15.147,0.86154,0.86175
2013.03.01 01:11:15.448,0.86154,0.86175
2013.03.01 01:11:28.826,0.86154,0.86172
2013.03.01 01:11:29.219,0.86151,0.86169
2013.03.01 01:11:29.468,0.86148,0.86166
2013.03.01 01:11:29.888,0.86146,0.86164
2013.03.01 01:11:30.248,0.86146,0.86164
2013.03.01 01:11:36.417,0.86146,0.86164
2013.03.01 01:11:40.567,0.86146,0.86164
2013.03.01 01:11:41.108,0.86144,0.86164
2013.03.01 01:11:41.659,0.86144,0.86163
2013.03.01 01:11:48.048,0.86143,0.86163
2013.03.01 01:11:49.579,0.86142,0.86162
2013.03.01 01:11:50.598,0.86143,0.86164
2013.03.01 01:11:51.125,0.86146,0.86165
2013.03.01 01:11:51.569,0.86147,0.86165
2013.03.01 01:11:52.118,0.86149,0.86169
2013.03.01 01:11:52.298,0.86149,0.86169
2013.03.01 01:11:56.258,0.86149,0.86169
2013.03.01 01:11:58.798,0.86149,0.86169
2013.03.01 01:11:59.340,0.86147,0.86167
2013.03.01 01:11:59.848,0.86148,0.86167
2013.03.01 01:12:00.388,0.86149,0.86167
2013.03.01 01:12:07.038,0.86148,0.86166
2013.03.01 01:12:07.577,0.86146,0.86166
2013.03.01 01:12:11.378,0.86147,0.86167
2013.03.01 01:12:19.758,0.86147,0.86167
2013.03.01 01:12:20.261,0.86147,0.86165
2013.03.01 01:12:25.029,0.86145,0.86165
2013.03.01 01:12:25.689,0.86144,0.86164
2013.03.01 01:12:27.438,0.86144,0.86164
2013.03.01 01:12:27.740,0.86144,0.86162
2013.03.01 01:12:28.162,0.86142,0.86162
2013.03.01 01:12:28.897,0.86143,0.86162
2013.03.01 01:12:30.617,0.86143,0.86163
2013.03.01 01:12:30.977,0.86143,0.86163
2013.03.01 01:12:32.053,0.86145,0.86163
2013.03.01 01:12:32.358,0.86145,0.86161
2013.03.01 01:12:33.268,0.86144,0.86158
2013.03.01 01:12:33.329,0.86144,0.86158
2013.03.01 01:12:33.398,0.86144,0.86158
2013.03.01 01:12:33.518,0.86144,0.86162
2013.03.01 01:12:33.578,0.86145,0.86162
2013.03.01 01:12:33.888,0.86145,0.86162
2013.03.01 01:12:49.739,0.86144,0.86164
2013.03.01 01:12:49.928,0.86143,0.86161
2013.03.01 01:12:51.667,0.86141,0.86161
2013.03.01 01:12:58.599,0.86143,0.86161
2013.03.01 01:12:58.908,0.86143,0.86163
2013.03.01 01:13:00.438,0.86145,0.86163
2013.03.01 01:13:01.196,0.86146,0.86164
2013.03.01 01:13:01.699,0.86146,0.86166
2013.03.01 01:13:02.128,0.86145,0.86165
2013.03.01 01:13:06.639,0.86146,0.86165
2013.03.01 01:13:08.089,0.86147,0.86166
2013.03.01 01:13:08.638,0.86147,0.86166
2013.03.01 01:13:13.191,0.86145,0.86163
2013.03.01 01:13:13.439,0.86144,0.86162
2013.03.01 01:13:13.807,0.86144,0.86162
2013.03.01 01:13:14.978,0.86142,0.86162
2013.03.01 01:13:15.458,0.86144,0.86162
2013.03.01 01:13:24.338,0.86144,0.86162
2013.03.01 01:13:34.199,0.86142,0.86162
2013.03.01 01:13:34.259,0.86142,0.86162
2013.03.01 01:13:37.130,0.86143,0.86162
2013.03.01 01:13:37.441,0.86144,0.86162
2013.03.01 01:13:38.750,0.86145,0.86164
2013.03.01 01:13:39.259,0.86143,0.86163
2013.03.01 01:13:39.837,0.86143,0.86163
2013.03.01 01:13:43.548,0.86143,0.86163
2013.03.01 01:13:44.089,0.86144,0.86163
2013.03.01 01:14:07.518,0.86144,0.86165
2013.03.01 01:14:13.119,0.86144,0.86162
2013.03.01 01:14:13.678,0.86143,0.86163
2013.03.01 01:14:34.264,0.86144,0.86163
2013.03.01 01:14:38.649,0.86143,0.86161
2013.03.01 01:14:38.718,0.86143,0.86161
2013.03.01 01:14:39.269,0.86142,0.86159
2013.03.01 01:14:52.420,0.86141,0.86159
2013.03.01 01:14:52.679,0.8614,0.86159
2013.03.01 01:14:53.229,0.86142,0.86158
2013.03.01 01:14:53.661,0.86142,0.86158
2013.03.01 01:14:57.148,0.86142,0.86158
2013.03.01 01:15:02.528,0.86142,0.86161
2013.03.01 01:15:05.859,0.86141,0.86161
2013.03.01 01:15:05.979,0.8614,0.86158
2013.03.01 01:15:06.288,0.86139,0.86158
2013.03.01 01:15:13.459,0.8614,0.86158
2013.03.01 01:15:13.649,0.8614,0.86158
2013.03.01 01:15:14.888,0.86142,0.86158
2013.03.01 01:15:15.068,0.86142,0.86159
2013.03.01 01:15:15.489,0.8614,0.86159
2013.03.01 01:15:17.120,0.86141,0.86159
2013.03.01 01:15:17.188,0.86142,0.86159
2013.03.01 01:15:18.848,0.86141,0.86159
2013.03.01 01:15:20.858,0.86139,0.86159
2013.03.01 01:15:20.978,0.86138,0.86158
2013.03.01 01:15:21.038,0.86138,0.86158
2013.03.01 01:15:21.157,0.86138,0.86158
2013.03.01 01:15:21.219,0.8614,0.86158
2013.03.01 01:15:24.129,0.8614,0.86159
2013.03.01 01:15:24.248,0.8614,0.86159
2013.03.01 01:15:24.668,0.86142,0.8616
2013.03.01 01:15:24.907,0.86142,0.8616
2013.03.01 01:15:47.149,0.86139,0.86158
2013.03.01 01:15:47.988,0.8614,0.86159
2013.03.01 01:15:48.541,0.8614,0.86159
2013.03.01 01:15:49.978,0.86141,0.86159
2013.03.01 01:15:50.141,0.86141,0.86159
2013.03.01 01:15:53.259,0.86139,0.86157
2013.03.01 01:15:53.808,0.86137,0.86155
2013.03.01 01:15:55.492,0.86137,0.86156
2013.03.01 01:15:59.560,0.86136,0.86154
2013.03.01 01:16:00.108,0.86135,0.86154
2013.03.01 01:16:11.719,0.86138,0.86156
2013.03.01 01:16:11.779,0.86138,0.86156
2013.03.01 01:16:16.995,0.86138,0.86158
2013.03.01 01:16:17.502,0.86141,0.8616
2013.03.01 01:16:17.808,0.86143,0.8616
2013.03.01 01:16:18.425,0.86144,0.86163
2013.03.01 01:16:37.863,0.86142,0.86161
2013.03.01 01:16:38.059,0.86141,0.86159
2013.03.01 01:16:42.108,0.86141,0.86159
2013.03.01 01:16:42.647,0.86144,0.86162
2013.03.01 01:16:42.711,0.86144,0.86161
2013.03.01 01:16:42.898,0.86144,0.86161
2013.03.01 01:16:43.451,0.86141,0.86159
2013.03.01 01:16:43.579,0.86138,0.86157
2013.03.01 01:16:44.118,0.86138,0.86157
2013.03.01 01:16:56.449,0.86139,0.86157
2013.03.01 01:16:56.569,0.86139,0.86157
2013.03.01 01:16:59.738,0.8614,0.86158
2013.03.01 01:17:00.818,0.86139,0.86157
2013.03.01 01:17:01.432,0.86139,0.86157
2013.03.01 01:17:04.799,0.8614,0.86158
2013.03.01 01:17:05.219,0.86138,0.86158
2013.03.01 01:17:05.399,0.86138,0.86158
2013.03.01 01:17:05.459,0.86138,0.86159
2013.03.01 01:17:05.580,0.86139,0.86159
2013.03.01 01:17:07.108,0.86139,0.86159
2013.03.01 01:17:35.694,0.8614,0.8616
2013.03.01 01:18:07.149,0.86141,0.86161
2013.03.01 01:18:08.137,0.86145,0.86163
2013.03.01 01:18:08.678,0.86145,0.86163
2013.03.01 01:18:08.798,0.86143,0.86162
2013.03.01 01:18:09.042,0.86142,0.86162
2013.03.01 01:18:09.588,0.86141,0.86159
2013.03.01 01:18:19.333,0.86143,0.86162
2013.03.01 01:18:19.648,0.86147,0.86165
2013.03.01 01:18:20.129,0.86147,0.86166
2013.03.01 01:18:20.439,0.86148,0.86166
2013.03.01 01:18:20.567,0.86148,0.86166
2013.03.01 01:18:20.928,0.86146,0.86166
2013.03.01 01:18:21.228,0.86145,0.86165
2013.03.01 01:18:23.918,0.86145,0.86165
2013.03.01 01:18:25.548,0.86145,0.86166
2013.03.01 01:18:40.250,0.86147,0.86166
2013.03.01 01:18:45.554,0.86147,0.86166
2013.03.01 01:18:54.442,0.86147,0.86167
2013.03.01 01:19:22.237,0.86148,0.86167
2013.03.01 01:19:22.959,0.86149,0.86167
2013.03.01 01:19:23.698,0.86149,0.86167
2013.03.01 01:19:24.203,0.86149,0.86167
2013.03.01 01:19:24.770,0.86148,0.86167
2013.03.01 01:19:36.038,0.86144,0.86164
2013.03.01 01:19:36.279,0.86143,0.86162
2013.03.01 01:19:36.339,0.86143,0.86162
2013.03.01 01:19:36.469,0.86142,0.86162
2013.03.01 01:19:38.638,0.86142,0.86162
2013.03.01 01:19:39.130,0.86145,0.86163
2013.03.01 01:19:41.890,0.86144,0.86164
2013.03.01 01:19:42.439,0.86142,0.86162
2013.03.01 01:19:43.047,0.86144,0.86163
2013.03.01 01:19:43.408,0.86146,0.86165
2013.03.01 01:19:45.648,0.86143,0.86163
2013.03.01 01:19:45.769,0.86143,0.86163
2013.03.01 01:19:48.428,0.86143,0.86163
2013.03.01 01:19:48.799,0.86145,0.86164
2013.03.01 01:19:49.460,0.86146,0.86164
2013.03.01 01:19:58.975,0.86145,0.86165
2013.03.01 01:19:59.049,0.86144,0.86165
2013.03.01 01:20:05.748,0.86144,0.86162
2013.03.01 01:20:06.289,0.86142,0.86162
2013.03.01 01:20:06.970,0.86141,0.86161
2013.03.01 01:20:07.473,0.86139,0.86159
2013.03.01 01:20:14.130,0.8614,0.8616
2013.03.01 01:20:15.272,0.8614,0.8616
2013.03.01 01:20:32.579,0.8614,0.8616
2013.03.01 01:20:33.118,0.86141,0.86162
2013.03.01 01:20:36.242,0.86142,0.86162
2013.03.01 01:20:36.925,0.86142,0.86162
2013.03.01 01:20:40.540,0.86144,0.86162
2013.03.01 01:20:40.852,0.86146,0.86163
2013.03.01 01:20:40.922,0.86146,0.86163
2013.03.01 01:20:41.359,0.86148,0.86166
2013.03.01 01:20:41.428,0.86148,0.86166
2013.03.01 01:20:41.670,0.86151,0.86167
2013.03.01 01:20:41.738,0.86151,0.86167
2013.03.01 01:20:42.172,0.86151,0.86168
2013.03.01 01:20:45.699,0.86152,0.86171
2013.03.01 01:20:46.132,0.86152,0.86171
2013.03.01 01:20:46.260,0.86152,0.8617
2013.03.01 01:20:46.573,0.86153,0.86171
2013.03.01 01:20:46.939,0.86153,0.86172
2013.03.01 01:20:48.525,0.86154,0.86172
2013.03.01 01:20:49.029,0.86153,0.86171
2013.03.01 01:20:53.190,0.86151,0.8617
2013.03.01 01:20:53.320,0.86151,0.86168
2013.03.01 01:20:53.389,0.86151,0.86168
2013.03.01 01:20:53.930,0.86149,0.86169
2013.03.01 01:21:02.239,0.86148,0.86168
2013.03.01 01:21:02.758,0.86148,0.86168
2013.03.01 01:21:03.690,0.86147,0.86167
2013.03.01 01:21:04.661,0.86144,0.86163
2013.03.01 01:21:04.729,0.86144,0.86163
2013.03.01 01:21:05.031,0.86143,0.86163
2013.03.01 01:21:05.229,0.86143,0.86162
2013.03.01 01:21:05.419,0.86145,0.86163
2013.03.01 01:21:05.729,0.86148,0.86165
2013.03.01 01:21:05.798,0.86148,0.86165
2013.03.01 01:21:06.287,0.8615,0.86167
2013.03.01 01:21:14.958,0.8615,0.86166
2013.03.01 01:21:15.489,0.86149,0.86166
2013.03.01 01:21:16.189,0.86148,0.86166
2013.03.01 01:21:17.700,0.86148,0.86167
2013.03.01 01:21:18.247,0.86147,0.86167
2013.03.01 01:21:20.278,0.86147,0.86167
2013.03.01 01:21:21.919,0.86145,0.86163
2013.03.01 01:21:21.988,0.86143,0.86163
2013.03.01 01:21:22.109,0.86142,0.86163
2013.03.01 01:21:22.239,0.86142,0.86163
2013.03.01 01:21:22.370,0.86143,0.86163
2013.03.01 01:21:36.889,0.86145,0.86164
2013.03.01 01:21:46.678,0.86146,0.86166
2013.03.01 01:22:36.838,0.86147,0.86167
2013.03.01 01:22:54.248,0.86147,0.86166
2013.03.01 01:22:54.757,0.86146,0.86164
2013.03.01 01:22:55.668,0.86146,0.86164
2013.03.01 01:22:56.067,0.86144,0.86161
2013.03.01 01:23:00.728,0.86144,0.86164
2013.03.01 01:23:00.848,0.86146,0.86165
2013.03.01 01:23:01.207,0.86147,0.86166
2013.03.01 01:23:07.709,0.86147,0.86166
2013.03.01 01:23:08.464,0.86147,0.86165
2013.03.01 01:23:08.536,0.86144,0.86163
2013.03.01 01:23:08.719,0.86143,0.86163
2013.03.01 01:23:09.258,0.86143,0.86163
2013.03.01 01:23:09.786,0.86143,0.86161
2013.03.01 01:23:18.499,0.86142,0.86161
2013.03.01 01:23:18.979,0.86141,0.86159
2013.03.01 01:23:27.548,0.86141,0.86159
2013.03.01 01:23:29.049,0.86141,0.86159
2013.03.01 01:23:33.620,0.86144,0.8616
2013.03.01 01:23:33.930,0.86142,0.8616
2013.03.01 01:23:34.939,0.86141,0.86159
2013.03.01 01:23:35.439,0.86138,0.86157
2013.03.01 01:23:36.162,0.86137,0.86157
2013.03.01 01:23:36.410,0.86137,0.86157
2013.03.01 01:23:36.539,0.8614,0.86159
2013.03.01 01:23:42.200,0.86141,0.86157
2013.03.01 01:23:42.629,0.86139,0.86157
2013.03.01 01:23:43.033,0.8614,0.86158
2013.03.01 01:23:43.969,0.8614,0.86158
2013.03.01 01:23:44.509,0.8614,0.86158
2013.03.01 01:23:45.619,0.86139,0.86157
2013.03.01 01:23:45.808,0.86139,0.86157
2013.03.01 01:23:50.689,0.86136,0.86155
2013.03.01 01:23:51.137,0.86134,0.86154
2013.03.01 01:24:01.438,0.86134,0.86154
2013.03.01 01:24:30.889,0.86134,0.86153
2013.03.01 01:24:32.448,0.86133,0.86153
2013.03.01 01:24:34.452,0.86135,0.86154
2013.03.01 01:24:34.578,0.86135,0.86154
2013.03.01 01:24:35.118,0.86135,0.86149
2013.03.01 01:24:51.660,0.86134,0.8615
2013.03.01 01:24:52.184,0.86134,0.8615
2013.03.01 01:24:54.518,0.86132,0.86149
2013.03.01 01:24:54.580,0.86132,0.86149
2013.03.01 01:24:54.890,0.86135,0.86149
2013.03.01 01:24:59.088,0.86132,0.86149
2013.03.01 01:25:00.951,0.86131,0.86149
2013.03.01 01:25:15.049,0.8613,0.86148
2013.03.01 01:25:15.299,0.86128,0.86147
2013.03.01 01:25:16.090,0.86128,0.86146
2013.03.01 01:25:19.217,0.86127,0.86144
2013.03.01 01:25:23.141,0.86124,0.86144
2013.03.01 01:25:30.929,0.86125,0.86142
2013.03.01 01:25:49.738,0.86126,0.86146
2013.03.01 01:25:49.859,0.86125,0.86145
2013.03.01 01:25:50.279,0.86125,0.86145
2013.03.01 01:25:51.488,0.86126,0.86146
2013.03.01 01:25:51.898,0.86126,0.86145
2013.03.01 01:26:13.968,0.86127,0.86143
2013.03.01 01:26:15.928,0.86128,0.86145
2013.03.01 01:26:16.108,0.86128,0.86145
2013.03.01 01:26:24.311,0.86128,0.86146
2013.03.01 01:26:31.679,0.86129,0.86148
2013.03.01 01:26:59.448,0.8613,0.86148
2013.03.01 01:27:05.588,0.86128,0.86148
2013.03.01 01:27:06.126,0.86128,0.86147
2013.03.01 01:27:27.173,0.86128,0.86147
2013.03.01 01:27:27.679,0.86129,0.86149
2013.03.01 01:27:28.098,0.86131,0.86149
2013.03.01 01:27:28.399,0.86133,0.8615
2013.03.01 01:27:32.770,0.86131,0.8615
2013.03.01 01:27:33.328,0.86131,0.8615
2013.03.01 01:27:33.979,0.86132,0.86151
2013.03.01 01:27:37.568,0.86133,0.86151
2013.03.01 01:27:46.939,0.86134,0.86151
2013.03.01 01:27:49.789,0.86133,0.86151
2013.03.01 01:27:50.380,0.86133,0.86152
2013.03.01 01:27:50.629,0.86133,0.86152
2013.03.01 01:27:51.179,0.86135,0.86152
2013.03.01 01:27:51.730,0.86135,0.86153
2013.03.01 01:27:51.863,0.86135,0.86153
2013.03.01 01:27:51.929,0.86135,0.86153
2013.03.01 01:27:52.832,0.86135,0.86153
2013.03.01 01:27:53.379,0.86135,0.86153
2013.03.01 01:27:53.809,0.86135,0.86153
2013.03.01 01:27:54.130,0.86135,0.86154
2013.03.01 01:27:54.369,0.86135,0.86154
2013.03.01 01:27:54.928,0.86135,0.86153
2013.03.01 01:27:55.049,0.86135,0.86153
2013.03.01 01:27:56.929,0.86135,0.86153
2013.03.01 01:28:02.682,0.86136,0.86154
2013.03.01 01:28:02.751,0.86137,0.86154
2013.03.01 01:28:02.880,0.86138,0.86157
2013.03.01 01:28:03.515,0.8614,0.86159
2013.03.01 01:28:09.509,0.86141,0.86158
2013.03.01 01:28:10.079,0.86139,0.86158
2013.03.01 01:28:17.169,0.86139,0.86159
2013.03.01 01:28:17.533,0.86135,0.86155
2013.03.01 01:28:17.959,0.86135,0.86155
2013.03.01 01:28:18.544,0.86135,0.86155
2013.03.01 01:28:37.210,0.86132,0.8615
2013.03.01 01:28:37.590,0.8613,0.8615
2013.03.01 01:28:59.744,0.86131,0.8615
2013.03.01 01:29:01.209,0.86135,0.86153
2013.03.01 01:29:03.923,0.86133,0.86153
2013.03.01 01:29:06.949,0.86133,0.86152
2013.03.01 01:29:09.680,0.86132,0.8615
2013.03.01 01:29:09.749,0.86132,0.86149
2013.03.01 01:29:09.929,0.8613,0.86148
2013.03.01 01:29:28.068,0.8613,0.86148
2013.03.01 01:30:00.209,0.8613,0.86148
2013.03.01 01:30:00.962,0.86131,0.8615
2013.03.01 01:30:01.490,0.86131,0.86151
2013.03.01 01:30:01.559,0.86132,0.86151
2013.03.01 01:30:11.682,0.86132,0.86151
2013.03.01 01:30:33.929,0.86133,0.86153
2013.03.01 01:30:33.998,0.86133,0.86153
2013.03.01 01:30:38.150,0.86135,0.86155
2013.03.01 01:30:38.409,0.86137,0.86156
2013.03.01 01:30:38.612,0.86137,0.86156
2013.03.01 01:30:38.921,0.86138,0.86158
2013.03.01 01:30:39.509,0.86138,0.86158
2013.03.01 01:30:40.059,0.86138,0.86158
2013.03.01 01:30:41.002,0.86138,0.86158
2013.03.01 01:30:42.470,0.86138,0.86158
2013.03.01 01:30:43.001,0.86138,0.86158
2013.03.01 01:30:45.530,0.86139,0.86158
2013.03.01 01:30:45.671,0.86139,0.86159
2013.03.01 01:30:48.960,0.86139,0.86159
2013.03.01 01:30:49.801,0.86139,0.86159
2013.03.01 01:30:54.429,0.86139,0.86159
2013.03.01 01:31:01.350,0.86139,0.86159
2013.03.01 01:31:08.760,0.8614,0.86159
2013.03.01 01:31:09.282,0.8614,0.86159
2013.03.01 01:31:19.660,0.8614,0.86157
2013.03.01 01:31:19.779,0.8614,0.86157
2013.03.01 01:31:27.145,0.86143,0.86161
2013.03.01 01:31:32.190,0.86142,0.86161
2013.03.01 01:31:34.039,0.86141,0.86161
2013.03.01 01:31:34.100,0.86141,0.86158
2013.03.01 01:31:34.461,0.86139,0.86158
2013.03.01 01:31:35.064,0.86138,0.86158
2013.03.01 01:31:38.059,0.86138,0.86157
2013.03.01 01:31:41.352,0.86138,0.86155
2013.03.01 01:31:41.480,0.86138,0.86155
2013.03.01 01:31:45.940,0.86141,0.86158
2013.03.01 01:31:46.299,0.86141,0.86159
2013.03.01 01:31:46.800,0.86141,0.8616
2013.03.01 01:31:48.454,0.86141,0.8616
2013.03.01 01:31:57.759,0.86141,0.86161
2013.03.01 01:31:58.789,0.86143,0.86161
2013.03.01 01:31:58.970,0.86147,0.86162
2013.03.01 01:31:59.160,0.86149,0.86166
2013.03.01 01:31:59.290,0.86149,0.86165
2013.03.01 01:31:59.997,0.8615,0.86168
2013.03.01 01:32:00.191,0.8615,0.86168
2013.03.01 01:32:00.260,0.8615,0.86168
2013.03.01 01:32:00.690,0.8615,0.86167
2013.03.01 01:32:01.227,0.8615,0.86167
2013.03.01 01:32:05.460,0.86149,0.86167
2013.03.01 01:32:06.351,0.86149,0.86167
2013.03.01 01:32:06.839,0.86149,0.86167
2013.03.01 01:32:07.869,0.86149,0.86167
2013.03.01 01:32:09.379,0.86149,0.86167
2013.03.01 01:32:12.081,0.86149,0.86167
2013.03.01 01:32:16.419,0.86149,0.86169
2013.03.01 01:32:16.539,0.86152,0.86169
2013.03.01 01:32:17.060,0.86152,0.86171
2013.03.01 01:32:17.120,0.86154,0.86171
2013.03.01 01:32:17.679,0.86155,0.86171
2013.03.01 01:32:30.804,0.86156,0.86174
2013.03.01 01:32:32.989,0.86156,0.86173
2013.03.01 01:32:34.551,0.86157,0.86173
2013.03.01 01:32:34.742,0.86158,0.86175
2013.03.01 01:32:54.949,0.86161,0.86177
2013.03.01 01:33:03.339,0.86161,0.86177
2013.03.01 01:33:03.641,0.86157,0.86175
2013.03.01 01:33:03.829,0.86157,0.86173
2013.03.01 01:33:04.143,0.86155,0.86171
2013.03.01 01:33:08.070,0.86152,0.86171
2013.03.01 01:33:09.509,0.86153,0.86171
2013.03.01 01:33:19.301,0.86155,0.8617
2013.03.01 01:33:19.369,0.86152,0.8617
2013.03.01 01:33:22.070,0.86154,0.86171
2013.03.01 01:33:22.261,0.86154,0.86171
2013.03.01 01:33:24.907,0.86154,0.86171
2013.03.01 01:33:25.340,0.86153,0.86171
2013.03.01 01:33:29.820,0.86154,0.86171
2013.03.01 01:33:34.231,0.86155,0.86172
2013.03.01 01:33:34.835,0.86154,0.86172
2013.03.01 01:34:04.521,0.86155,0.86172
2013.03.01 01:34:05.079,0.86155,0.86173
2013.03.01 01:34:05.637,0.86156,0.86174
2013.03.01 01:34:06.173,0.86156,0.86174
2013.03.01 01:34:07.490,0.86156,0.86174
2013.03.01 01:34:12.579,0.86156,0.86176
2013.03.01 01:34:20.569,0.86156,0.86176
2013.03.01 01:34:21.187,0.86155,0.86174
2013.03.01 01:34:41.759,0.86156,0.86173
2013.03.01 01:34:42.291,0.86155,0.86173
2013.03.01 01:34:50.241,0.86155,0.86174
2013.03.01 01:34:50.802,0.86156,0.86174
2013.03.01 01:35:02.979,0.86156,0.86175
2013.03.01 01:35:10.882,0.86159,0.86176
2013.03.01 01:35:11.199,0.86162,0.86178
2013.03.01 01:35:11.921,0.86163,0.86181
2013.03.01 01:35:15.182,0.86162,0.86181
2013.03.01 01:35:15.490,0.8616,0.86179
2013.03.01 01:35:15.969,0.86161,0.8618
2013.03.01 01:35:16.040,0.86162,0.86179
2013.03.01 01:35:16.400,0.86159,0.86176
2013.03.01 01:35:16.930,0.86161,0.86177
2013.03.01 01:35:17.000,0.86162,0.86179
2013.03.01 01:35:17.060,0.86162,0.86179
2013.03.01 01:35:17.131,0.86162,0.86179
2013.03.01 01:35:17.200,0.86161,0.86176
2013.03.01 01:35:17.510,0.8616,0.86175
2013.03.01 01:35:17.630,0.8616,0.86175
2013.03.01 01:35:19.760,0.86155,0.86174
2013.03.01 01:35:20.840,0.86153,0.86173
2013.03.01 01:35:21.605,0.86152,0.8617
2013.03.01 01:35:23.221,0.86161,0.86171
2013.03.01 01:35:23.531,0.86161,0.86175
2013.03.01 01:35:24.012,0.86161,0.86175
2013.03.01 01:35:24.142,0.86161,0.86177
2013.03.01 01:35:24.271,0.86161,0.86177
2013.03.01 01:35:24.709,0.86163,0.86179
2013.03.01 01:35:30.330,0.86163,0.86179
2013.03.01 01:35:31.321,0.86163,0.86179
2013.03.01 01:35:35.399,0.86162,0.86178
2013.03.01 01:35:35.972,0.86161,0.86176
2013.03.01 01:35:36.292,0.86161,0.86175
2013.03.01 01:35:36.869,0.86161,0.86174
2013.03.01 01:35:37.380,0.86161,0.86175
2013.03.01 01:35:40.029,0.8616,0.86173
2013.03.01 01:35:40.541,0.86161,0.86175
2013.03.01 01:35:43.492,0.86161,0.86176
2013.03.01 01:35:59.679,0.86161,0.86175
2013.03.01 01:35:59.899,0.86161,0.86174
2013.03.01 01:36:01.179,0.86161,0.86172
2013.03.01 01:36:01.601,0.8616,0.86172
2013.03.01 01:36:02.132,0.86161,0.86168
2013.03.01 01:36:02.520,0.86153,0.86171
2013.03.01 01:36:02.701,0.86153,0.86171
2013.03.01 01:36:03.990,0.86149,0.86169
2013.03.01 01:36:05.042,0.86148,0.86168
2013.03.01 01:36:05.545,0.86148,0.86166
2013.03.01 01:36:05.629,0.86145,0.86164
2013.03.01 01:36:06.181,0.86145,0.86164
2013.03.01 01:36:10.014,0.86146,0.86165
2013.03.01 01:36:10.201,0.86146,0.86165
2013.03.01 01:36:10.750,0.86146,0.86165
2013.03.01 01:36:12.223,0.86147,0.86166
2013.03.01 01:36:14.170,0.86147,0.86166
2013.03.01 01:36:16.420,0.86147,0.86166
2013.03.01 01:36:16.779,0.86147,0.86165
2013.03.01 01:36:20.640,0.86146,0.86165
2013.03.01 01:36:20.711,0.86145,0.86165
2013.03.01 01:36:21.611,0.86143,0.86163
2013.03.01 01:36:23.980,0.86143,0.86161
2013.03.01 01:36:24.159,0.86141,0.86161
2013.03.01 01:36:25.325,0.86141,0.86161
2013.03.01 01:36:28.640,0.86141,0.86161
2013.03.01 01:36:30.135,0.86141,0.86161
2013.03.01 01:36:33.149,0.86141,0.86161
2013.03.01 01:37:13.969,0.86143,0.86161
2013.03.01 01:37:33.282,0.86142,0.86164
2013.03.01 01:37:43.320,0.86143,0.86165
2013.03.01 01:37:43.500,0.86143,0.86165
2013.03.01 01:37:44.040,0.86148,0.86165
2013.03.01 01:37:46.200,0.86145,0.86165
2013.03.01 01:37:46.955,0.86144,0.86162
2013.03.01 01:37:47.630,0.86143,0.86162
2013.03.01 01:37:48.391,0.86143,0.86162
2013.03.01 01:38:03.770,0.86145,0.86163
2013.03.01 01:38:04.070,0.86147,0.86165
2013.03.01 01:38:04.490,0.86146,0.86167
2013.03.01 01:38:04.790,0.86146,0.86167
2013.03.01 01:38:05.152,0.86147,0.86165
2013.03.01 01:38:05.342,0.86146,0.86164
2013.03.01 01:38:06.679,0.86146,0.86163
2013.03.01 01:38:07.193,0.86146,0.86163
2013.03.01 01:38:07.549,0.86144,0.86161
2013.03.01 01:38:13.519,0.86143,0.86161
2013.03.01 01:38:18.131,0.86142,0.86162
2013.03.01 01:38:19.440,0.86144,0.86162
2013.03.01 01:39:00.111,0.86144,0.86162
2013.03.01 01:39:02.087,0.86144,0.86162
2013.03.01 01:39:02.630,0.86144,0.86162
2013.03.01 01:39:19.041,0.86143,0.86162
2013.03.01 01:39:29.765,0.86143,0.86162
2013.03.01 01:39:30.191,0.86142,0.86161
2013.03.01 01:39:30.490,0.86141,0.86159
2013.03.01 01:39:36.330,0.86141,0.86159
2013.03.01 01:39:36.943,0.8614,0.86159
2013.03.01 01:39:41.799,0.86138,0.86156
2013.03.01 01:39:42.360,0.8614,0.86158
2013.03.01 01:40:10.461,0.86139,0.86157
2013.03.01 01:40:10.969,0.86139,0.86157
2013.03.01 01:40:42.065,0.86139,0.86159
2013.03.01 01:40:51.033,0.86139,0.86159
2013.03.01 01:40:52.022,0.86139,0.86159
2013.03.01 01:40:53.015,0.86139,0.86158
2013.03.01 01:41:02.950,0.86139,0.86157
2013.03.01 01:41:11.820,0.86142,0.86159
2013.03.01 01:41:12.800,0.86143,0.86162
2013.03.01 01:41:13.350,0.86143,0.86161
2013.03.01 01:41:14.352,0.86142,0.8616
2013.03.01 01:41:15.250,0.86142,0.8616
2013.03.01 01:41:15.371,0.86143,0.86162
2013.03.01 01:41:17.012,0.86143,0.86161
2013.03.01 01:41:18.891,0.86142,0.8616
2013.03.01 01:41:19.010,0.86142,0.8616
2013.03.01 01:41:19.130,0.86142,0.86162
2013.03.01 01:41:19.670,0.86141,0.86159
2013.03.01 01:41:20.481,0.86143,0.86162
2013.03.01 01:41:20.660,0.86144,0.86162
2013.03.01 01:41:21.811,0.86143,0.86161
2013.03.01 01:41:22.393,0.86143,0.86161
2013.03.01 01:41:22.791,0.86143,0.86163
2013.03.01 01:41:27.260,0.86144,0.86163
2013.03.01 01:41:27.501,0.86144,0.8616
2013.03.01 01:41:29.590,0.86144,0.8616
2013.03.01 01:41:29.712,0.86144,0.86162
2013.03.01 01:41:30.462,0.86144,0.86164
2013.03.01 01:41:34.570,0.86143,0.86161
2013.03.01 01:41:34.930,0.86141,0.8616
2013.03.01 01:41:35.059,0.86141,0.86159
2013.03.01 01:41:35.480,0.86141,0.86161
2013.03.01 01:41:38.410,0.86144,0.86162
2013.03.01 01:41:39.670,0.86144,0.86162
2013.03.01 01:41:40.820,0.86145,0.86163
2013.03.01 01:41:47.391,0.86144,0.86162
2013.03.01 01:41:47.952,0.86143,0.8616
2013.03.01 01:41:48.940,0.86143,0.8616
2013.03.01 01:41:49.300,0.86142,0.86162
2013.03.01 01:41:52.580,0.86143,0.86163
2013.03.01 01:41:53.876,0.86143,0.86163
2013.03.01 01:41:56.314,0.86143,0.86163
2013.03.01 01:41:57.069,0.86143,0.86163
2013.03.01 01:41:59.400,0.86143,0.8616
2013.03.01 01:41:59.462,0.86141,0.86157
2013.03.01 01:41:59.531,0.86141,0.86157
2013.03.01 01:41:59.961,0.86137,0.86155
2013.03.01 01:42:00.091,0.86135,0.86155
2013.03.01 01:42:00.400,0.86134,0.86149
2013.03.01 01:42:01.041,0.86133,0.86149
2013.03.01 01:42:01.639,0.86135,0.86153
2013.03.01 01:42:01.941,0.86137,0.86153
2013.03.01 01:42:02.521,0.86137,0.86153
2013.03.01 01:42:03.300,0.86137,0.86157
2013.03.01 01:42:04.392,0.8614,0.86157
2013.03.01 01:42:04.462,0.8614,0.86157
2013.03.01 01:42:05.011,0.8614,0.86159
2013.03.01 01:42:05.081,0.8614,0.8616
2013.03.01 01:42:07.240,0.8614,0.86159
2013.03.01 01:42:11.651,0.86139,0.86157
2013.03.01 01:42:11.961,0.86139,0.86157
2013.03.01 01:42:18.292,0.86137,0.86157
2013.03.01 01:42:18.360,0.86138,0.86157
2013.03.01 01:42:18.603,0.86138,0.86157
2013.03.01 01:42:20.674,0.86139,0.86156
2013.03.01 01:42:21.231,0.86142,0.86157
2013.03.01 01:42:21.302,0.86142,0.8616
2013.03.01 01:42:24.391,0.86142,0.8616
2013.03.01 01:42:24.930,0.86142,0.8616
2013.03.01 01:42:25.650,0.86142,0.8616
2013.03.01 01:42:25.770,0.86142,0.8616
2013.03.01 01:42:26.960,0.8614,0.8616
2013.03.01 01:42:27.202,0.8614,0.86161
2013.03.01 01:42:28.130,0.8614,0.86159
2013.03.01 01:42:29.185,0.86142,0.86159
2013.03.01 01:42:29.641,0.86143,0.86159
2013.03.01 01:42:30.968,0.8614,0.8616
2013.03.01 01:42:32.940,0.8614,0.8616
2013.03.01 01:42:33.242,0.8614,0.8616
2013.03.01 01:42:35.309,0.86141,0.86161
2013.03.01 01:42:35.921,0.86144,0.86161
2013.03.01 01:42:36.290,0.86144,0.86164
2013.03.01 01:42:36.929,0.86144,0.86164
2013.03.01 01:42:39.160,0.86144,0.86165
2013.03.01 01:42:40.000,0.86143,0.86164
2013.03.01 01:42:40.502,0.86143,0.8616
2013.03.01 01:42:42.180,0.86143,0.8616
2013.03.01 01:42:44.344,0.86143,0.86161
2013.03.01 01:42:44.472,0.86142,0.86161
2013.03.01 01:42:45.020,0.86142,0.86161
2013.03.01 01:42:47.229,0.86143,0.86162
2013.03.01 01:42:48.190,0.86143,0.86162
2013.03.01 01:42:52.930,0.86142,0.86161
2013.03.01 01:42:55.229,0.86142,0.86161
