Time,Bid,Ask
2013.03.26 00:00:00.336,0.84703,0.84715
2013.03.26 00:00:00.653,0.84702,0.84715
2013.03.26 00:00:01.085,0.84701,0.84715
2013.03.26 00:00:01.414,0.847,0.84713
2013.03.26 00:00:01.533,0.84699,0.84713
2013.03.26 00:00:01.653,0.84699,0.84713
2013.03.26 00:00:01.773,0.84699,0.84713
2013.03.26 00:00:03.085,0.847,0.84717
2013.03.26 00:00:03.157,0.84703,0.84718
2013.03.26 00:00:03.463,0.84705,0.84719
2013.03.26 00:00:04.004,0.84705,0.84716
2013.03.26 00:00:06.732,0.84705,0.84719
2013.03.26 00:00:11.302,0.84705,0.84719
2013.03.26 00:00:13.202,0.84704,0.84717
2013.03.26 00:00:13.743,0.84705,0.84718
2013.03.26 00:00:14.402,0.84704,0.84717
2013.03.26 00:00:14.523,0.84705,0.8472
2013.03.26 00:00:21.379,0.84704,0.84718
2013.03.26 00:00:21.454,0.84705,0.84719
2013.03.26 00:00:22.003,0.84706,0.8472
2013.03.26 00:00:22.126,0.84708,0.84721
2013.03.26 00:00:22.373,0.84709,0.84724
2013.03.26 00:00:22.686,0.8471,0.84724
2013.03.26 00:00:22.873,0.8471,0.84724
2013.03.26 00:00:23.412,0.8471,0.84724
2013.03.26 00:00:25.633,0.84709,0.84724
2013.03.26 00:00:35.914,0.8471,0.84723
2013.03.26 00:00:36.864,0.8471,0.84724
2013.03.26 00:00:37.533,0.8471,0.84724
2013.03.26 00:00:41.797,0.8471,0.84725
2013.03.26 00:00:43.803,0.84712,0.84727
2013.03.26 00:00:44.370,0.84713,0.84727
2013.03.26 00:00:46.683,0.84712,0.84727
2013.03.26 00:00:46.994,0.84715,0.84729
2013.03.26 00:00:47.113,0.84715,0.84731
2013.03.26 00:00:47.455,0.84715,0.84731
2013.03.26 00:00:47.646,0.84715,0.84731
2013.03.26 00:00:48.153,0.84715,0.84731
2013.03.26 00:00:54.243,0.84716,0.84731
2013.03.26 00:00:54.903,0.84718,0.84732
2013.03.26 00:01:00.944,0.84718,0.84731
2013.03.26 00:01:01.253,0.84717,0.8473
2013.03.26 00:01:01.615,0.84717,0.8473
2013.03.26 00:01:02.173,0.84716,0.8473
2013.03.26 00:01:02.694,0.84716,0.8473
2013.03.26 00:01:10.544,0.84716,0.8473
2013.03.26 00:01:11.103,0.84717,0.8473
2013.03.26 00:01:11.725,0.84714,0.84728
2013.03.26 00:01:11.793,0.84713,0.84728
2013.03.26 00:01:11.852,0.84714,0.84728
2013.03.26 00:01:12.395,0.84714,0.84728
2013.03.26 00:01:13.721,0.84716,0.8473
2013.03.26 00:01:14.263,0.84714,0.84728
2013.03.26 00:01:14.814,0.84714,0.84728
2013.03.26 00:01:16.923,0.84715,0.8473
2013.03.26 00:01:23.874,0.84717,0.8473
2013.03.26 00:01:29.925,0.84716,0.84731
2013.03.26 00:01:31.073,0.84716,0.84731
2013.03.26 00:01:31.655,0.84715,0.84731
2013.03.26 00:01:32.203,0.84716,0.8473
2013.03.26 00:01:34.793,0.84713,0.84729
2013.03.26 00:01:35.864,0.84713,0.84729
2013.03.26 00:01:35.935,0.84713,0.84726
2013.03.26 00:01:36.253,0.84711,0.84724
2013.03.26 00:01:38.574,0.84711,0.84726
2013.03.26 00:01:38.715,0.8471,0.84725
2013.03.26 00:01:39.273,0.8471,0.84725
2013.03.26 00:01:39.836,0.8471,0.84725
2013.03.26 00:01:44.745,0.8471,0.84725
2013.03.26 00:01:44.876,0.84711,0.84727
2013.03.26 00:01:45.424,0.84713,0.84727
2013.03.26 00:01:45.932,0.84713,0.84727
2013.03.26 00:01:54.515,0.84712,0.84727
2013.03.26 00:01:55.086,0.84712,0.84727
2013.03.26 00:02:02.644,0.84712,0.84727
2013.03.26 00:02:05.552,0.84712,0.84727
2013.03.26 00:02:06.033,0.84712,0.84727
2013.03.26 00:02:11.128,0.84712,0.84727
2013.03.26 00:02:12.044,0.84712,0.84727
2013.03.26 00:02:28.734,0.84712,0.84727
2013.03.26 00:02:30.769,0.84712,0.84727
2013.03.26 00:02:39.053,0.84712,0.84727
2013.03.26 00:02:43.346,0.84712,0.84727
2013.03.26 00:02:43.653,0.84712,0.84727
2013.03.26 00:02:55.446,0.84712,0.84726
2013.03.26 00:02:56.003,0.84712,0.84726
2013.03.26 00:02:59.471,0.84712,0.84726
2013.03.26 00:03:01.423,0.84712,0.84725
2013.03.26 00:03:02.189,0.8471,0.84723
2013.03.26 00:03:02.264,0.84711,0.84724
2013.03.26 00:03:03.394,0.84711,0.84724
2013.03.26 00:03:03.933,0.8471,0.84723
2013.03.26 00:03:04.474,0.84709,0.84724
2013.03.26 00:03:05.804,0.84709,0.84722
2013.03.26 00:03:06.713,0.84709,0.84722
2013.03.26 00:03:07.355,0.84709,0.84722
2013.03.26 00:03:08.165,0.8471,0.84722
2013.03.26 00:03:08.724,0.84711,0.84724
2013.03.26 00:03:09.024,0.84711,0.84724
2013.03.26 00:03:09.764,0.8471,0.84724
2013.03.26 00:03:10.010,0.84709,0.84723
2013.03.26 00:03:10.573,0.84709,0.84723
2013.03.26 00:03:11.133,0.84709,0.84723
2013.03.26 00:03:15.704,0.84709,0.84724
2013.03.26 00:03:19.903,0.84706,0.84721
2013.03.26 00:03:20.143,0.84706,0.8472
2013.03.26 00:03:20.563,0.84707,0.84722
2013.03.26 00:03:30.310,0.84703,0.84719
2013.03.26 00:03:30.833,0.84706,0.84719
2013.03.26 00:03:31.365,0.84706,0.84719
2013.03.26 00:03:36.963,0.84706,0.8472
2013.03.26 00:03:37.734,0.84706,0.84721
2013.03.26 00:03:38.044,0.84708,0.84721
2013.03.26 00:03:38.403,0.84709,0.84724
2013.03.26 00:03:38.834,0.8471,0.84724
2013.03.26 00:03:39.017,0.84713,0.84727
2013.03.26 00:03:39.564,0.84714,0.84727
2013.03.26 00:03:40.045,0.84711,0.84726
2013.03.26 00:03:40.600,0.84712,0.84725
2013.03.26 00:03:41.147,0.84712,0.84725
2013.03.26 00:03:47.564,0.84713,0.84728
2013.03.26 00:03:51.204,0.84714,0.84728
2013.03.26 00:03:51.688,0.84714,0.84728
2013.03.26 00:03:51.896,0.84715,0.84728
2013.03.26 00:03:52.247,0.84714,0.84728
2013.03.26 00:03:55.434,0.84711,0.84725
2013.03.26 00:03:55.863,0.84711,0.84725
2013.03.26 00:03:56.164,0.84711,0.84725
2013.03.26 00:03:56.405,0.84711,0.84727
2013.03.26 00:03:56.654,0.84713,0.84727
2013.03.26 00:04:02.935,0.84711,0.84727
2013.03.26 00:04:03.364,0.84712,0.84725
2013.03.26 00:04:05.875,0.8471,0.84725
2013.03.26 00:04:10.073,0.84709,0.84722
2013.03.26 00:04:10.696,0.84707,0.84721
2013.03.26 00:04:10.827,0.84707,0.84722
2013.03.26 00:04:11.354,0.84707,0.84721
2013.03.26 00:04:12.114,0.84707,0.84721
2013.03.26 00:04:12.246,0.84705,0.84721
2013.03.26 00:04:12.615,0.84704,0.84719
2013.03.26 00:04:12.684,0.84704,0.84718
2013.03.26 00:04:12.804,0.84704,0.84719
2013.03.26 00:04:13.056,0.84704,0.84718
2013.03.26 00:04:13.125,0.84704,0.84719
2013.03.26 00:04:13.556,0.84705,0.84719
2013.03.26 00:04:13.923,0.84704,0.84719
2013.03.26 00:04:14.044,0.84705,0.8472
2013.03.26 00:04:14.604,0.84707,0.8472
2013.03.26 00:04:16.923,0.84709,0.84723
2013.03.26 00:04:17.445,0.84709,0.84723
2013.03.26 00:04:17.756,0.84709,0.84723
2013.03.26 00:04:18.544,0.8471,0.84726
2013.03.26 00:04:21.403,0.84709,0.84725
2013.03.26 00:04:21.944,0.84709,0.84725
2013.03.26 00:04:22.474,0.84709,0.84726
2013.03.26 00:04:22.854,0.84714,0.84727
2013.03.26 00:04:22.974,0.84714,0.84728
2013.03.26 00:04:23.164,0.84714,0.84728
2013.03.26 00:04:23.496,0.84716,0.8473
2013.03.26 00:04:24.044,0.84717,0.8473
2013.03.26 00:04:24.615,0.84717,0.8473
2013.03.26 00:04:25.163,0.84718,0.8473
2013.03.26 00:04:34.175,0.84716,0.84731
2013.03.26 00:04:34.303,0.84718,0.84731
2013.03.26 00:04:34.844,0.84717,0.8473
2013.03.26 00:04:36.956,0.84717,0.84732
2013.03.26 00:04:37.264,0.84717,0.84732
2013.03.26 00:04:37.803,0.84717,0.84732
2013.03.26 00:04:48.682,0.84716,0.84731
2013.03.26 00:04:49.684,0.84716,0.84731
2013.03.26 00:04:50.818,0.84716,0.84731
2013.03.26 00:04:51.134,0.84718,0.84732
2013.03.26 00:04:51.684,0.84719,0.84732
2013.03.26 00:04:54.655,0.8472,0.84733
2013.03.26 00:04:55.203,0.8472,0.84734
2013.03.26 00:04:55.851,0.8472,0.84734
2013.03.26 00:05:01.914,0.8472,0.84732
2013.03.26 00:05:02.432,0.8472,0.84732
2013.03.26 00:05:02.905,0.8472,0.84733
2013.03.26 00:05:03.454,0.84722,0.84734
2013.03.26 00:05:03.935,0.84722,0.84737
2013.03.26 00:05:04.245,0.84724,0.84737
2013.03.26 00:05:04.376,0.84725,0.84738
2013.03.26 00:05:04.927,0.84726,0.84739
2013.03.26 00:05:06.725,0.84726,0.84739
2013.03.26 00:05:08.117,0.84726,0.8474
2013.03.26 00:05:11.034,0.84727,0.8474
2013.03.26 00:05:15.148,0.84728,0.8474
2013.03.26 00:05:16.864,0.84728,0.8474
2013.03.26 00:05:18.054,0.84724,0.8474
2013.03.26 00:05:18.117,0.84724,0.8474
2013.03.26 00:05:18.424,0.84725,0.84737
2013.03.26 00:05:18.604,0.84727,0.84741
2013.03.26 00:05:18.664,0.84725,0.84741
2013.03.26 00:05:18.965,0.84726,0.84741
2013.03.26 00:05:19.484,0.84726,0.84741
2013.03.26 00:05:22.554,0.84727,0.84741
2013.03.26 00:05:25.284,0.84727,0.84742
2013.03.26 00:05:28.784,0.84728,0.84742
2013.03.26 00:05:29.205,0.8473,0.84743
2013.03.26 00:05:29.389,0.84732,0.84745
2013.03.26 00:05:29.993,0.84732,0.84747
2013.03.26 00:05:30.234,0.84732,0.84747
2013.03.26 00:05:30.354,0.84732,0.84747
2013.03.26 00:05:34.153,0.84735,0.84747
2013.03.26 00:05:34.213,0.84736,0.84747
2013.03.26 00:05:34.454,0.84734,0.84746
2013.03.26 00:05:34.814,0.84731,0.84746
2013.03.26 00:05:35.323,0.84731,0.84746
2013.03.26 00:05:39.514,0.84731,0.84746
2013.03.26 00:05:45.596,0.84731,0.84746
2013.03.26 00:05:45.725,0.8473,0.84745
2013.03.26 00:05:45.797,0.84727,0.84743
2013.03.26 00:05:46.124,0.84725,0.84741
2013.03.26 00:05:46.244,0.84725,0.8474
2013.03.26 00:05:46.784,0.84725,0.8474
2013.03.26 00:05:48.143,0.84725,0.8474
2013.03.26 00:05:52.490,0.84723,0.84739
2013.03.26 00:05:52.736,0.84721,0.84737
2013.03.26 00:05:52.869,0.84721,0.84737
2013.03.26 00:05:53.174,0.84719,0.84735
2013.03.26 00:05:53.247,0.84718,0.84734
2013.03.26 00:05:53.795,0.84718,0.84734
2013.03.26 00:05:54.304,0.84718,0.84734
2013.03.26 00:05:54.843,0.8472,0.84734
2013.03.26 00:05:55.385,0.8472,0.84734
2013.03.26 00:05:55.937,0.84719,0.84734
2013.03.26 00:05:56.064,0.8472,0.84734
2013.03.26 00:05:56.843,0.8472,0.84735
2013.03.26 00:05:57.394,0.8472,0.84735
2013.03.26 00:05:57.938,0.8472,0.84735
2013.03.26 00:05:58.003,0.8472,0.84735
2013.03.26 00:05:58.123,0.8472,0.84735
2013.03.26 00:05:58.672,0.8472,0.84735
2013.03.26 00:05:59.194,0.8472,0.84735
2013.03.26 00:05:59.733,0.8472,0.84735
2013.03.26 00:06:00.243,0.8472,0.84735
2013.03.26 00:06:00.793,0.8472,0.84735
2013.03.26 00:06:00.978,0.8472,0.84735
2013.03.26 00:06:01.622,0.8472,0.84735
2013.03.26 00:06:03.834,0.8472,0.84736
2013.03.26 00:06:04.384,0.8472,0.84736
2013.03.26 00:06:04.922,0.8472,0.84736
2013.03.26 00:06:05.950,0.84723,0.84737
2013.03.26 00:06:06.256,0.84726,0.84739
2013.03.26 00:06:06.803,0.84726,0.84739
2013.03.26 00:06:10.144,0.84726,0.84739
2013.03.26 00:06:10.924,0.84725,0.84739
2013.03.26 00:06:11.225,0.84727,0.84739
2013.03.26 00:06:11.778,0.84727,0.84738
2013.03.26 00:06:12.324,0.84728,0.8474
2013.03.26 00:06:12.868,0.84728,0.84741
2013.03.26 00:06:15.018,0.84728,0.84741
2013.03.26 00:06:20.725,0.84728,0.84741
2013.03.26 00:06:21.215,0.8473,0.84742
2013.03.26 00:06:21.285,0.8473,0.84743
2013.03.26 00:06:22.097,0.84728,0.84743
2013.03.26 00:06:22.178,0.84728,0.84741
2013.03.26 00:06:23.939,0.84728,0.84741
2013.03.26 00:06:24.303,0.84728,0.84741
2013.03.26 00:06:24.423,0.84728,0.84741
2013.03.26 00:06:25.035,0.84725,0.8474
2013.03.26 00:06:25.564,0.84724,0.8474
2013.03.26 00:06:27.565,0.84724,0.8474
2013.03.26 00:06:35.495,0.84726,0.84739
2013.03.26 00:06:35.934,0.84723,0.84738
2013.03.26 00:06:36.594,0.84724,0.84738
2013.03.26 00:06:40.097,0.84724,0.84738
2013.03.26 00:06:40.637,0.84724,0.84738
2013.03.26 00:06:41.155,0.84724,0.84738
2013.03.26 00:06:42.085,0.84726,0.84738
2013.03.26 00:06:42.394,0.84726,0.84738
2013.03.26 00:06:45.687,0.84727,0.84739
2013.03.26 00:06:45.756,0.84726,0.84739
2013.03.26 00:06:45.831,0.84726,0.84739
2013.03.26 00:06:45.897,0.84728,0.8474
2013.03.26 00:06:45.970,0.84727,0.84741
2013.03.26 00:06:46.474,0.84728,0.84741
2013.03.26 00:06:47.014,0.84728,0.84741
2013.03.26 00:06:47.789,0.84728,0.84741
2013.03.26 00:06:49.524,0.84726,0.8474
2013.03.26 00:06:49.766,0.84722,0.84738
2013.03.26 00:06:49.835,0.84722,0.84738
2013.03.26 00:06:50.084,0.84724,0.84737
2013.03.26 00:06:50.324,0.84722,0.84737
2013.03.26 00:06:50.744,0.84722,0.84736
2013.03.26 00:07:05.454,0.84722,0.84737
2013.03.26 00:07:05.696,0.84726,0.8474
2013.03.26 00:07:06.322,0.84726,0.84739
2013.03.26 00:07:30.745,0.84726,0.84742
2013.03.26 00:07:31.216,0.84729,0.84742
2013.03.26 00:07:31.644,0.84728,0.84742
2013.03.26 00:07:32.064,0.84728,0.84743
2013.03.26 00:07:32.184,0.84728,0.84742
2013.03.26 00:07:34.814,0.84729,0.84742
2013.03.26 00:07:35.066,0.8473,0.84745
2013.03.26 00:07:35.497,0.84731,0.84746
2013.03.26 00:07:36.000,0.8473,0.84746
2013.03.26 00:07:36.975,0.84732,0.84746
2013.03.26 00:07:37.524,0.84732,0.84746
2013.03.26 00:07:38.564,0.84732,0.84746
2013.03.26 00:07:39.804,0.8473,0.84746
2013.03.26 00:07:48.834,0.84731,0.84745
2013.03.26 00:07:48.961,0.84732,0.84746
2013.03.26 00:07:49.095,0.84732,0.84746
2013.03.26 00:07:49.617,0.84732,0.84747
2013.03.26 00:07:50.756,0.84731,0.84747
2013.03.26 00:08:01.039,0.8473,0.84746
2013.03.26 00:08:01.584,0.8473,0.84746
2013.03.26 00:08:16.654,0.8473,0.84745
2013.03.26 00:08:16.776,0.84727,0.84743
2013.03.26 00:08:16.918,0.84728,0.84743
2013.03.26 00:08:17.119,0.84728,0.84743
2013.03.26 00:08:17.555,0.84727,0.84742
2013.03.26 00:08:18.356,0.84724,0.84739
2013.03.26 00:08:31.424,0.84726,0.84741
2013.03.26 00:08:34.395,0.84726,0.84742
2013.03.26 00:08:34.514,0.84726,0.84742
2013.03.26 00:08:34.875,0.84728,0.84742
2013.03.26 00:08:35.505,0.84728,0.84742
2013.03.26 00:08:41.747,0.84729,0.84745
2013.03.26 00:08:42.633,0.84729,0.84745
2013.03.26 00:08:44.565,0.84731,0.84746
2013.03.26 00:08:44.697,0.84731,0.84747
2013.03.26 00:08:45.124,0.84733,0.84748
2013.03.26 00:08:55.033,0.84732,0.84747
2013.03.26 00:08:55.096,0.84732,0.84744
2013.03.26 00:08:55.166,0.84729,0.84743
2013.03.26 00:08:55.238,0.84727,0.84743
2013.03.26 00:08:55.949,0.84727,0.84742
2013.03.26 00:08:56.028,0.84728,0.84742
2013.03.26 00:09:02.183,0.84726,0.84742
2013.03.26 00:09:16.626,0.84726,0.8474
2013.03.26 00:09:53.512,0.84726,0.84741
2013.03.26 00:09:53.645,0.84726,0.8474
2013.03.26 00:09:54.434,0.84725,0.8474
2013.03.26 00:09:55.034,0.84725,0.8474
2013.03.26 00:09:55.394,0.84725,0.8474
2013.03.26 00:09:55.636,0.84725,0.84741
2013.03.26 00:09:55.935,0.84725,0.84741
2013.03.26 00:09:56.305,0.84725,0.84741
2013.03.26 00:10:03.585,0.84728,0.84741
2013.03.26 00:10:06.231,0.84727,0.8474
2013.03.26 00:10:06.915,0.84727,0.8474
2013.03.26 00:10:18.003,0.84726,0.8474
2013.03.26 00:10:18.255,0.84726,0.84742
2013.03.26 00:10:29.905,0.84727,0.84742
2013.03.26 00:10:30.593,0.84727,0.84742
2013.03.26 00:11:15.086,0.84729,0.84742
2013.03.26 00:11:15.639,0.84729,0.84742
2013.03.26 00:11:17.094,0.84729,0.84742
2013.03.26 00:11:18.356,0.8473,0.84742
2013.03.26 00:11:27.874,0.84728,0.84742
2013.03.26 00:11:50.875,0.84728,0.8474
2013.03.26 00:11:51.416,0.84727,0.8474
2013.03.26 00:12:01.172,0.84727,0.8474
2013.03.26 00:12:10.225,0.84728,0.84741
2013.03.26 00:12:54.576,0.84728,0.84742
2013.03.26 00:12:55.126,0.84729,0.84744
2013.03.26 00:13:01.436,0.8473,0.84744
2013.03.26 00:13:02.595,0.8473,0.84743
2013.03.26 00:13:02.835,0.8473,0.84744
2013.03.26 00:13:03.387,0.8473,0.84744
2013.03.26 00:13:06.587,0.8473,0.84745
2013.03.26 00:13:07.015,0.84729,0.84743
2013.03.26 00:13:07.726,0.84729,0.84743
2013.03.26 00:13:08.266,0.8473,0.84744
2013.03.26 00:13:08.507,0.84731,0.84746
2013.03.26 00:13:08.935,0.84733,0.84746
2013.03.26 00:13:09.176,0.84733,0.84746
2013.03.26 00:13:09.606,0.84733,0.84747
2013.03.26 00:13:09.737,0.84733,0.84747
2013.03.26 00:13:32.175,0.84733,0.84747
2013.03.26 00:13:38.122,0.84733,0.84747
2013.03.26 00:13:40.663,0.84731,0.84745
2013.03.26 00:13:41.165,0.84733,0.84746
2013.03.26 00:13:41.285,0.84733,0.84746
2013.03.26 00:14:17.816,0.84733,0.84746
2013.03.26 00:14:23.378,0.84731,0.84747
2013.03.26 00:14:23.705,0.8473,0.84745
2013.03.26 00:14:24.706,0.84731,0.84745
2013.03.26 00:14:25.425,0.84731,0.84745
2013.03.26 00:14:25.547,0.84731,0.84747
2013.03.26 00:14:25.858,0.84732,0.84747
2013.03.26 00:14:27.215,0.84734,0.84747
2013.03.26 00:14:29.035,0.84734,0.84747
2013.03.26 00:14:29.765,0.84734,0.84747
2013.03.26 00:14:43.898,0.84734,0.84747
2013.03.26 00:14:52.628,0.84735,0.84748
2013.03.26 00:14:53.296,0.84735,0.84748
2013.03.26 00:14:54.347,0.84735,0.84748
2013.03.26 00:14:54.595,0.84735,0.84749
2013.03.26 00:14:55.016,0.84735,0.84748
2013.03.26 00:14:55.256,0.84735,0.84749
2013.03.26 00:14:56.375,0.84736,0.84749
2013.03.26 00:14:56.875,0.84733,0.84748
2013.03.26 00:14:58.237,0.84734,0.84748
2013.03.26 00:15:01.065,0.84734,0.84748
2013.03.26 00:15:05.238,0.84735,0.84748
2013.03.26 00:15:05.747,0.84734,0.84747
2013.03.26 00:15:06.297,0.84734,0.84745
2013.03.26 00:15:06.827,0.84734,0.84746
2013.03.26 00:15:10.176,0.84733,0.84746
2013.03.26 00:15:10.535,0.84731,0.84744
2013.03.26 00:15:11.037,0.84731,0.84743
2013.03.26 00:15:12.086,0.84731,0.84744
2013.03.26 00:15:12.216,0.84734,0.84745
2013.03.26 00:15:12.717,0.84734,0.84746
2013.03.26 00:15:14.637,0.84734,0.84744
2013.03.26 00:15:15.187,0.84731,0.84744
2013.03.26 00:15:15.316,0.84731,0.84743
2013.03.26 00:15:15.447,0.84728,0.84743
2013.03.26 00:15:15.815,0.84728,0.84741
2013.03.26 00:15:16.176,0.84726,0.8474
2013.03.26 00:15:17.470,0.84726,0.8474
2013.03.26 00:15:17.655,0.84726,0.84739
2013.03.26 00:15:18.197,0.84726,0.84739
2013.03.26 00:15:20.317,0.84728,0.84742
2013.03.26 00:15:20.447,0.84728,0.84742
2013.03.26 00:15:21.115,0.84728,0.84742
2013.03.26 00:15:21.536,0.84726,0.84741
2013.03.26 00:15:22.085,0.84726,0.84741
2013.03.26 00:15:22.566,0.84724,0.84738
2013.03.26 00:15:22.758,0.84724,0.84738
2013.03.26 00:15:22.889,0.84723,0.84738
2013.03.26 00:15:23.016,0.84723,0.84738
2013.03.26 00:15:23.376,0.84724,0.84739
2013.03.26 00:15:23.676,0.84725,0.84739
2013.03.26 00:15:23.797,0.84725,0.84739
2013.03.26 00:15:24.227,0.84725,0.8474
2013.03.26 00:15:24.415,0.84726,0.84741
2013.03.26 00:15:32.045,0.84725,0.84742
2013.03.26 00:15:36.725,0.84725,0.84742
2013.03.26 00:15:37.293,0.84724,0.8474
2013.03.26 00:15:39.635,0.84724,0.8474
2013.03.26 00:15:40.147,0.84726,0.84741
2013.03.26 00:15:41.276,0.84726,0.84741
2013.03.26 00:15:41.396,0.84725,0.84739
2013.03.26 00:15:41.538,0.84723,0.84739
2013.03.26 00:15:41.726,0.84723,0.84739
2013.03.26 00:15:42.146,0.84723,0.8474
2013.03.26 00:15:43.129,0.84723,0.8474
2013.03.26 00:15:45.128,0.84722,0.84737
2013.03.26 00:15:45.256,0.84722,0.84737
2013.03.26 00:15:45.556,0.84722,0.84737
2013.03.26 00:15:45.797,0.84724,0.84739
2013.03.26 00:15:46.306,0.84727,0.84742
2013.03.26 00:15:46.858,0.84727,0.84742
2013.03.26 00:15:49.391,0.84727,0.84742
2013.03.26 00:15:49.647,0.84725,0.8474
2013.03.26 00:15:50.166,0.84722,0.84739
2013.03.26 00:15:50.285,0.84722,0.84737
2013.03.26 00:15:50.826,0.84723,0.84738
2013.03.26 00:15:50.896,0.84723,0.84738
2013.03.26 00:15:51.195,0.84723,0.84738
2013.03.26 00:15:51.717,0.84723,0.84738
2013.03.26 00:15:53.947,0.84721,0.84738
2013.03.26 00:15:54.448,0.84721,0.84739
2013.03.26 00:15:55.755,0.84722,0.84739
2013.03.26 00:15:56.295,0.84721,0.84739
2013.03.26 00:15:57.616,0.84721,0.84735
2013.03.26 00:15:57.855,0.84721,0.84735
2013.03.26 00:15:58.282,0.84721,0.84736
2013.03.26 00:15:58.658,0.84725,0.8474
2013.03.26 00:16:00.706,0.84725,0.8474
2013.03.26 00:16:01.246,0.84725,0.84741
2013.03.26 00:16:01.786,0.84727,0.84742
2013.03.26 00:16:02.305,0.84727,0.84742
2013.03.26 00:16:08.525,0.84727,0.84742
2013.03.26 00:16:22.777,0.84728,0.84743
2013.03.26 00:16:23.488,0.84726,0.8474
2013.03.26 00:16:23.736,0.84726,0.8474
2013.03.26 00:16:24.276,0.84725,0.84738
2013.03.26 00:16:25.994,0.84725,0.84738
2013.03.26 00:16:28.316,0.84724,0.84738
2013.03.26 00:16:32.426,0.84724,0.84738
2013.03.26 00:16:35.477,0.84724,0.84739
2013.03.26 00:16:38.805,0.84724,0.84739
2013.03.26 00:16:57.756,0.84724,0.84738
2013.03.26 00:16:57.946,0.84723,0.84738
2013.03.26 00:16:58.736,0.84721,0.84734
2013.03.26 00:17:03.104,0.84717,0.8473
2013.03.26 00:17:04.227,0.84718,0.84731
2013.03.26 00:17:04.343,0.84719,0.84731
2013.03.26 00:17:04.466,0.84719,0.84731
2013.03.26 00:17:05.765,0.8472,0.84731
2013.03.26 00:17:07.006,0.8472,0.84731
2013.03.26 00:17:09.075,0.84719,0.84734
2013.03.26 00:17:09.435,0.84719,0.84734
2013.03.26 00:17:10.614,0.84719,0.84734
2013.03.26 00:17:11.156,0.8472,0.84733
2013.03.26 00:17:14.895,0.8472,0.8473
2013.03.26 00:17:15.447,0.84719,0.84734
2013.03.26 00:17:16.555,0.84719,0.84734
2013.03.26 00:17:18.360,0.84719,0.84731
2013.03.26 00:17:20.097,0.84718,0.84731
2013.03.26 00:17:31.372,0.84718,0.84731
2013.03.26 00:17:31.900,0.84718,0.84729
2013.03.26 00:17:32.839,0.84719,0.84729
2013.03.26 00:17:33.037,0.84716,0.84729
2013.03.26 00:17:33.110,0.84716,0.84729
2013.03.26 00:17:33.656,0.84716,0.84725
2013.03.26 00:17:35.450,0.84715,0.84725
2013.03.26 00:17:39.396,0.84713,0.84725
2013.03.26 00:17:46.925,0.84713,0.84725
2013.03.26 00:17:47.251,0.84714,0.84725
2013.03.26 00:17:50.765,0.84714,0.84725
2013.03.26 00:18:04.902,0.84713,0.84726
2013.03.26 00:18:16.216,0.84712,0.84724
2013.03.26 00:18:16.457,0.84711,0.84723
2013.03.26 00:18:17.006,0.84713,0.84726
2013.03.26 00:18:17.566,0.84713,0.84726
2013.03.26 00:18:18.126,0.84714,0.84729
2013.03.26 00:18:20.219,0.84714,0.84729
2013.03.26 00:18:24.147,0.84714,0.84726
2013.03.26 00:18:24.827,0.84711,0.84725
2013.03.26 00:18:25.076,0.84711,0.84725
2013.03.26 00:18:25.147,0.84711,0.84725
2013.03.26 00:18:25.677,0.84712,0.84725
2013.03.26 00:18:27.469,0.84712,0.84722
2013.03.26 00:18:28.413,0.84711,0.84722
2013.03.26 00:18:29.066,0.84711,0.84723
2013.03.26 00:18:30.937,0.84711,0.84723
2013.03.26 00:18:31.486,0.84712,0.84721
2013.03.26 00:18:32.026,0.84712,0.84722
2013.03.26 00:18:33.075,0.84712,0.84722
2013.03.26 00:18:33.616,0.84711,0.84721
2013.03.26 00:18:40.266,0.84711,0.84721
2013.03.26 00:18:41.936,0.8471,0.84721
2013.03.26 00:18:47.077,0.84711,0.84722
2013.03.26 00:18:49.385,0.84711,0.84723
2013.03.26 00:18:53.867,0.84711,0.84723
2013.03.26 00:18:54.385,0.84711,0.84722
2013.03.26 00:19:03.012,0.84711,0.84723
2013.03.26 00:19:12.607,0.84711,0.84723
2013.03.26 00:19:13.172,0.84712,0.84723
2013.03.26 00:19:23.216,0.84712,0.84723
2013.03.26 00:19:31.436,0.84712,0.84723
2013.03.26 00:19:46.335,0.84708,0.84719
2013.03.26 00:19:49.189,0.84708,0.84719
2013.03.26 00:19:49.676,0.84709,0.8472
2013.03.26 00:19:51.896,0.84709,0.84721
2013.03.26 00:19:55.946,0.8471,0.84721
2013.03.26 00:20:00.486,0.84708,0.8472
2013.03.26 00:20:00.606,0.84707,0.8472
2013.03.26 00:20:00.858,0.84707,0.8472
2013.03.26 00:20:01.405,0.84707,0.84717
2013.03.26 00:20:04.777,0.84707,0.84718
2013.03.26 00:20:05.325,0.84707,0.84719
2013.03.26 00:20:05.885,0.84707,0.84719
2013.03.26 00:20:06.405,0.84707,0.84719
2013.03.26 00:20:11.177,0.84707,0.8472
2013.03.26 00:20:12.596,0.84709,0.8472
2013.03.26 00:20:13.708,0.84709,0.84722
2013.03.26 00:20:13.957,0.8471,0.84722
2013.03.26 00:20:14.206,0.8471,0.84725
2013.03.26 00:20:14.577,0.84712,0.84726
2013.03.26 00:20:14.648,0.84712,0.84728
2013.03.26 00:20:15.017,0.84712,0.84728
2013.03.26 00:20:15.478,0.84714,0.84727
2013.03.26 00:20:16.038,0.84715,0.84728
2013.03.26 00:20:16.747,0.84714,0.84727
2013.03.26 00:20:27.755,0.84714,0.84729
2013.03.26 00:20:36.875,0.84714,0.84729
2013.03.26 00:20:37.056,0.84714,0.8473
2013.03.26 00:20:37.415,0.84714,0.84729
2013.03.26 00:20:37.556,0.84713,0.84729
2013.03.26 00:20:38.096,0.84713,0.84726
2013.03.26 00:20:40.466,0.84714,0.84728
2013.03.26 00:20:40.649,0.84713,0.84726
2013.03.26 00:20:41.205,0.84713,0.84726
2013.03.26 00:20:41.689,0.84713,0.84727
2013.03.26 00:20:41.758,0.84713,0.84727
2013.03.26 00:20:41.886,0.84715,0.84729
2013.03.26 00:20:42.634,0.84714,0.84728
2013.03.26 00:20:43.295,0.84714,0.84728
2013.03.26 00:20:43.776,0.84715,0.84731
2013.03.26 00:20:43.895,0.84715,0.84731
2013.03.26 00:20:44.436,0.84715,0.84729
2013.03.26 00:21:00.531,0.84714,0.84729
2013.03.26 00:21:04.016,0.84714,0.84727
2013.03.26 00:21:13.245,0.84714,0.84727
2013.03.26 00:21:20.524,0.84714,0.84727
2013.03.26 00:21:20.708,0.84713,0.84725
2013.03.26 00:21:21.619,0.84711,0.84724
2013.03.26 00:21:22.197,0.84711,0.84724
2013.03.26 00:21:24.765,0.8471,0.84724
2013.03.26 00:21:25.312,0.84711,0.84724
2013.03.26 00:22:24.921,0.84707,0.84725
2013.03.26 00:22:24.986,0.84707,0.84722
2013.03.26 00:22:25.527,0.84707,0.84722
2013.03.26 00:22:34.546,0.84707,0.84722
2013.03.26 00:22:40.486,0.84708,0.84722
2013.03.26 00:22:44.478,0.84708,0.84723
2013.03.26 00:22:45.025,0.8471,0.84725
2013.03.26 00:22:51.418,0.84711,0.84723
2013.03.26 00:22:51.848,0.84711,0.84723
2013.03.26 00:22:52.618,0.8471,0.84722
2013.03.26 00:22:52.752,0.84709,0.84721
2013.03.26 00:22:52.883,0.8471,0.84721
2013.03.26 00:22:53.089,0.84708,0.84721
2013.03.26 00:22:53.985,0.84709,0.84721
2013.03.26 00:22:54.535,0.84709,0.84721
2013.03.26 00:22:57.534,0.84707,0.8472
2013.03.26 00:22:58.157,0.84707,0.84721
2013.03.26 00:22:58.757,0.84709,0.84721
2013.03.26 00:22:58.836,0.84709,0.84722
2013.03.26 00:23:01.117,0.84709,0.84722
2013.03.26 00:23:01.668,0.84709,0.84723
2013.03.26 00:23:02.406,0.84709,0.84725
2013.03.26 00:23:02.529,0.8471,0.84725
2013.03.26 00:23:03.092,0.84712,0.84724
2013.03.26 00:23:03.646,0.84712,0.84724
2013.03.26 00:23:03.947,0.8471,0.84724
2013.03.26 00:23:04.487,0.8471,0.84724
2013.03.26 00:23:07.853,0.8471,0.84723
2013.03.26 00:23:09.428,0.8471,0.84723
2013.03.26 00:23:14.538,0.84709,0.84723
2013.03.26 00:23:14.916,0.8471,0.84722
2013.03.26 00:23:23.302,0.8471,0.84722
2013.03.26 00:23:30.566,0.8471,0.84722
2013.03.26 00:23:38.887,0.8471,0.84722
2013.03.26 00:23:38.946,0.8471,0.84722
2013.03.26 00:23:39.127,0.84711,0.84722
2013.03.26 00:23:39.925,0.84711,0.84723
2013.03.26 00:23:41.877,0.84712,0.84723
2013.03.26 00:23:59.597,0.84714,0.84724
2013.03.26 00:24:00.597,0.84715,0.84725
2013.03.26 00:24:02.347,0.84716,0.84726
2013.03.26 00:24:02.417,0.84715,0.84725
2013.03.26 00:24:08.445,0.84715,0.84725
2013.03.26 00:24:23.526,0.84715,0.84726
2013.03.26 00:24:27.188,0.84715,0.84726
2013.03.26 00:24:28.736,0.84715,0.84726
2013.03.26 00:24:32.335,0.84715,0.84726
2013.03.26 00:24:32.887,0.84715,0.84726
2013.03.26 00:24:33.016,0.84715,0.84726
2013.03.26 00:24:36.346,0.84716,0.84726
2013.03.26 00:24:37.249,0.84717,0.84725
2013.03.26 00:24:41.667,0.84718,0.84728
2013.03.26 00:24:42.222,0.84718,0.84726
2013.03.26 00:24:42.876,0.84718,0.84725
2013.03.26 00:24:43.966,0.84718,0.84728
2013.03.26 00:24:44.128,0.84718,0.84728
2013.03.26 00:24:44.830,0.84718,0.84728
2013.03.26 00:24:44.896,0.84718,0.84731
2013.03.26 00:24:46.117,0.84718,0.84732
2013.03.26 00:24:46.539,0.84719,0.84733
2013.03.26 00:24:46.666,0.8472,0.84733
2013.03.26 00:24:47.207,0.8472,0.84733
2013.03.26 00:24:47.756,0.84721,0.84733
2013.03.26 00:24:54.147,0.84721,0.84732
2013.03.26 00:24:54.216,0.84721,0.84731
2013.03.26 00:25:02.277,0.84722,0.84731
2013.03.26 00:25:06.456,0.84722,0.84731
2013.03.26 00:25:07.246,0.84722,0.84731
2013.03.26 00:25:10.676,0.84721,0.84734
2013.03.26 00:25:10.738,0.84722,0.84735
2013.03.26 00:25:11.061,0.84722,0.84735
2013.03.26 00:25:11.729,0.84722,0.84734
2013.03.26 00:25:21.266,0.84721,0.84734
2013.03.26 00:25:21.399,0.84719,0.84734
2013.03.26 00:25:21.467,0.84719,0.84733
2013.03.26 00:25:21.837,0.84718,0.8473
2013.03.26 00:25:22.016,0.84718,0.84732
2013.03.26 00:25:22.377,0.84718,0.84731
2013.03.26 00:25:22.926,0.84717,0.84729
2013.03.26 00:25:24.007,0.84716,0.84729
2013.03.26 00:25:24.937,0.84714,0.84728
2013.03.26 00:25:39.007,0.84717,0.8473
2013.03.26 00:25:39.589,0.84717,0.84728
2013.03.26 00:25:40.797,0.84717,0.84729
2013.03.26 00:25:42.707,0.84719,0.8473
2013.03.26 00:25:43.258,0.84717,0.8473
2013.03.26 00:25:43.326,0.84717,0.84728
2013.03.26 00:25:43.447,0.84717,0.8473
2013.03.26 00:25:43.747,0.84718,0.84731
2013.03.26 00:25:44.298,0.84719,0.84731
2013.03.26 00:25:44.428,0.84719,0.8473
2013.03.26 00:25:44.979,0.84719,0.8473
2013.03.26 00:25:45.516,0.8472,0.84732
2013.03.26 00:25:46.120,0.8472,0.84733
2013.03.26 00:25:46.676,0.8472,0.84733
2013.03.26 00:25:48.269,0.8472,0.84733
2013.03.26 00:25:48.778,0.8472,0.84732
2013.03.26 00:25:48.966,0.84718,0.84732
2013.03.26 00:25:49.148,0.84717,0.8473
2013.03.26 00:25:49.279,0.84716,0.84729
2013.03.26 00:25:49.406,0.84716,0.84729
2013.03.26 00:25:49.586,0.84717,0.84728
2013.03.26 00:25:50.596,0.84719,0.84728
2013.03.26 00:25:50.716,0.84719,0.84731
2013.03.26 00:25:51.138,0.84716,0.84731
2013.03.26 00:25:51.208,0.84716,0.84729
2013.03.26 00:25:59.037,0.84716,0.84727
2013.03.26 00:26:04.968,0.84716,0.84727
2013.03.26 00:26:05.570,0.84716,0.84728
2013.03.26 00:26:05.907,0.84716,0.84726
2013.03.26 00:26:11.927,0.84714,0.84726
2013.03.26 00:26:34.187,0.84714,0.84726
2013.03.26 00:26:37.697,0.84714,0.84726
2013.03.26 00:26:40.509,0.84714,0.84725
2013.03.26 00:26:40.636,0.84714,0.84725
2013.03.26 00:26:49.988,0.84714,0.84726
2013.03.26 00:26:53.217,0.84714,0.84725
2013.03.26 00:27:00.888,0.84714,0.84726
2013.03.26 00:27:02.706,0.84714,0.84725
2013.03.26 00:27:10.556,0.84714,0.84725
2013.03.26 00:27:10.677,0.84714,0.84724
2013.03.26 00:27:27.175,0.84713,0.84725
2013.03.26 00:27:58.799,0.84711,0.84724
2013.03.26 00:27:59.357,0.84711,0.84724
2013.03.26 00:28:00.686,0.84711,0.84723
2013.03.26 00:28:06.927,0.84711,0.84725
2013.03.26 00:28:07.502,0.84711,0.84724
2013.03.26 00:28:21.337,0.84712,0.84725
2013.03.26 00:28:22.072,0.84714,0.84725
2013.03.26 00:28:22.705,0.84716,0.84725
2013.03.26 00:28:43.896,0.84716,0.84726
2013.03.26 00:29:12.436,0.84716,0.84726
2013.03.26 00:29:21.346,0.84716,0.84727
2013.03.26 00:29:25.716,0.84716,0.84727
2013.03.26 00:29:29.806,0.84716,0.84727
2013.03.26 00:29:30.560,0.84716,0.84727
2013.03.26 00:29:34.703,0.84717,0.84727
2013.03.26 00:29:34.925,0.84717,0.84727
2013.03.26 00:29:40.875,0.84717,0.84727
2013.03.26 00:29:46.017,0.84719,0.84728
2013.03.26 00:29:51.337,0.84716,0.84728
2013.03.26 00:29:55.338,0.84717,0.84728
2013.03.26 00:29:58.488,0.84716,0.84727
2013.03.26 00:30:08.376,0.84715,0.84727
2013.03.26 00:30:08.506,0.84715,0.84726
2013.03.26 00:30:09.856,0.84717,0.84726
2013.03.26 00:30:13.946,0.84717,0.84726
2013.03.26 00:30:31.628,0.84716,0.84728
2013.03.26 00:30:32.177,0.84714,0.84727
2013.03.26 00:30:42.554,0.84714,0.84727
2013.03.26 00:30:44.790,0.84714,0.84727
2013.03.26 00:30:44.858,0.84714,0.84727
2013.03.26 00:31:02.008,0.84714,0.84726
2013.03.26 00:31:02.557,0.84713,0.84726
2013.03.26 00:31:05.778,0.84713,0.84726
2013.03.26 00:31:06.326,0.84713,0.84727
2013.03.26 00:31:06.889,0.84716,0.84726
2013.03.26 00:31:07.437,0.84715,0.84726
2013.03.26 00:31:08.436,0.84714,0.84727
2013.03.26 00:31:08.557,0.84712,0.84726
2013.03.26 00:31:08.947,0.8471,0.84725
2013.03.26 00:31:09.307,0.84712,0.84726
2013.03.26 00:31:09.487,0.84713,0.84727
2013.03.26 00:31:10.068,0.84713,0.84727
2013.03.26 00:31:10.616,0.84714,0.84726
2013.03.26 00:31:15.607,0.84715,0.84727
2013.03.26 00:31:23.307,0.84714,0.84728
2013.03.26 00:31:25.734,0.84717,0.84731
2013.03.26 00:31:26.240,0.84717,0.84731
2013.03.26 00:31:28.268,0.84717,0.84731
2013.03.26 00:31:28.808,0.84717,0.84731
2013.03.26 00:31:29.178,0.84717,0.84731
2013.03.26 00:31:36.637,0.84717,0.84731
2013.03.26 00:31:45.866,0.84717,0.84731
2013.03.26 00:31:46.428,0.84717,0.84731
2013.03.26 00:31:48.162,0.84717,0.84731
2013.03.26 00:31:48.528,0.84718,0.84731
2013.03.26 00:31:54.998,0.84719,0.84734
2013.03.26 00:31:57.540,0.84722,0.84734
2013.03.26 00:31:57.789,0.84722,0.84734
2013.03.26 00:31:57.980,0.84722,0.84735
2013.03.26 00:31:58.110,0.84722,0.84735
2013.03.26 00:31:58.538,0.84725,0.84738
2013.03.26 00:31:59.088,0.84724,0.84735
2013.03.26 00:31:59.637,0.84724,0.84737
2013.03.26 00:31:59.758,0.84724,0.84737
2013.03.26 00:32:11.938,0.84724,0.84736
2013.03.26 00:32:18.204,0.84723,0.84736
2013.03.26 00:32:18.459,0.84721,0.84734
2013.03.26 00:32:18.588,0.84721,0.84734
2013.03.26 00:32:18.777,0.84719,0.84733
2013.03.26 00:32:19.026,0.84719,0.84731
2013.03.26 00:32:22.978,0.84719,0.84734
2013.03.26 00:32:23.408,0.84721,0.84736
2013.03.26 00:32:24.078,0.84721,0.84735
2013.03.26 00:32:24.619,0.84721,0.84735
2013.03.26 00:32:29.580,0.84723,0.84736
2013.03.26 00:32:32.878,0.84723,0.84736
2013.03.26 00:32:59.738,0.84724,0.84739
2013.03.26 00:33:00.276,0.84724,0.84739
2013.03.26 00:33:00.819,0.84723,0.84736
2013.03.26 00:33:04.165,0.84725,0.84737
2013.03.26 00:33:04.229,0.84726,0.84738
2013.03.26 00:33:04.776,0.84725,0.84737
2013.03.26 00:33:05.277,0.84725,0.84737
2013.03.26 00:33:08.127,0.84725,0.84737
2013.03.26 00:33:08.198,0.84722,0.84736
2013.03.26 00:33:08.638,0.84722,0.84734
2013.03.26 00:33:09.318,0.84724,0.84737
2013.03.26 00:33:09.629,0.84726,0.8474
2013.03.26 00:33:09.818,0.84727,0.84741
2013.03.26 00:33:10.178,0.84732,0.84743
2013.03.26 00:33:10.367,0.84732,0.84744
2013.03.26 00:33:10.607,0.84733,0.84744
2013.03.26 00:33:10.727,0.84734,0.84747
2013.03.26 00:33:10.849,0.84735,0.84747
2013.03.26 00:33:11.407,0.84736,0.84747
2013.03.26 00:33:11.948,0.84735,0.84747
2013.03.26 00:33:12.197,0.84737,0.84747
2013.03.26 00:33:12.498,0.84738,0.84749
2013.03.26 00:33:13.048,0.8474,0.8475
2013.03.26 00:33:13.597,0.84741,0.84749
2013.03.26 00:33:14.159,0.8474,0.84751
2013.03.26 00:33:15.005,0.84739,0.84751
2013.03.26 00:33:15.084,0.84737,0.84748
2013.03.26 00:33:22.176,0.84737,0.84748
2013.03.26 00:33:33.285,0.84736,0.84749
2013.03.26 00:33:34.966,0.84736,0.8475
2013.03.26 00:33:37.797,0.84737,0.84749
2013.03.26 00:33:48.267,0.84737,0.8475
2013.03.26 00:33:48.329,0.84737,0.84749
2013.03.26 00:33:48.397,0.84735,0.84749
2013.03.26 00:33:48.458,0.84732,0.84747
2013.03.26 00:33:48.529,0.84732,0.84747
2013.03.26 00:33:49.082,0.84731,0.84746
2013.03.26 00:33:49.267,0.84732,0.84745
2013.03.26 00:33:49.388,0.84732,0.84747
2013.03.26 00:33:49.709,0.84735,0.84748
2013.03.26 00:33:50.345,0.84735,0.84748
2013.03.26 00:33:50.847,0.84735,0.84749
2013.03.26 00:33:51.149,0.84737,0.84748
2013.03.26 00:33:51.459,0.84728,0.84744
2013.03.26 00:33:51.530,0.84728,0.84744
2013.03.26 00:33:51.848,0.84732,0.84744
2013.03.26 00:33:52.208,0.84735,0.84745
2013.03.26 00:33:52.278,0.84735,0.84745
2013.03.26 00:33:52.528,0.84733,0.84745
2013.03.26 00:33:54.877,0.84736,0.84745
2013.03.26 00:33:55.417,0.84734,0.84746
2013.03.26 00:33:55.967,0.84734,0.84745
2013.03.26 00:33:56.208,0.84732,0.84744
2013.03.26 00:33:56.529,0.84732,0.84746
2013.03.26 00:33:56.659,0.84731,0.84744
2013.03.26 00:33:56.969,0.84731,0.84746
2013.03.26 00:33:57.168,0.84731,0.84746
2013.03.26 00:33:58.841,0.84731,0.84744
2013.03.26 00:33:58.908,0.84729,0.84743
2013.03.26 00:33:58.978,0.84729,0.84742
2013.03.26 00:33:59.430,0.84729,0.84741
2013.03.26 00:33:59.980,0.84729,0.8474
2013.03.26 00:34:00.167,0.84726,0.8474
2013.03.26 00:34:00.407,0.84726,0.84738
2013.03.26 00:34:02.738,0.84726,0.84738
2013.03.26 00:34:02.809,0.84725,0.84737
2013.03.26 00:34:02.878,0.84723,0.84737
2013.03.26 00:34:03.008,0.84722,0.84735
2013.03.26 00:34:03.128,0.84722,0.84735
2013.03.26 00:34:03.429,0.84722,0.84734
2013.03.26 00:34:03.861,0.84722,0.84735
2013.03.26 00:34:03.928,0.84722,0.84737
2013.03.26 00:34:04.719,0.84724,0.84736
2013.03.26 00:34:12.908,0.84724,0.84735
2013.03.26 00:34:14.133,0.84724,0.84735
2013.03.26 00:34:15.939,0.84724,0.84735
2013.03.26 00:34:16.188,0.84722,0.84735
2013.03.26 00:34:16.701,0.84722,0.84734
2013.03.26 00:34:17.587,0.84722,0.84734
2013.03.26 00:34:18.218,0.84722,0.84735
2013.03.26 00:34:18.527,0.84722,0.84733
2013.03.26 00:34:18.710,0.84722,0.84734
2013.03.26 00:34:18.779,0.84722,0.84735
2013.03.26 00:34:19.364,0.84722,0.84734
2013.03.26 00:34:29.287,0.84723,0.84735
2013.03.26 00:34:29.587,0.84723,0.84735
2013.03.26 00:34:30.932,0.84719,0.84733
2013.03.26 00:34:31.118,0.84719,0.84733
2013.03.26 00:34:31.239,0.84719,0.84733
2013.03.26 00:34:31.797,0.84719,0.84731
2013.03.26 00:34:36.208,0.84718,0.84733
2013.03.26 00:34:36.448,0.84721,0.84733
2013.03.26 00:34:36.989,0.8472,0.84736
2013.03.26 00:34:37.177,0.8472,0.84736
2013.03.26 00:34:37.237,0.8472,0.84736
2013.03.26 00:34:37.657,0.8472,0.84733
2013.03.26 00:34:38.370,0.8472,0.84733
2013.03.26 00:34:38.448,0.84719,0.84731
2013.03.26 00:34:38.698,0.84719,0.84731
2013.03.26 00:34:39.239,0.8472,0.84734
2013.03.26 00:34:39.490,0.8472,0.84734
2013.03.26 00:34:39.800,0.8472,0.84732
2013.03.26 00:34:39.927,0.84719,0.84731
2013.03.26 00:34:40.469,0.84719,0.8473
2013.03.26 00:34:40.998,0.84719,0.8473
2013.03.26 00:34:50.612,0.84719,0.8473
2013.03.26 00:34:50.679,0.84717,0.8473
2013.03.26 00:34:51.228,0.84717,0.8473
2013.03.26 00:34:51.298,0.84717,0.84729
2013.03.26 00:34:51.810,0.8472,0.84731
2013.03.26 00:34:51.878,0.8472,0.84731
2013.03.26 00:34:52.272,0.8472,0.84731
2013.03.26 00:34:52.837,0.8472,0.8473
2013.03.26 00:34:54.919,0.8472,0.8473
2013.03.26 00:34:57.933,0.8472,0.84732
2013.03.26 00:34:58.073,0.84721,0.84733
2013.03.26 00:34:58.378,0.84725,0.84736
2013.03.26 00:34:58.679,0.84725,0.84737
2013.03.26 00:34:59.188,0.84725,0.84736
2013.03.26 00:34:59.259,0.84725,0.84737
2013.03.26 00:34:59.807,0.84725,0.84736
2013.03.26 00:35:00.639,0.84725,0.84735
2013.03.26 00:35:00.708,0.84722,0.84735
2013.03.26 00:35:01.378,0.84722,0.84733
2013.03.26 00:35:04.218,0.84722,0.84732
2013.03.26 00:35:04.952,0.84722,0.84733
2013.03.26 00:35:05.350,0.84722,0.84734
2013.03.26 00:35:05.718,0.84722,0.84735
2013.03.26 00:35:06.268,0.84722,0.84735
2013.03.26 00:35:06.710,0.84726,0.84738
2013.03.26 00:35:07.039,0.84727,0.84738
2013.03.26 00:35:08.639,0.84727,0.84738
2013.03.26 00:35:08.769,0.84723,0.84736
2013.03.26 00:35:09.273,0.84723,0.84736
2013.03.26 00:35:09.528,0.84723,0.84735
2013.03.26 00:35:10.088,0.84723,0.84736
2013.03.26 00:35:10.342,0.84725,0.84737
2013.03.26 00:35:10.898,0.84726,0.84738
2013.03.26 00:35:11.258,0.84727,0.8474
2013.03.26 00:35:11.390,0.84728,0.84738
2013.03.26 00:35:11.908,0.84727,0.84737
2013.03.26 00:35:12.438,0.84727,0.84737
2013.03.26 00:35:13.009,0.84727,0.84737
2013.03.26 00:35:14.360,0.84727,0.84738
2013.03.26 00:35:14.918,0.84727,0.8474
2013.03.26 00:35:14.979,0.84727,0.84741
2013.03.26 00:35:15.527,0.84728,0.8474
2013.03.26 00:35:18.088,0.84728,0.84741
2013.03.26 00:35:20.218,0.8473,0.84743
2013.03.26 00:35:20.648,0.8473,0.84743
2013.03.26 00:35:21.197,0.8473,0.84743
2013.03.26 00:35:22.206,0.8473,0.84741
2013.03.26 00:35:22.757,0.8473,0.84741
2013.03.26 00:35:23.297,0.8473,0.84741
2013.03.26 00:35:24.581,0.8473,0.84743
2013.03.26 00:35:24.707,0.8473,0.84742
2013.03.26 00:35:24.887,0.8473,0.84742
2013.03.26 00:35:24.948,0.8473,0.84743
2013.03.26 00:35:33.958,0.8473,0.84741
2013.03.26 00:35:35.667,0.8473,0.84741
2013.03.26 00:35:36.430,0.8473,0.84742
2013.03.26 00:35:37.177,0.8473,0.84741
2013.03.26 00:35:37.238,0.8473,0.84741
2013.03.26 00:35:37.789,0.84731,0.84743
2013.03.26 00:35:41.168,0.8473,0.84742
2013.03.26 00:35:41.708,0.8473,0.84741
2013.03.26 00:35:42.259,0.8473,0.84743
2013.03.26 00:35:42.818,0.8473,0.84743
2013.03.26 00:35:42.949,0.8473,0.84744
2013.03.26 00:35:43.139,0.84731,0.84745
2013.03.26 00:35:44.015,0.84733,0.84748
2013.03.26 00:35:44.379,0.84733,0.84748
2013.03.26 00:35:46.677,0.84733,0.84748
2013.03.26 00:35:47.508,0.84736,0.84748
2013.03.26 00:35:47.568,0.84736,0.84749
2013.03.26 00:35:47.750,0.84736,0.84749
2013.03.26 00:35:48.128,0.84736,0.84749
2013.03.26 00:35:48.248,0.84736,0.84747
2013.03.26 00:35:48.439,0.84732,0.84747
2013.03.26 00:35:48.929,0.84732,0.84746
2013.03.26 00:35:49.059,0.84733,0.84745
2013.03.26 00:35:49.628,0.84733,0.84745
2013.03.26 00:35:50.168,0.84733,0.84746
2013.03.26 00:35:50.288,0.84733,0.84746
2013.03.26 00:35:50.607,0.84733,0.84748
2013.03.26 00:35:51.962,0.84732,0.84744
2013.03.26 00:35:54.558,0.84733,0.84744
2013.03.26 00:35:55.098,0.84733,0.84744
2013.03.26 00:35:55.338,0.84733,0.84745
2013.03.26 00:35:55.650,0.84734,0.84744
2013.03.26 00:35:59.459,0.84733,0.84746
2013.03.26 00:35:59.708,0.84733,0.84748
2013.03.26 00:35:59.888,0.84735,0.84748
2013.03.26 00:36:00.008,0.84735,0.84748
2013.03.26 00:36:05.438,0.84735,0.84746
2013.03.26 00:36:05.989,0.84735,0.84746
2013.03.26 00:36:07.950,0.84731,0.84745
2013.03.26 00:36:08.024,0.84731,0.84745
2013.03.26 00:36:08.529,0.84731,0.84743
2013.03.26 00:36:09.218,0.84732,0.84743
2013.03.26 00:36:25.687,0.8473,0.84743
2013.03.26 00:36:26.202,0.8473,0.84743
2013.03.26 00:36:28.519,0.84731,0.84743
2013.03.26 00:36:31.160,0.8473,0.84743
2013.03.26 00:36:41.547,0.8473,0.8474
2013.03.26 00:36:42.077,0.8473,0.8474
2013.03.26 00:36:50.668,0.84728,0.8474
2013.03.26 00:36:51.262,0.84727,0.8474
2013.03.26 00:36:55.087,0.84728,0.8474
2013.03.26 00:36:56.797,0.84729,0.84739
2013.03.26 00:36:56.917,0.84729,0.8474
2013.03.26 00:36:59.037,0.84729,0.84742
2013.03.26 00:36:59.337,0.84729,0.84741
2013.03.26 00:36:59.878,0.84729,0.84742
2013.03.26 00:37:00.398,0.84729,0.84741
2013.03.26 00:37:09.928,0.84731,0.84741
2013.03.26 00:37:10.588,0.8473,0.84742
2013.03.26 00:37:17.497,0.84729,0.84741
2013.03.26 00:37:18.219,0.84729,0.84742
2013.03.26 00:37:18.708,0.8473,0.84743
2013.03.26 00:37:24.759,0.84731,0.84743
2013.03.26 00:37:25.082,0.84728,0.84742
2013.03.26 00:37:26.848,0.84728,0.84743
2013.03.26 00:37:28.369,0.84728,0.84743
2013.03.26 00:37:29.128,0.84731,0.84743
2013.03.26 00:37:29.678,0.84731,0.84743
2013.03.26 00:37:31.698,0.84732,0.84744
2013.03.26 00:37:32.439,0.84732,0.84744
2013.03.26 00:37:33.808,0.84733,0.84745
2013.03.26 00:37:34.528,0.84727,0.84743
2013.03.26 00:37:35.050,0.84727,0.8474
2013.03.26 00:37:38.168,0.84728,0.8474
2013.03.26 00:37:38.480,0.84726,0.8474
2013.03.26 00:37:38.549,0.84725,0.84738
2013.03.26 00:37:38.679,0.84725,0.84737
2013.03.26 00:37:39.238,0.84725,0.84737
2013.03.26 00:37:39.572,0.84726,0.84739
2013.03.26 00:37:43.979,0.84725,0.84738
2013.03.26 00:37:44.109,0.84725,0.84739
2013.03.26 00:37:44.657,0.84723,0.84738
2013.03.26 00:37:45.236,0.84723,0.84738
2013.03.26 00:37:46.854,0.84726,0.84739
2013.03.26 00:37:46.990,0.84726,0.84739
2013.03.26 00:37:47.310,0.84722,0.84736
2013.03.26 00:37:47.833,0.84722,0.84735
2013.03.26 00:37:47.973,0.84722,0.84735
2013.03.26 00:37:48.887,0.8472,0.84735
2013.03.26 00:37:51.558,0.84718,0.84733
2013.03.26 00:37:51.742,0.84716,0.84729
2013.03.26 00:37:51.941,0.84717,0.84731
2013.03.26 00:37:52.259,0.84718,0.84731
2013.03.26 00:37:52.817,0.84719,0.84736
2013.03.26 00:37:53.118,0.84721,0.84734
2013.03.26 00:37:53.668,0.8472,0.84735
2013.03.26 00:37:54.918,0.84721,0.84735
2013.03.26 00:37:54.988,0.84721,0.84735
2013.03.26 00:37:55.350,0.84725,0.84739
2013.03.26 00:37:55.599,0.84725,0.84741
2013.03.26 00:37:55.910,0.84725,0.84738
2013.03.26 00:37:56.592,0.84725,0.84738
2013.03.26 00:37:56.721,0.84728,0.84742
2013.03.26 00:37:57.244,0.84728,0.84741
2013.03.26 00:37:58.709,0.84728,0.84741
2013.03.26 00:38:02.007,0.84728,0.8474
2013.03.26 00:38:10.728,0.84729,0.84741
2013.03.26 00:38:10.910,0.84728,0.8474
2013.03.26 00:38:11.099,0.84727,0.84741
2013.03.26 00:38:11.233,0.84724,0.8474
2013.03.26 00:38:11.489,0.84724,0.84737
2013.03.26 00:38:12.196,0.84724,0.84737
2013.03.26 00:38:12.798,0.84724,0.84738
2013.03.26 00:38:15.389,0.84724,0.84739
2013.03.26 00:38:15.458,0.84724,0.84738
2013.03.26 00:38:16.009,0.84722,0.84736
2013.03.26 00:38:16.139,0.84722,0.84737
2013.03.26 00:38:16.327,0.84722,0.84736
2013.03.26 00:38:17.378,0.84724,0.84735
2013.03.26 00:38:17.917,0.84724,0.84735
2013.03.26 00:38:18.459,0.84724,0.84735
2013.03.26 00:38:19.531,0.8472,0.84734
2013.03.26 00:38:20.393,0.84719,0.84732
2013.03.26 00:38:21.427,0.84718,0.84733
2013.03.26 00:38:21.550,0.8472,0.84734
2013.03.26 00:38:21.739,0.8472,0.84734
2013.03.26 00:38:21.930,0.8472,0.84735
2013.03.26 00:38:22.249,0.84721,0.84736
2013.03.26 00:38:22.808,0.84722,0.84737
2013.03.26 00:38:23.357,0.84723,0.84737
2013.03.26 00:38:23.417,0.84723,0.84737
2013.03.26 00:38:24.139,0.84725,0.84739
2013.03.26 00:38:26.129,0.84725,0.84739
2013.03.26 00:38:26.439,0.84726,0.84741
2013.03.26 00:38:26.510,0.84726,0.8474
2013.03.26 00:38:26.879,0.84728,0.84741
2013.03.26 00:38:27.379,0.84728,0.84741
2013.03.26 00:38:29.150,0.84729,0.84743
2013.03.26 00:38:29.680,0.84729,0.84744
2013.03.26 00:38:29.989,0.84731,0.84746
2013.03.26 00:38:30.118,0.8473,0.84743
2013.03.26 00:38:30.668,0.8473,0.84745
2013.03.26 00:38:32.009,0.8473,0.84745
2013.03.26 00:38:32.080,0.84731,0.84746
2013.03.26 00:38:32.275,0.84734,0.84747
2013.03.26 00:38:32.831,0.84736,0.84748
2013.03.26 00:38:33.031,0.84734,0.84747
2013.03.26 00:38:33.408,0.84732,0.84745
2013.03.26 00:38:33.527,0.84732,0.84745
2013.03.26 00:38:34.419,0.84733,0.84747
2013.03.26 00:38:34.506,0.84732,0.84745
2013.03.26 00:38:35.028,0.84731,0.84744
2013.03.26 00:38:40.299,0.8473,0.84745
2013.03.26 00:38:42.839,0.8473,0.84744
2013.03.26 00:38:43.359,0.8473,0.84743
2013.03.26 00:38:43.879,0.8473,0.84743
2013.03.26 00:38:45.478,0.8473,0.84743
2013.03.26 00:38:45.720,0.8473,0.84743
2013.03.26 00:38:48.597,0.8473,0.84742
2013.03.26 00:38:48.897,0.84729,0.84742
2013.03.26 00:38:49.377,0.84729,0.84742
2013.03.26 00:38:52.040,0.84728,0.84739
2013.03.26 00:38:52.170,0.84724,0.84737
2013.03.26 00:38:52.239,0.84724,0.84736
2013.03.26 00:38:52.439,0.84721,0.84735
2013.03.26 00:38:52.701,0.84718,0.84734
2013.03.26 00:38:52.769,0.84718,0.84732
2013.03.26 00:38:55.119,0.84717,0.8473
2013.03.26 00:38:55.428,0.84716,0.84731
2013.03.26 00:38:55.558,0.84716,0.84731
2013.03.26 00:38:56.105,0.84716,0.8473
2013.03.26 00:38:59.119,0.84717,0.84731
2013.03.26 00:38:59.550,0.84719,0.84732
2013.03.26 00:39:00.098,0.84719,0.84734
2013.03.26 00:39:00.447,0.84719,0.84733
2013.03.26 00:39:00.942,0.84718,0.84732
2013.03.26 00:39:01.071,0.84718,0.84732
2013.03.26 00:39:01.146,0.84717,0.84732
2013.03.26 00:39:01.399,0.84713,0.84731
2013.03.26 00:39:01.470,0.84713,0.8473
2013.03.26 00:39:01.598,0.84715,0.84731
2013.03.26 00:39:02.139,0.84717,0.8473
2013.03.26 00:39:02.462,0.84717,0.84728
2013.03.26 00:39:02.650,0.84713,0.84728
2013.03.26 00:39:03.208,0.84713,0.84726
2013.03.26 00:39:04.795,0.84715,0.8473
2013.03.26 00:39:05.110,0.84715,0.8473
2013.03.26 00:39:05.879,0.84715,0.8473
2013.03.26 00:39:08.123,0.84715,0.84729
2013.03.26 00:39:13.300,0.84715,0.84728
2013.03.26 00:39:14.003,0.84713,0.84728
2013.03.26 00:39:14.510,0.84713,0.84728
2013.03.26 00:39:20.283,0.84713,0.84728
2013.03.26 00:39:20.834,0.84713,0.84728
2013.03.26 00:39:23.329,0.84714,0.84728
2013.03.26 00:39:23.450,0.84714,0.84726
2013.03.26 00:39:23.579,0.84712,0.84727
2013.03.26 00:39:23.767,0.84712,0.84726
2013.03.26 00:39:24.861,0.84715,0.84729
2013.03.26 00:39:26.888,0.84715,0.84729
2013.03.26 00:39:27.070,0.84712,0.84727
2013.03.26 00:39:27.198,0.84713,0.84728
2013.03.26 00:39:27.320,0.84712,0.84727
2013.03.26 00:39:27.449,0.84714,0.84728
2013.03.26 00:39:27.658,0.84714,0.84729
2013.03.26 00:39:27.959,0.84718,0.84732
2013.03.26 00:39:28.329,0.8472,0.84733
2013.03.26 00:39:28.638,0.8472,0.84733
2013.03.26 00:39:30.798,0.84721,0.84732
2013.03.26 00:39:30.989,0.84721,0.84734
2013.03.26 00:39:31.179,0.84723,0.84736
2013.03.26 00:39:31.767,0.84724,0.84736
2013.03.26 00:39:32.528,0.84724,0.84736
2013.03.26 00:39:33.719,0.84721,0.84737
2013.03.26 00:39:33.790,0.84721,0.84734
2013.03.26 00:39:34.158,0.84719,0.84733
2013.03.26 00:39:34.638,0.8472,0.84733
2013.03.26 00:39:35.258,0.8472,0.84735
2013.03.26 00:39:35.379,0.84721,0.84736
2013.03.26 00:39:35.449,0.84721,0.84737
2013.03.26 00:39:35.759,0.84724,0.84737
2013.03.26 00:39:36.608,0.84723,0.84737
2013.03.26 00:39:36.670,0.84723,0.84737
2013.03.26 00:39:36.979,0.84721,0.84735
2013.03.26 00:39:37.159,0.84719,0.84735
2013.03.26 00:39:37.587,0.84719,0.84735
2013.03.26 00:39:37.772,0.84721,0.84735
2013.03.26 00:39:40.241,0.84716,0.8473
2013.03.26 00:39:40.788,0.84715,0.84728
2013.03.26 00:39:41.338,0.84715,0.84728
2013.03.26 00:39:43.280,0.84713,0.84726
2013.03.26 00:39:43.349,0.84711,0.84726
2013.03.26 00:39:43.898,0.84711,0.84727
2013.03.26 00:39:45.678,0.84711,0.84726
2013.03.26 00:39:45.740,0.84711,0.84725
2013.03.26 00:39:46.303,0.8471,0.84724
2013.03.26 00:39:46.837,0.8471,0.84723
2013.03.26 00:39:47.377,0.8471,0.84724
2013.03.26 00:39:48.050,0.8471,0.84724
2013.03.26 00:39:51.212,0.84713,0.84725
2013.03.26 00:39:51.350,0.84713,0.84725
2013.03.26 00:39:51.668,0.84713,0.84726
2013.03.26 00:39:52.098,0.84713,0.84727
2013.03.26 00:39:57.699,0.84714,0.84728
2013.03.26 00:39:58.248,0.84717,0.8473
2013.03.26 00:39:58.369,0.84717,0.8473
2013.03.26 00:39:58.438,0.84717,0.8473
2013.03.26 00:39:58.948,0.84717,0.8473
2013.03.26 00:40:01.727,0.84721,0.8473
2013.03.26 00:40:01.969,0.8472,0.84733
2013.03.26 00:40:02.100,0.84721,0.84732
2013.03.26 00:40:02.229,0.84722,0.84734
2013.03.26 00:40:02.663,0.84723,0.84733
2013.03.26 00:40:06.230,0.84721,0.84734
2013.03.26 00:40:06.358,0.84721,0.84734
2013.03.26 00:40:06.418,0.84721,0.84733
2013.03.26 00:40:06.659,0.84721,0.84733
2013.03.26 00:40:06.730,0.84721,0.84733
2013.03.26 00:40:07.277,0.84721,0.84733
2013.03.26 00:40:07.837,0.84723,0.84734
2013.03.26 00:40:10.949,0.84721,0.84734
2013.03.26 00:40:11.261,0.84722,0.84733
2013.03.26 00:40:19.068,0.84721,0.84733
2013.03.26 00:40:19.609,0.84725,0.84736
2013.03.26 00:40:19.741,0.84725,0.84738
2013.03.26 00:40:19.900,0.84725,0.8474
2013.03.26 00:40:20.179,0.84727,0.84739
2013.03.26 00:40:20.738,0.84726,0.84739
2013.03.26 00:40:26.521,0.84726,0.84739
2013.03.26 00:40:27.048,0.84726,0.84739
2013.03.26 00:40:30.773,0.84727,0.84739
2013.03.26 00:40:31.298,0.84727,0.84739
2013.03.26 00:40:37.733,0.84726,0.84739
2013.03.26 00:40:38.269,0.84726,0.84739
2013.03.26 00:40:44.640,0.84727,0.84739
2013.03.26 00:40:48.860,0.84728,0.84739
2013.03.26 00:40:49.408,0.84728,0.84739
2013.03.26 00:40:52.741,0.84728,0.84741
2013.03.26 00:40:53.723,0.84728,0.84741
2013.03.26 00:40:54.320,0.84728,0.84741
2013.03.26 00:41:01.811,0.84728,0.84741
2013.03.26 00:41:02.058,0.84728,0.84741
2013.03.26 00:41:02.582,0.84728,0.84739
2013.03.26 00:41:02.890,0.84725,0.84739
2013.03.26 00:41:03.318,0.84724,0.84738
2013.03.26 00:41:03.857,0.84724,0.84739
2013.03.26 00:41:04.158,0.84725,0.84737
2013.03.26 00:41:05.828,0.84724,0.84736
2013.03.26 00:41:06.368,0.84725,0.84735
2013.03.26 00:41:07.279,0.84724,0.84735
2013.03.26 00:41:07.348,0.84722,0.84735
2013.03.26 00:41:07.879,0.84722,0.84735
2013.03.26 00:41:10.200,0.84722,0.84735
2013.03.26 00:41:10.709,0.84723,0.84735
2013.03.26 00:41:11.658,0.84723,0.84735
2013.03.26 00:41:12.220,0.84725,0.84739
2013.03.26 00:41:12.768,0.84725,0.84739
2013.03.26 00:41:20.861,0.84726,0.84739
2013.03.26 00:41:20.991,0.84724,0.84739
2013.03.26 00:41:21.569,0.84722,0.84738
2013.03.26 00:41:21.879,0.84722,0.84735
2013.03.26 00:41:22.418,0.84721,0.84735
2013.03.26 00:41:24.230,0.84721,0.84735
2013.03.26 00:41:24.420,0.84724,0.84738
2013.03.26 00:41:24.489,0.84727,0.84741
2013.03.26 00:41:24.679,0.84729,0.84743
2013.03.26 00:41:25.178,0.84731,0.84743
2013.03.26 00:41:25.729,0.84732,0.84743
2013.03.26 00:41:26.091,0.84733,0.84743
2013.03.26 00:41:26.221,0.84733,0.84745
2013.03.26 00:41:26.348,0.84733,0.84743
2013.03.26 00:41:26.468,0.84733,0.84744
2013.03.26 00:41:27.009,0.84733,0.84745
2013.03.26 00:41:27.139,0.84732,0.84744
2013.03.26 00:41:27.210,0.84733,0.84744
2013.03.26 00:41:27.760,0.84732,0.84744
2013.03.26 00:41:28.317,0.84731,0.84744
2013.03.26 00:41:30.739,0.8473,0.84744
2013.03.26 00:41:31.058,0.8473,0.84742
2013.03.26 00:41:31.389,0.8473,0.84741
2013.03.26 00:41:32.478,0.8473,0.84742
2013.03.26 00:41:32.958,0.8473,0.84744
2013.03.26 00:41:33.880,0.8473,0.84745
2013.03.26 00:41:34.234,0.8473,0.84741
2013.03.26 00:41:34.780,0.84729,0.84741
2013.03.26 00:41:35.108,0.84729,0.84742
2013.03.26 00:41:36.999,0.8473,0.84742
2013.03.26 00:41:37.546,0.84731,0.84741
2013.03.26 00:41:38.509,0.84732,0.84742
2013.03.26 00:41:38.991,0.84729,0.84741
2013.03.26 00:41:40.368,0.84729,0.84742
2013.03.26 00:41:40.679,0.8473,0.84741
2013.03.26 00:41:41.350,0.8473,0.84741
2013.03.26 00:41:41.720,0.8473,0.84741
2013.03.26 00:41:42.149,0.84733,0.84742
2013.03.26 00:41:43.069,0.84733,0.84742
2013.03.26 00:41:43.148,0.84733,0.84745
2013.03.26 00:41:48.262,0.84733,0.84744
2013.03.26 00:42:04.791,0.84733,0.84744
2013.03.26 00:42:05.719,0.84734,0.84744
2013.03.26 00:42:06.430,0.84732,0.84744
2013.03.26 00:42:06.499,0.84732,0.84744
2013.03.26 00:42:11.528,0.84732,0.84744
2013.03.26 00:42:11.712,0.84732,0.84744
2013.03.26 00:42:12.499,0.84734,0.84746
2013.03.26 00:42:15.125,0.84734,0.84744
2013.03.26 00:42:25.629,0.84735,0.84744
2013.03.26 00:42:26.189,0.84735,0.84745
2013.03.26 00:42:39.870,0.84734,0.84745
2013.03.26 00:42:49.039,0.84735,0.84744
2013.03.26 00:42:58.017,0.84735,0.84747
2013.03.26 00:43:04.758,0.84734,0.84747
2013.03.26 00:43:13.387,0.84734,0.84747
2013.03.26 00:43:14.648,0.84734,0.84747
2013.03.26 00:43:24.618,0.84734,0.84748
2013.03.26 00:43:26.107,0.84734,0.84748
2013.03.26 00:43:37.019,0.84735,0.84748
2013.03.26 00:43:37.150,0.84734,0.84748
2013.03.26 00:43:39.319,0.84735,0.84747
2013.03.26 00:43:39.988,0.84736,0.84749
2013.03.26 00:43:42.491,0.84738,0.84751
2013.03.26 00:43:42.561,0.84738,0.84752
2013.03.26 00:43:42.635,0.84741,0.84753
2013.03.26 00:43:42.829,0.84742,0.84756
2013.03.26 00:43:43.160,0.84743,0.84756
2013.03.26 00:43:43.709,0.84743,0.84756
2013.03.26 00:43:43.949,0.84742,0.84756
2013.03.26 00:43:44.153,0.84741,0.84755
2013.03.26 00:43:49.838,0.84741,0.84755
2013.03.26 00:43:55.647,0.84739,0.84755
2013.03.26 00:44:01.139,0.8474,0.84752
2013.03.26 00:44:04.538,0.84741,0.84755
2013.03.26 00:44:04.839,0.84741,0.84753
2013.03.26 00:44:09.038,0.84741,0.84753
2013.03.26 00:44:10.058,0.84741,0.84753
2013.03.26 00:44:11.559,0.84741,0.84755
2013.03.26 00:44:12.396,0.84741,0.84754
2013.03.26 00:44:12.600,0.84742,0.84756
2013.03.26 00:44:13.030,0.84743,0.84756
2013.03.26 00:44:13.578,0.84745,0.84756
2013.03.26 00:44:19.058,0.84744,0.84756
2013.03.26 00:44:21.590,0.84746,0.84756
2013.03.26 00:44:22.139,0.84745,0.84756
2013.03.26 00:44:22.689,0.84745,0.84757
2013.03.26 00:44:30.008,0.84744,0.84756
2013.03.26 00:44:38.939,0.84744,0.84756
2013.03.26 00:44:40.123,0.84744,0.84756
2013.03.26 00:44:41.091,0.84745,0.84756
2013.03.26 00:44:43.569,0.84745,0.84756
2013.03.26 00:44:44.087,0.84745,0.84756
2013.03.26 00:44:59.678,0.84744,0.84756
2013.03.26 00:45:06.840,0.84745,0.84756
2013.03.26 00:45:07.160,0.84746,0.84756
2013.03.26 00:45:07.349,0.84748,0.8476
2013.03.26 00:45:07.897,0.84749,0.84761
2013.03.26 00:45:08.500,0.84749,0.84761
2013.03.26 00:45:09.276,0.84747,0.84759
2013.03.26 00:45:10.278,0.84747,0.84761
2013.03.26 00:45:11.038,0.84747,0.84759
2013.03.26 00:45:21.068,0.84746,0.84759
2013.03.26 00:45:26.219,0.84745,0.84758
2013.03.26 00:45:26.409,0.84742,0.84757
2013.03.26 00:45:26.530,0.84739,0.84756
2013.03.26 00:45:26.662,0.84738,0.84752
2013.03.26 00:45:27.472,0.84738,0.84749
2013.03.26 00:45:30.382,0.84736,0.8475
2013.03.26 00:45:30.809,0.84737,0.84752
2013.03.26 00:45:31.050,0.84736,0.84751
2013.03.26 00:45:31.609,0.84736,0.8475
2013.03.26 00:45:36.959,0.84735,0.84748
2013.03.26 00:45:37.858,0.84735,0.84748
2013.03.26 00:45:38.389,0.84735,0.84748
2013.03.26 00:45:38.928,0.84735,0.84748
2013.03.26 00:45:40.411,0.84735,0.84749
2013.03.26 00:45:56.819,0.84733,0.84748
2013.03.26 00:45:57.070,0.84733,0.84748
2013.03.26 00:45:57.609,0.84733,0.84748
2013.03.26 00:45:58.841,0.84733,0.84748
2013.03.26 00:45:59.389,0.84732,0.84747
2013.03.26 00:45:59.978,0.84732,0.84746
2013.03.26 00:46:00.499,0.84732,0.84746
2013.03.26 00:46:06.262,0.84732,0.84746
2013.03.26 00:46:08.299,0.84732,0.84746
2013.03.26 00:46:08.809,0.84732,0.84746
2013.03.26 00:46:10.072,0.84729,0.84745
2013.03.26 00:46:10.141,0.84728,0.84745
2013.03.26 00:46:10.450,0.84726,0.8474
2013.03.26 00:46:10.581,0.84726,0.8474
2013.03.26 00:46:11.130,0.84729,0.84742
2013.03.26 00:46:11.449,0.84731,0.84744
2013.03.26 00:46:12.000,0.8473,0.84745
2013.03.26 00:46:18.249,0.84733,0.84745
2013.03.26 00:46:20.609,0.84733,0.84746
2013.03.26 00:46:22.149,0.84733,0.84746
2013.03.26 00:46:39.049,0.84732,0.84747
2013.03.26 00:46:41.249,0.84732,0.84748
2013.03.26 00:46:45.822,0.84734,0.84747
2013.03.26 00:46:46.547,0.84736,0.84751
2013.03.26 00:46:47.050,0.84738,0.84751
2013.03.26 00:46:47.659,0.84738,0.84751
2013.03.26 00:46:48.395,0.84739,0.84751
2013.03.26 00:46:49.549,0.84737,0.84751
2013.03.26 00:46:49.790,0.84736,0.84749
2013.03.26 00:46:50.329,0.84737,0.8475
2013.03.26 00:46:52.849,0.84737,0.84751
2013.03.26 00:46:52.971,0.84737,0.84751
2013.03.26 00:46:53.100,0.84738,0.84752
2013.03.26 00:46:53.232,0.84738,0.84754
2013.03.26 00:46:53.764,0.8474,0.84754
2013.03.26 00:46:54.070,0.8474,0.8475
2013.03.26 00:46:56.560,0.8474,0.8475
2013.03.26 00:47:02.479,0.84741,0.8475
2013.03.26 00:47:05.811,0.84739,0.8475
2013.03.26 00:47:05.942,0.84739,0.8475
2013.03.26 00:47:06.010,0.84737,0.84751
2013.03.26 00:47:06.260,0.84736,0.84749
2013.03.26 00:47:06.510,0.8473,0.84746
2013.03.26 00:47:06.711,0.8473,0.84745
2013.03.26 00:47:07.260,0.8473,0.84744
2013.03.26 00:47:07.749,0.84731,0.84744
2013.03.26 00:47:11.869,0.84732,0.84744
2013.03.26 00:47:18.975,0.84732,0.84744
2013.03.26 00:47:26.050,0.84731,0.84744
2013.03.26 00:47:26.702,0.84731,0.84744
2013.03.26 00:47:27.889,0.84731,0.84744
2013.03.26 00:47:34.529,0.84732,0.84744
2013.03.26 00:47:34.659,0.84732,0.84744
2013.03.26 00:47:37.699,0.84732,0.84744
2013.03.26 00:48:02.032,0.84732,0.84744
2013.03.26 00:48:08.198,0.84731,0.84744
2013.03.26 00:48:13.373,0.84732,0.84744
2013.03.26 00:48:18.531,0.84732,0.84745
2013.03.26 00:48:18.660,0.84732,0.84746
2013.03.26 00:48:18.739,0.84734,0.84746
2013.03.26 00:48:19.059,0.84735,0.84746
2013.03.26 00:48:19.809,0.84733,0.84746
2013.03.26 00:48:20.427,0.84735,0.84746
2013.03.26 00:48:22.770,0.84734,0.84746
2013.03.26 00:48:23.320,0.84732,0.84746
2013.03.26 00:48:31.167,0.84731,0.84743
2013.03.26 00:48:31.289,0.8473,0.84741
2013.03.26 00:48:31.831,0.84729,0.84741
2013.03.26 00:48:32.319,0.84729,0.84741
2013.03.26 00:48:33.771,0.84729,0.84741
2013.03.26 00:48:41.095,0.84728,0.84743
2013.03.26 00:48:41.167,0.84731,0.84743
2013.03.26 00:48:41.233,0.84731,0.84744
2013.03.26 00:48:41.441,0.84731,0.84743
2013.03.26 00:48:41.511,0.84731,0.84745
2013.03.26 00:48:41.700,0.84731,0.84746
2013.03.26 00:48:41.890,0.84734,0.84747
2013.03.26 00:48:42.439,0.84735,0.84747
2013.03.26 00:48:46.329,0.84736,0.84746
2013.03.26 00:48:46.869,0.84735,0.84748
2013.03.26 00:48:47.172,0.84735,0.84748
2013.03.26 00:48:47.730,0.84736,0.84749
2013.03.26 00:48:48.938,0.84735,0.84748
2013.03.26 00:49:00.089,0.84736,0.84748
2013.03.26 00:49:02.911,0.84737,0.84749
2013.03.26 00:49:03.040,0.84734,0.84748
2013.03.26 00:49:03.470,0.84731,0.84747
2013.03.26 00:49:03.540,0.84732,0.84747
2013.03.26 00:49:04.090,0.84732,0.84749
2013.03.26 00:49:04.151,0.84734,0.84749
2013.03.26 00:49:04.700,0.84736,0.84751
2013.03.26 00:49:05.260,0.84735,0.84751
2013.03.26 00:49:05.580,0.84739,0.8475
2013.03.26 00:49:05.892,0.84738,0.84748
2013.03.26 00:49:06.021,0.84739,0.8475
2013.03.26 00:49:06.583,0.84739,0.8475
2013.03.26 00:49:10.109,0.8474,0.84749
2013.03.26 00:49:10.640,0.84739,0.8475
2013.03.26 00:49:12.845,0.8474,0.8475
2013.03.26 00:49:13.350,0.84741,0.84751
2013.03.26 00:49:13.421,0.84741,0.84751
2013.03.26 00:49:13.969,0.8474,0.84751
2013.03.26 00:49:15.531,0.84738,0.84751
2013.03.26 00:49:16.170,0.8474,0.84751
2013.03.26 00:49:17.929,0.84738,0.84751
2013.03.26 00:49:18.460,0.84738,0.84749
2013.03.26 00:49:35.229,0.84739,0.84749
2013.03.26 00:49:39.670,0.84738,0.84749
2013.03.26 00:49:39.740,0.84738,0.8475
2013.03.26 00:49:43.312,0.84738,0.8475
2013.03.26 00:49:55.140,0.84739,0.84751
2013.03.26 00:49:55.328,0.84739,0.84753
2013.03.26 00:49:55.689,0.84739,0.84752
2013.03.26 00:49:56.925,0.84738,0.8475
2013.03.26 00:49:57.483,0.84739,0.8475
2013.03.26 00:50:11.790,0.84738,0.8475
2013.03.26 00:50:11.979,0.84738,0.84749
2013.03.26 00:50:12.920,0.8474,0.84749
2013.03.26 00:50:18.939,0.84738,0.84751
2013.03.26 00:50:19.479,0.84739,0.84751
2013.03.26 00:50:20.419,0.84738,0.8475
2013.03.26 00:50:28.069,0.84738,0.84753
2013.03.26 00:50:30.491,0.84738,0.84753
2013.03.26 00:50:31.039,0.84739,0.84752
2013.03.26 00:50:32.252,0.84739,0.84753
2013.03.26 00:50:32.800,0.84737,0.8475
2013.03.26 00:50:32.919,0.84737,0.8475
2013.03.26 00:50:38.660,0.84736,0.8475
2013.03.26 00:50:38.730,0.84736,0.8475
2013.03.26 00:50:38.909,0.84736,0.84748
2013.03.26 00:50:39.100,0.84737,0.84749
2013.03.26 00:50:39.231,0.84738,0.84748
2013.03.26 00:50:39.360,0.84737,0.84748
2013.03.26 00:50:39.899,0.84737,0.84748
2013.03.26 00:50:50.589,0.84737,0.84748
2013.03.26 00:50:55.325,0.84736,0.84748
2013.03.26 00:50:55.853,0.84735,0.84748
2013.03.26 00:50:56.896,0.84735,0.84748
2013.03.26 00:51:00.611,0.84734,0.84745
2013.03.26 00:51:04.461,0.84734,0.84746
2013.03.26 00:51:13.300,0.84734,0.84746
2013.03.26 00:51:18.739,0.84735,0.84748
2013.03.26 00:51:18.922,0.84736,0.84748
2013.03.26 00:51:19.301,0.84737,0.84748
2013.03.26 00:51:19.431,0.84737,0.8475
2013.03.26 00:51:19.860,0.84737,0.84749
2013.03.26 00:51:20.399,0.84736,0.8475
2013.03.26 00:51:20.919,0.84735,0.8475
2013.03.26 00:51:21.099,0.84735,0.8475
2013.03.26 00:51:22.220,0.84735,0.8475
2013.03.26 00:51:22.770,0.84738,0.8475
2013.03.26 00:51:23.080,0.8474,0.84751
2013.03.26 00:51:23.629,0.8474,0.84752
2013.03.26 00:51:26.682,0.84741,0.8475
2013.03.26 00:51:27.230,0.84739,0.8475
2013.03.26 00:51:27.351,0.84736,0.8475
2013.03.26 00:51:27.481,0.84736,0.8475
2013.03.26 00:51:27.551,0.84735,0.8475
2013.03.26 00:51:27.863,0.84736,0.84749
2013.03.26 00:51:30.119,0.84736,0.84749
2013.03.26 00:51:33.321,0.84736,0.84749
2013.03.26 00:51:33.829,0.84736,0.84749
2013.03.26 00:51:34.383,0.84735,0.84747
2013.03.26 00:51:34.929,0.84734,0.84747
2013.03.26 00:51:35.480,0.84734,0.84747
2013.03.26 00:51:38.422,0.84731,0.84744
2013.03.26 00:51:38.731,0.8473,0.84742
2013.03.26 00:51:41.379,0.8473,0.8474
2013.03.26 00:51:41.690,0.84728,0.84741
2013.03.26 00:51:52.390,0.8473,0.84738
2013.03.26 00:51:58.450,0.8473,0.84741
2013.03.26 00:51:59.011,0.84731,0.84742
2013.03.26 00:52:00.671,0.84733,0.84741
2013.03.26 00:52:20.911,0.84734,0.84742
2013.03.26 00:52:29.151,0.84733,0.84742
2013.03.26 00:52:40.889,0.84735,0.84742
2013.03.26 00:52:41.011,0.84735,0.84747
2013.03.26 00:52:41.142,0.84735,0.84748
2013.03.26 00:52:41.211,0.84735,0.84746
2013.03.26 00:52:41.345,0.84735,0.84746
2013.03.26 00:52:41.412,0.84735,0.84746
2013.03.26 00:52:41.600,0.84735,0.84748
2013.03.26 00:52:41.669,0.84735,0.84748
2013.03.26 00:52:42.210,0.84734,0.84745
2013.03.26 00:52:42.831,0.84734,0.84745
2013.03.26 00:52:43.380,0.84734,0.84745
2013.03.26 00:52:43.930,0.84735,0.84746
2013.03.26 00:52:44.470,0.84732,0.84745
2013.03.26 00:52:52.240,0.84732,0.84745
2013.03.26 00:52:52.660,0.8473,0.84742
2013.03.26 00:52:53.219,0.8473,0.84742
2013.03.26 00:52:53.762,0.8473,0.84742
2013.03.26 00:52:54.010,0.84729,0.84741
2013.03.26 00:52:54.129,0.84729,0.84741
2013.03.26 00:52:54.681,0.84729,0.84741
2013.03.26 00:52:55.229,0.84729,0.84741
2013.03.26 00:52:57.133,0.84729,0.84741
2013.03.26 00:52:57.202,0.84728,0.84741
2013.03.26 00:52:57.715,0.84728,0.84741
2013.03.26 00:52:58.271,0.84731,0.84741
2013.03.26 00:52:59.411,0.84733,0.84742
2013.03.26 00:52:59.970,0.84733,0.84742
2013.03.26 00:53:01.440,0.84732,0.84742
2013.03.26 00:53:02.231,0.84732,0.8474
2013.03.26 00:53:03.083,0.84732,0.84743
2013.03.26 00:53:03.152,0.84732,0.84743
2013.03.26 00:53:03.221,0.84732,0.84744
2013.03.26 00:53:03.350,0.84732,0.84744
2013.03.26 00:53:03.470,0.84735,0.84746
2013.03.26 00:53:04.009,0.84736,0.84745
2013.03.26 00:53:06.261,0.84732,0.84745
2013.03.26 00:53:07.798,0.84734,0.84745
2013.03.26 00:53:07.861,0.84734,0.84745
2013.03.26 00:53:08.111,0.84734,0.84747
2013.03.26 00:53:08.663,0.84734,0.84745
2013.03.26 00:53:10.544,0.84734,0.84745
2013.03.26 00:53:23.781,0.84733,0.84747
2013.03.26 00:53:23.980,0.84736,0.84747
2013.03.26 00:53:24.520,0.84737,0.84747
2013.03.26 00:53:24.710,0.84738,0.8475
2013.03.26 00:53:41.550,0.84738,0.8475
2013.03.26 00:53:43.640,0.84737,0.84749
2013.03.26 00:53:44.190,0.84737,0.84749
2013.03.26 00:53:44.739,0.84737,0.84749
2013.03.26 00:53:48.840,0.84735,0.84749
2013.03.26 00:53:48.900,0.84736,0.84749
2013.03.26 00:53:49.082,0.84735,0.84749
2013.03.26 00:53:49.275,0.84733,0.84747
2013.03.26 00:53:49.590,0.84732,0.84745
2013.03.26 00:53:51.320,0.84733,0.84745
2013.03.26 00:53:52.248,0.84732,0.84745
2013.03.26 00:53:54.260,0.84733,0.84745
2013.03.26 00:53:55.999,0.84734,0.84745
2013.03.26 00:54:01.221,0.84733,0.84745
2013.03.26 00:54:01.472,0.8473,0.84743
2013.03.26 00:54:01.542,0.8473,0.84743
2013.03.26 00:54:01.672,0.84731,0.84744
2013.03.26 00:54:01.860,0.84731,0.84744
2013.03.26 00:54:03.571,0.84731,0.84745
2013.03.26 00:54:04.320,0.84728,0.84744
2013.03.26 00:54:04.791,0.84727,0.84742
2013.03.26 00:54:05.294,0.84727,0.84742
2013.03.26 00:54:05.611,0.84731,0.84744
2013.03.26 00:54:06.771,0.8473,0.84744
2013.03.26 00:54:07.281,0.84729,0.84743
2013.03.26 00:54:07.840,0.84729,0.84743
2013.03.26 00:54:08.390,0.84729,0.84743
2013.03.26 00:54:09.426,0.84729,0.84743
2013.03.26 00:54:09.492,0.84729,0.84742
2013.03.26 00:54:10.040,0.84726,0.8474
2013.03.26 00:54:10.419,0.84726,0.8474
2013.03.26 00:54:10.970,0.84726,0.84738
2013.03.26 00:54:11.861,0.84725,0.84738
2013.03.26 00:54:13.510,0.84724,0.84738
2013.03.26 00:54:13.869,0.84723,0.84736
2013.03.26 00:54:16.421,0.84724,0.84736
2013.03.26 00:54:16.612,0.84722,0.84735
2013.03.26 00:54:17.162,0.84722,0.84735
2013.03.26 00:54:18.221,0.84725,0.84737
2013.03.26 00:54:18.552,0.84727,0.84735
2013.03.26 00:54:18.681,0.84729,0.84739
2013.03.26 00:54:18.930,0.8473,0.84739
2013.03.26 00:54:19.175,0.84728,0.84738
2013.03.26 00:54:19.438,0.84728,0.8474
2013.03.26 00:54:19.971,0.84728,0.84741
2013.03.26 00:54:20.520,0.84728,0.84741
2013.03.26 00:54:20.760,0.84728,0.84741
2013.03.26 00:54:21.062,0.84728,0.84741
2013.03.26 00:54:21.494,0.84726,0.84739
2013.03.26 00:54:22.041,0.84729,0.8474
2013.03.26 00:54:23.942,0.84729,0.8474
2013.03.26 00:54:24.261,0.84729,0.84742
2013.03.26 00:54:32.630,0.84731,0.84742
2013.03.26 00:54:32.990,0.84734,0.8475
2013.03.26 00:54:33.050,0.84734,0.8475
2013.03.26 00:54:33.120,0.84734,0.84743
2013.03.26 00:54:33.250,0.84736,0.84748
2013.03.26 00:54:33.430,0.84737,0.8475
2013.03.26 00:54:34.090,0.84739,0.8475
2013.03.26 00:54:34.882,0.8474,0.84751
2013.03.26 00:54:35.130,0.8474,0.84753
2013.03.26 00:54:38.971,0.84741,0.84752
2013.03.26 00:54:39.522,0.84741,0.84751
2013.03.26 00:54:39.830,0.84739,0.84751
2013.03.26 00:54:40.009,0.84739,0.84751
2013.03.26 00:54:41.451,0.84737,0.84751
2013.03.26 00:54:41.587,0.84736,0.8475
2013.03.26 00:54:42.071,0.84735,0.84749
2013.03.26 00:54:45.921,0.84735,0.84749
2013.03.26 00:54:46.291,0.84735,0.84749
2013.03.26 00:54:46.730,0.84735,0.84748
2013.03.26 00:54:48.460,0.84736,0.84749
2013.03.26 00:54:49.240,0.84736,0.8475
2013.03.26 00:54:49.432,0.84738,0.8475
2013.03.26 00:54:49.703,0.84743,0.8475
2013.03.26 00:54:49.890,0.84744,0.84758
2013.03.26 00:54:49.950,0.84745,0.84759
2013.03.26 00:54:50.679,0.84746,0.84759
2013.03.26 00:54:50.758,0.84746,0.84758
2013.03.26 00:54:51.300,0.84746,0.84758
2013.03.26 00:54:51.845,0.84747,0.84758
2013.03.26 00:54:52.910,0.84747,0.84758
2013.03.26 00:54:53.421,0.84747,0.84759
2013.03.26 00:54:53.971,0.84748,0.84759
2013.03.26 00:54:54.102,0.84749,0.84761
2013.03.26 00:54:54.352,0.84748,0.84763
2013.03.26 00:54:54.482,0.84749,0.84763
2013.03.26 00:54:54.802,0.84755,0.84763
2013.03.26 00:54:54.931,0.84757,0.8477
2013.03.26 00:54:55.063,0.84758,0.84772
2013.03.26 00:54:55.610,0.84759,0.8477
2013.03.26 00:54:56.342,0.8476,0.8477
2013.03.26 00:54:56.701,0.8476,0.84772
2013.03.26 00:54:57.309,0.8476,0.84772
2013.03.26 00:54:57.851,0.8476,0.84772
2013.03.26 00:54:58.662,0.8476,0.84771
2013.03.26 00:54:58.972,0.84765,0.84777
2013.03.26 00:54:59.105,0.84766,0.84778
2013.03.26 00:54:59.173,0.84766,0.84778
2013.03.26 00:54:59.613,0.84762,0.84777
2013.03.26 00:54:59.681,0.84762,0.84776
2013.03.26 00:54:59.996,0.84762,0.84774
2013.03.26 00:55:00.318,0.8476,0.84772
2013.03.26 00:55:00.390,0.84758,0.84768
2013.03.26 00:55:00.456,0.84753,0.84767
2013.03.26 00:55:00.524,0.84752,0.84767
2013.03.26 00:55:00.911,0.8475,0.84764
2013.03.26 00:55:01.043,0.84751,0.84764
2013.03.26 00:55:01.376,0.84749,0.8476
2013.03.26 00:55:02.198,0.84747,0.8476
2013.03.26 00:55:02.287,0.84751,0.84763
2013.03.26 00:55:02.482,0.84751,0.84765
2013.03.26 00:55:02.551,0.84751,0.84765
2013.03.26 00:55:03.061,0.84752,0.84766
2013.03.26 00:55:03.370,0.84752,0.84763
2013.03.26 00:55:03.435,0.84752,0.84765
2013.03.26 00:55:03.622,0.84753,0.84765
2013.03.26 00:55:03.690,0.84753,0.84765
2013.03.26 00:55:03.931,0.84751,0.84765
2013.03.26 00:55:04.180,0.8475,0.84765
2013.03.26 00:55:04.302,0.84748,0.84761
2013.03.26 00:55:04.371,0.84748,0.84758
2013.03.26 00:55:04.701,0.84743,0.84755
2013.03.26 00:55:05.234,0.84743,0.84756
2013.03.26 00:55:05.541,0.84743,0.84756
2013.03.26 00:55:06.092,0.84743,0.84754
2013.03.26 00:55:06.221,0.84742,0.84754
2013.03.26 00:55:06.411,0.84741,0.84752
2013.03.26 00:55:08.210,0.84741,0.84754
2013.03.26 00:55:08.331,0.84741,0.84753
2013.03.26 00:55:08.520,0.84741,0.84756
2013.03.26 00:55:08.760,0.84741,0.84755
2013.03.26 00:55:09.682,0.84741,0.84755
2013.03.26 00:55:09.750,0.84741,0.84755
2013.03.26 00:55:09.810,0.84738,0.84753
2013.03.26 00:55:10.171,0.84738,0.84751
2013.03.26 00:55:10.601,0.84737,0.8475
2013.03.26 00:55:11.150,0.84735,0.84748
2013.03.26 00:55:11.390,0.84732,0.84748
2013.03.26 00:55:11.636,0.84732,0.84745
2013.03.26 00:55:11.941,0.84737,0.84747
2013.03.26 00:55:12.011,0.84737,0.84746
2013.03.26 00:55:12.200,0.8474,0.84751
2013.03.26 00:55:12.964,0.84737,0.84751
2013.03.26 00:55:21.841,0.84737,0.84751
2013.03.26 00:55:22.215,0.84742,0.84753
2013.03.26 00:55:22.760,0.84744,0.84755
2013.03.26 00:55:23.184,0.84746,0.84757
2013.03.26 00:55:23.749,0.84747,0.84757
2013.03.26 00:55:24.172,0.84744,0.84757
2013.03.26 00:55:24.754,0.84745,0.84756
2013.03.26 00:55:25.184,0.84744,0.84756
2013.03.26 00:55:28.780,0.84744,0.84757
2013.03.26 00:55:29.260,0.84744,0.84756
2013.03.26 00:55:29.931,0.84744,0.84757
2013.03.26 00:55:30.480,0.84743,0.84755
2013.03.26 00:55:37.900,0.8474,0.84755
2013.03.26 00:55:38.991,0.84744,0.84755
2013.03.26 00:55:39.481,0.84744,0.84755
2013.03.26 00:55:43.070,0.84743,0.84755
2013.03.26 00:55:43.611,0.84743,0.84755
2013.03.26 00:55:43.991,0.84744,0.84755
2013.03.26 00:55:44.122,0.84745,0.84755
2013.03.26 00:55:44.490,0.84745,0.84758
2013.03.26 00:55:44.551,0.84746,0.84757
2013.03.26 00:55:44.871,0.84746,0.84757
2013.03.26 00:55:47.620,0.84746,0.84758
2013.03.26 00:55:47.739,0.84747,0.84758
2013.03.26 00:55:48.520,0.84744,0.84757
2013.03.26 00:55:51.159,0.84745,0.84756
2013.03.26 00:55:53.339,0.84746,0.84756
2013.03.26 00:56:21.297,0.84745,0.84756
2013.03.26 00:56:21.366,0.84745,0.84757
2013.03.26 00:56:21.862,0.84746,0.84757
2013.03.26 00:56:22.473,0.84746,0.84757
2013.03.26 00:56:24.091,0.84747,0.84757
2013.03.26 00:56:28.220,0.84747,0.84756
2013.03.26 00:56:29.156,0.84743,0.84756
2013.03.26 00:56:29.232,0.8474,0.84753
2013.03.26 00:56:31.190,0.84738,0.84752
2013.03.26 00:56:31.730,0.84738,0.84751
2013.03.26 00:56:31.990,0.84736,0.8475
2013.03.26 00:56:32.230,0.84735,0.84749
2013.03.26 00:56:32.590,0.84734,0.84746
2013.03.26 00:56:32.771,0.84731,0.84745
2013.03.26 00:56:33.201,0.84734,0.84746
2013.03.26 00:56:33.739,0.84734,0.84745
2013.03.26 00:56:34.920,0.84735,0.84745
2013.03.26 00:56:35.316,0.84737,0.8475
2013.03.26 00:56:36.190,0.8474,0.84752
2013.03.26 00:56:36.740,0.84738,0.8475
2013.03.26 00:56:37.590,0.84741,0.84751
2013.03.26 00:56:38.140,0.84744,0.84752
2013.03.26 00:56:38.560,0.84741,0.84752
2013.03.26 00:56:39.100,0.8474,0.84751
2013.03.26 00:56:40.679,0.84743,0.84752
2013.03.26 00:56:40.801,0.84743,0.84752
2013.03.26 00:56:41.050,0.84743,0.84752
2013.03.26 00:56:41.232,0.8474,0.84753
2013.03.26 00:56:41.744,0.84743,0.84755
2013.03.26 00:56:42.301,0.8474,0.84753
2013.03.26 00:56:42.911,0.8474,0.84753
2013.03.26 00:56:58.932,0.84739,0.84753
2013.03.26 00:56:59.072,0.84737,0.84753
2013.03.26 00:56:59.382,0.84737,0.84751
2013.03.26 00:56:59.890,0.8474,0.84753
2013.03.26 00:57:00.191,0.84742,0.84753
2013.03.26 00:57:01.036,0.84744,0.84753
2013.03.26 00:57:01.591,0.84744,0.84754
2013.03.26 00:57:04.617,0.84744,0.84755
2013.03.26 00:57:04.741,0.84746,0.84755
2013.03.26 00:57:05.501,0.84746,0.84755
2013.03.26 00:57:08.381,0.84746,0.84754
2013.03.26 00:57:09.421,0.84746,0.84754
2013.03.26 00:57:11.024,0.84741,0.84754
2013.03.26 00:57:11.630,0.84742,0.84754
2013.03.26 00:57:14.562,0.84742,0.84753
2013.03.26 00:57:15.121,0.84744,0.84753
2013.03.26 00:57:17.461,0.84745,0.84753
2013.03.26 00:57:18.021,0.84746,0.84754
2013.03.26 00:57:33.548,0.84743,0.84753
2013.03.26 00:57:33.755,0.84743,0.84753
2013.03.26 00:57:33.893,0.84741,0.84753
2013.03.26 00:57:34.909,0.84742,0.84753
2013.03.26 00:57:35.422,0.84742,0.84753
2013.03.26 00:57:39.731,0.84742,0.84753
2013.03.26 00:57:40.281,0.84742,0.84753
2013.03.26 00:57:40.474,0.84743,0.84753
2013.03.26 00:57:41.380,0.84743,0.84753
2013.03.26 00:57:43.747,0.84742,0.84753
2013.03.26 00:57:44.100,0.84743,0.84753
2013.03.26 00:57:46.546,0.84743,0.84753
2013.03.26 00:57:55.270,0.84743,0.84753
2013.03.26 00:57:55.886,0.84743,0.84753
2013.03.26 00:57:57.133,0.84742,0.84753
2013.03.26 00:57:57.262,0.84743,0.84753
2013.03.26 00:57:58.230,0.84743,0.84753
2013.03.26 00:58:04.170,0.84744,0.84752
2013.03.26 00:58:05.162,0.84744,0.84755
2013.03.26 00:58:05.480,0.8474,0.84754
2013.03.26 00:58:06.051,0.84741,0.84752
2013.03.26 00:58:07.662,0.8474,0.84751
2013.03.26 00:58:13.272,0.84739,0.8475
2013.03.26 00:58:13.581,0.84735,0.84749
2013.03.26 00:58:13.651,0.84735,0.84749
2013.03.26 00:58:13.781,0.84735,0.84749
2013.03.26 00:58:14.347,0.84735,0.84746
2013.03.26 00:58:20.070,0.84736,0.84746
2013.03.26 00:58:20.611,0.84736,0.84746
2013.03.26 00:58:21.212,0.84737,0.84746
2013.03.26 00:58:21.521,0.84735,0.84744
2013.03.26 00:58:21.596,0.84734,0.84743
2013.03.26 00:58:21.662,0.84736,0.84744
2013.03.26 00:58:22.200,0.84736,0.84745
2013.03.26 00:58:24.500,0.84735,0.84745
2013.03.26 00:58:25.217,0.8473,0.84744
2013.03.26 00:58:25.504,0.84732,0.84742
2013.03.26 00:58:25.691,0.84732,0.84744
2013.03.26 00:58:25.831,0.84732,0.84744
2013.03.26 00:58:26.086,0.84733,0.84744
2013.03.26 00:58:26.992,0.84736,0.84744
2013.03.26 00:58:27.676,0.84734,0.84744
2013.03.26 00:58:30.122,0.84735,0.84744
2013.03.26 00:58:38.780,0.84735,0.84744
2013.03.26 00:58:51.282,0.84737,0.84744
2013.03.26 00:58:51.830,0.84735,0.84747
2013.03.26 00:58:51.890,0.84735,0.84748
2013.03.26 00:58:51.956,0.84735,0.84748
2013.03.26 00:58:52.412,0.84735,0.84747
2013.03.26 00:58:52.481,0.84735,0.84747
2013.03.26 00:58:54.760,0.84735,0.84747
2013.03.26 00:58:54.838,0.84732,0.84744
2013.03.26 00:58:59.810,0.84733,0.84744
2013.03.26 00:59:00.910,0.84733,0.84744
2013.03.26 00:59:03.171,0.84733,0.84744
2013.03.26 00:59:03.672,0.84733,0.84744
2013.03.26 00:59:05.890,0.84733,0.84744
2013.03.26 00:59:06.400,0.84734,0.84746
2013.03.26 00:59:06.521,0.84734,0.84745
2013.03.26 00:59:06.832,0.84731,0.84745
2013.03.26 00:59:07.381,0.84731,0.84743
2013.03.26 00:59:07.450,0.84731,0.84743
2013.03.26 00:59:07.509,0.84731,0.84742
2013.03.26 00:59:07.951,0.84732,0.84744
2013.03.26 00:59:10.281,0.84731,0.84744
2013.03.26 00:59:10.964,0.84734,0.84746
2013.03.26 00:59:11.521,0.84734,0.84746
2013.03.26 00:59:12.962,0.84735,0.84746
2013.03.26 00:59:16.531,0.84736,0.84745
2013.03.26 00:59:17.070,0.84732,0.84745
2013.03.26 00:59:17.626,0.84735,0.84746
2013.03.26 00:59:17.940,0.84735,0.84745
2013.03.26 00:59:19.306,0.84735,0.84745
2013.03.26 00:59:19.891,0.84736,0.84745
2013.03.26 00:59:21.480,0.84736,0.84745
2013.03.26 00:59:24.162,0.84737,0.84748
2013.03.26 00:59:24.901,0.8474,0.84748
2013.03.26 00:59:25.320,0.84739,0.84748
2013.03.26 00:59:25.441,0.84737,0.84749
2013.03.26 00:59:25.931,0.84739,0.84748
2013.03.26 00:59:27.069,0.84735,0.84748
2013.03.26 00:59:27.150,0.84735,0.84746
2013.03.26 00:59:27.460,0.84735,0.84746
2013.03.26 00:59:29.104,0.84735,0.84748
2013.03.26 00:59:32.064,0.84734,0.84748
2013.03.26 00:59:32.190,0.84734,0.84746
2013.03.26 00:59:32.433,0.84733,0.84747
2013.03.26 00:59:32.980,0.84732,0.84746
2013.03.26 00:59:33.520,0.84732,0.84746
2013.03.26 00:59:39.550,0.84731,0.84746
2013.03.26 00:59:39.732,0.84731,0.84745
2013.03.26 00:59:40.043,0.84732,0.84744
2013.03.26 00:59:40.112,0.84731,0.84744
2013.03.26 00:59:41.310,0.84732,0.84744
2013.03.26 00:59:42.180,0.84732,0.84744
2013.03.26 00:59:42.259,0.84731,0.84744
2013.03.26 00:59:43.074,0.8473,0.84744
2013.03.26 00:59:44.421,0.84731,0.84744
2013.03.26 00:59:44.994,0.8473,0.84744
2013.03.26 00:59:46.241,0.84731,0.84744
2013.03.26 00:59:46.781,0.84733,0.84746
2013.03.26 00:59:47.082,0.84733,0.84746
2013.03.26 00:59:48.742,0.84733,0.84745
2013.03.26 00:59:49.274,0.8473,0.84744
2013.03.26 00:59:49.413,0.8473,0.84744
2013.03.26 00:59:49.971,0.8473,0.84744
2013.03.26 00:59:50.501,0.8473,0.84744
2013.03.26 00:59:53.500,0.8473,0.84744
2013.03.26 00:59:58.101,0.8473,0.84742
2013.03.26 01:00:03.172,0.84729,0.84741
2013.03.26 01:00:15.303,0.84729,0.84742
2013.03.26 01:00:15.853,0.8473,0.84742
2013.03.26 01:00:28.502,0.84729,0.84743
2013.03.26 01:00:28.931,0.84729,0.84745
2013.03.26 01:00:29.362,0.84729,0.84744
2013.03.26 01:00:29.730,0.84726,0.84743
2013.03.26 01:00:29.910,0.84729,0.84743
2013.03.26 01:00:30.031,0.84729,0.84743
2013.03.26 01:00:51.051,0.84728,0.84743
2013.03.26 01:00:51.695,0.84728,0.84743
2013.03.26 01:00:54.072,0.84728,0.84743
2013.03.26 01:00:54.201,0.84726,0.84742
2013.03.26 01:00:54.262,0.84726,0.84739
2013.03.26 01:00:54.572,0.84726,0.84738
2013.03.26 01:00:54.941,0.84726,0.84739
2013.03.26 01:00:55.311,0.84725,0.84739
2013.03.26 01:00:55.860,0.84723,0.84737
2013.03.26 01:01:00.520,0.84724,0.84739
2013.03.26 01:01:00.603,0.84725,0.8474
2013.03.26 01:01:00.732,0.84725,0.8474
2013.03.26 01:01:01.281,0.84727,0.84741
2013.03.26 01:01:01.590,0.84731,0.84743
2013.03.26 01:01:01.891,0.84732,0.84743
2013.03.26 01:01:05.394,0.84732,0.84743
2013.03.26 01:01:05.641,0.84735,0.84743
2013.03.26 01:01:07.652,0.84734,0.84746
2013.03.26 01:01:10.782,0.84738,0.84746
2013.03.26 01:01:10.982,0.84738,0.84752
2013.03.26 01:01:11.181,0.84738,0.84751
2013.03.26 01:01:11.510,0.84743,0.84752
2013.03.26 01:01:11.990,0.84743,0.84755
2013.03.26 01:01:12.541,0.84743,0.84755
2013.03.26 01:01:13.429,0.84742,0.84755
2013.03.26 01:01:14.095,0.84742,0.84753
2013.03.26 01:01:14.179,0.84741,0.84752
2013.03.26 01:01:14.733,0.84742,0.84755
2013.03.26 01:01:15.101,0.84744,0.84755
2013.03.26 01:01:21.082,0.84742,0.84755
2013.03.26 01:01:21.212,0.84743,0.84755
2013.03.26 01:01:21.403,0.84744,0.84755
2013.03.26 01:01:23.601,0.84744,0.84757
2013.03.26 01:01:24.345,0.8474,0.84756
2013.03.26 01:01:24.445,0.84737,0.84752
2013.03.26 01:01:24.513,0.84737,0.8475
2013.03.26 01:01:24.851,0.84737,0.8475
2013.03.26 01:01:25.727,0.84738,0.84751
2013.03.26 01:01:26.077,0.84741,0.84753
2013.03.26 01:01:26.641,0.84741,0.84754
2013.03.26 01:01:27.191,0.84741,0.84754
2013.03.26 01:01:29.371,0.84741,0.84754
2013.03.26 01:01:31.232,0.84741,0.84753
2013.03.26 01:01:31.363,0.8474,0.84753
2013.03.26 01:01:31.673,0.84739,0.84752
2013.03.26 01:01:32.260,0.84738,0.84752
2013.03.26 01:01:32.786,0.84737,0.8475
2013.03.26 01:01:33.748,0.84737,0.8475
2013.03.26 01:01:34.192,0.84739,0.84751
2013.03.26 01:01:34.453,0.8474,0.84753
2013.03.26 01:01:34.662,0.8474,0.84751
2013.03.26 01:01:34.971,0.84739,0.8475
2013.03.26 01:01:35.212,0.84738,0.8475
2013.03.26 01:01:35.770,0.84737,0.8475
2013.03.26 01:01:37.723,0.84736,0.8475
2013.03.26 01:01:38.210,0.84739,0.84752
2013.03.26 01:01:38.753,0.84739,0.84752
2013.03.26 01:01:38.883,0.8474,0.84753
2013.03.26 01:01:39.191,0.84742,0.84754
2013.03.26 01:01:39.619,0.84742,0.84754
2013.03.26 01:01:51.287,0.84743,0.84756
2013.03.26 01:01:52.950,0.84743,0.84756
2013.03.26 01:01:53.069,0.84743,0.84755
2013.03.26 01:01:53.923,0.84743,0.84755
2013.03.26 01:02:02.893,0.84745,0.84755
2013.03.26 01:02:03.142,0.84744,0.84755
2013.03.26 01:02:03.391,0.84744,0.84756
2013.03.26 01:02:06.153,0.84743,0.84756
2013.03.26 01:02:06.701,0.84742,0.84754
2013.03.26 01:02:07.865,0.84743,0.84754
2013.03.26 01:02:22.271,0.84741,0.84754
2013.03.26 01:02:24.503,0.84741,0.84754
2013.03.26 01:02:28.980,0.84741,0.84754
2013.03.26 01:02:35.282,0.84741,0.84754
2013.03.26 01:02:47.450,0.8474,0.84753
2013.03.26 01:02:50.284,0.8474,0.84754
2013.03.26 01:02:50.831,0.8474,0.84754
2013.03.26 01:02:51.073,0.84742,0.84754
2013.03.26 01:02:51.623,0.84744,0.84755
2013.03.26 01:02:52.180,0.84744,0.84755
2013.03.26 01:03:03.131,0.84742,0.84755
2013.03.26 01:03:03.780,0.84741,0.84755
2013.03.26 01:03:04.331,0.84745,0.84755
2013.03.26 01:03:08.361,0.84745,0.84755
2013.03.26 01:03:14.983,0.84745,0.84755
2013.03.26 01:03:15.350,0.84742,0.84755
2013.03.26 01:03:15.892,0.84744,0.84755
2013.03.26 01:03:16.441,0.84744,0.84755
2013.03.26 01:03:17.433,0.84746,0.84758
2013.03.26 01:03:18.330,0.84748,0.84759
2013.03.26 01:03:18.401,0.84748,0.8476
2013.03.26 01:03:19.781,0.84748,0.84761
2013.03.26 01:03:20.332,0.84745,0.84761
2013.03.26 01:03:21.058,0.84745,0.84761
2013.03.26 01:03:21.381,0.84746,0.84759
2013.03.26 01:03:22.491,0.84746,0.8476
2013.03.26 01:03:25.535,0.84746,0.8476
2013.03.26 01:03:26.420,0.84746,0.8476
2013.03.26 01:03:27.022,0.84746,0.8476
2013.03.26 01:03:27.272,0.84747,0.84759
2013.03.26 01:03:28.001,0.84746,0.8476
2013.03.26 01:03:28.540,0.84745,0.84759
2013.03.26 01:03:32.301,0.84746,0.84759
2013.03.26 01:03:32.820,0.84746,0.84759
2013.03.26 01:03:33.511,0.84746,0.84759
2013.03.26 01:03:35.541,0.84746,0.84759
2013.03.26 01:03:36.070,0.84746,0.84759
2013.03.26 01:03:37.021,0.84746,0.84759
2013.03.26 01:03:37.522,0.84747,0.84761
2013.03.26 01:03:37.591,0.84747,0.84761
2013.03.26 01:03:37.722,0.84747,0.84762
2013.03.26 01:03:38.031,0.84747,0.84761
2013.03.26 01:03:39.560,0.84747,0.84761
2013.03.26 01:03:40.063,0.84747,0.84761
2013.03.26 01:03:41.272,0.84748,0.84761
2013.03.26 01:03:41.342,0.8475,0.84762
2013.03.26 01:03:41.721,0.8475,0.84763
2013.03.26 01:03:44.643,0.8475,0.84762
2013.03.26 01:03:46.194,0.84748,0.84761
2013.03.26 01:03:46.333,0.84748,0.84761
2013.03.26 01:03:46.702,0.84749,0.84761
2013.03.26 01:03:46.951,0.84749,0.84761
2013.03.26 01:03:47.260,0.84749,0.84761
2013.03.26 01:03:47.381,0.84749,0.84761
2013.03.26 01:03:47.923,0.84746,0.84761
2013.03.26 01:03:48.054,0.84745,0.84759
2013.03.26 01:03:48.122,0.84746,0.8476
2013.03.26 01:03:48.651,0.84745,0.8476
2013.03.26 01:03:49.752,0.84745,0.84759
2013.03.26 01:03:50.863,0.84745,0.84759
2013.03.26 01:03:51.171,0.84742,0.84755
2013.03.26 01:03:51.661,0.84742,0.84759
2013.03.26 01:03:51.781,0.84745,0.84759
2013.03.26 01:03:52.284,0.84743,0.84759
2013.03.26 01:03:53.381,0.84745,0.8476
2013.03.26 01:03:55.109,0.84745,0.84759
2013.03.26 01:03:55.184,0.84747,0.84761
2013.03.26 01:03:55.313,0.84747,0.84762
2013.03.26 01:03:55.803,0.84746,0.84761
2013.03.26 01:03:56.762,0.84746,0.8476
2013.03.26 01:03:56.833,0.84748,0.8476
2013.03.26 01:03:57.380,0.84748,0.84762
2013.03.26 01:03:58.300,0.84746,0.84761
2013.03.26 01:03:59.621,0.84746,0.84761
2013.03.26 01:04:00.152,0.84745,0.84761
2013.03.26 01:04:00.701,0.84745,0.84761
2013.03.26 01:04:00.831,0.84743,0.8476
2013.03.26 01:04:00.950,0.84743,0.8476
2013.03.26 01:04:01.271,0.84743,0.84759
2013.03.26 01:04:01.871,0.84744,0.8476
2013.03.26 01:04:01.993,0.84746,0.8476
2013.03.26 01:04:02.552,0.84747,0.84761
2013.03.26 01:04:07.652,0.84748,0.84761
2013.03.26 01:04:07.843,0.84749,0.84762
2013.03.26 01:04:08.390,0.84748,0.84762
2013.03.26 01:04:08.513,0.84748,0.84763
2013.03.26 01:04:09.206,0.84747,0.84762
2013.03.26 01:04:09.751,0.84747,0.84763
2013.03.26 01:04:14.300,0.84747,0.84763
2013.03.26 01:04:14.851,0.84747,0.84762
2013.03.26 01:04:16.445,0.84748,0.84762
2013.03.26 01:04:16.991,0.84748,0.84762
2013.03.26 01:04:17.551,0.84748,0.84762
2013.03.26 01:04:17.793,0.84749,0.84764
2013.03.26 01:04:17.863,0.84749,0.84764
2013.03.26 01:04:18.175,0.84748,0.84761
2013.03.26 01:04:18.787,0.84748,0.84761
2013.03.26 01:04:19.721,0.84747,0.84761
2013.03.26 01:04:30.551,0.84746,0.84762
2013.03.26 01:04:33.522,0.84746,0.84763
2013.03.26 01:04:34.581,0.84746,0.84764
2013.03.26 01:04:36.403,0.84748,0.84764
2013.03.26 01:04:36.472,0.8475,0.84764
2013.03.26 01:04:36.833,0.84751,0.84764
2013.03.26 01:04:39.135,0.84751,0.84764
2013.03.26 01:04:39.460,0.84753,0.84767
2013.03.26 01:04:39.581,0.84749,0.84765
2013.03.26 01:04:40.122,0.84749,0.84765
2013.03.26 01:04:41.541,0.84751,0.84764
2013.03.26 01:04:41.902,0.84751,0.84766
2013.03.26 01:04:42.212,0.84751,0.84766
2013.03.26 01:04:42.401,0.84751,0.84766
2013.03.26 01:04:42.951,0.84751,0.84766
2013.03.26 01:04:52.121,0.8475,0.84767
2013.03.26 01:04:52.671,0.8475,0.84767
2013.03.26 01:04:54.467,0.84751,0.84767
2013.03.26 01:05:02.136,0.84754,0.84767
2013.03.26 01:05:02.451,0.84751,0.84764
2013.03.26 01:05:02.521,0.84749,0.84764
2013.03.26 01:05:02.583,0.84749,0.84763
2013.03.26 01:05:02.901,0.84749,0.84764
2013.03.26 01:05:03.570,0.84749,0.84764
2013.03.26 01:05:03.811,0.8475,0.84766
2013.03.26 01:05:04.351,0.84751,0.84766
2013.03.26 01:05:04.890,0.84751,0.84767
2013.03.26 01:05:06.271,0.84755,0.84767
2013.03.26 01:05:09.562,0.84755,0.84769
2013.03.26 01:05:09.631,0.84755,0.84769
2013.03.26 01:05:10.138,0.84753,0.84768
2013.03.26 01:05:12.771,0.84753,0.84768
2013.03.26 01:05:14.188,0.84753,0.84768
2013.03.26 01:05:20.251,0.84752,0.84767
2013.03.26 01:05:32.361,0.84751,0.84764
2013.03.26 01:05:32.422,0.8475,0.84764
2013.03.26 01:05:32.494,0.84749,0.84764
2013.03.26 01:05:32.562,0.84749,0.84765
2013.03.26 01:05:32.622,0.84748,0.84766
2013.03.26 01:05:32.943,0.84748,0.84764
2013.03.26 01:05:33.012,0.84748,0.84764
2013.03.26 01:05:33.562,0.8475,0.84764
2013.03.26 01:05:34.590,0.8475,0.84765
2013.03.26 01:05:35.441,0.8475,0.84764
2013.03.26 01:05:44.110,0.84749,0.84763
2013.03.26 01:05:46.023,0.84748,0.84763
2013.03.26 01:05:48.741,0.8475,0.84763
2013.03.26 01:05:49.255,0.8475,0.84763
2013.03.26 01:05:56.120,0.8475,0.84763
2013.03.26 01:05:56.672,0.84751,0.84764
2013.03.26 01:05:56.851,0.84752,0.84764
2013.03.26 01:05:59.381,0.84752,0.84765
2013.03.26 01:06:02.293,0.84752,0.84765
2013.03.26 01:06:02.362,0.84752,0.84765
2013.03.26 01:06:02.432,0.84753,0.84766
2013.03.26 01:06:02.740,0.84753,0.84766
2013.03.26 01:06:03.342,0.84753,0.84765
2013.03.26 01:06:04.093,0.84753,0.84765
2013.03.26 01:06:04.344,0.84755,0.84769
2013.03.26 01:06:04.860,0.84755,0.84769
2013.03.26 01:06:06.631,0.84755,0.84769
2013.03.26 01:06:07.502,0.84755,0.84769
2013.03.26 01:06:07.633,0.84755,0.84769
2013.03.26 01:06:14.874,0.84756,0.84769
2013.03.26 01:06:19.161,0.84754,0.84769
2013.03.26 01:06:19.722,0.84753,0.84768
2013.03.26 01:06:20.231,0.84754,0.84768
2013.03.26 01:06:24.742,0.84753,0.84766
2013.03.26 01:06:24.813,0.84752,0.84766
2013.03.26 01:06:25.003,0.84753,0.84767
2013.03.26 01:06:25.251,0.84753,0.84768
2013.03.26 01:06:25.759,0.84754,0.84768
2013.03.26 01:06:27.022,0.84753,0.84768
2013.03.26 01:06:27.334,0.84751,0.84766
2013.03.26 01:06:27.461,0.84751,0.84766
2013.03.26 01:06:27.826,0.84751,0.84764
2013.03.26 01:06:28.441,0.84751,0.84764
2013.03.26 01:06:29.064,0.84751,0.84765
2013.03.26 01:06:33.701,0.84749,0.84764
2013.03.26 01:06:37.792,0.84749,0.84764
2013.03.26 01:06:37.922,0.84749,0.84764
2013.03.26 01:06:48.463,0.84749,0.84764
2013.03.26 01:06:49.012,0.84749,0.84764
2013.03.26 01:06:53.982,0.84747,0.84763
2013.03.26 01:06:54.530,0.84746,0.84763
2013.03.26 01:07:00.210,0.84746,0.84762
2013.03.26 01:07:00.860,0.84749,0.84764
2013.03.26 01:07:01.617,0.84749,0.84764
2013.03.26 01:07:04.280,0.84749,0.84764
2013.03.26 01:07:04.762,0.8475,0.84765
2013.03.26 01:07:04.821,0.8475,0.84765
2013.03.26 01:07:05.252,0.84752,0.84765
2013.03.26 01:07:10.772,0.84748,0.84763
2013.03.26 01:07:13.326,0.84749,0.84764
2013.03.26 01:07:13.871,0.84748,0.84764
2013.03.26 01:07:19.612,0.84748,0.84764
2013.03.26 01:07:22.531,0.84747,0.84764
2013.03.26 01:07:22.684,0.84749,0.84764
2013.03.26 01:07:23.222,0.8475,0.84764
2013.03.26 01:07:32.231,0.84749,0.84765
2013.03.26 01:07:34.131,0.8475,0.84765
2013.03.26 01:07:37.290,0.84748,0.84763
2013.03.26 01:07:37.621,0.8475,0.84763
2013.03.26 01:07:50.511,0.8475,0.84764
2013.03.26 01:07:51.844,0.8475,0.84764
2013.03.26 01:07:52.350,0.8475,0.84765
2013.03.26 01:07:52.922,0.8475,0.84763
2013.03.26 01:07:55.534,0.8475,0.84764
2013.03.26 01:08:02.502,0.8475,0.84765
2013.03.26 01:08:03.061,0.84751,0.84765
2013.03.26 01:08:08.737,0.84751,0.84766
2013.03.26 01:08:08.875,0.84751,0.84766
2013.03.26 01:08:08.942,0.84751,0.84766
2013.03.26 01:08:09.013,0.84751,0.84766
2013.03.26 01:08:09.201,0.84751,0.84766
2013.03.26 01:08:10.861,0.84751,0.84764
2013.03.26 01:08:25.030,0.84751,0.84765
2013.03.26 01:08:27.031,0.84751,0.84766
2013.03.26 01:08:37.171,0.84751,0.84765
2013.03.26 01:08:37.862,0.84751,0.84766
2013.03.26 01:08:38.373,0.84751,0.84765
2013.03.26 01:08:39.473,0.84751,0.84766
2013.03.26 01:08:40.151,0.84751,0.84766
2013.03.26 01:08:41.991,0.84751,0.84766
2013.03.26 01:08:45.284,0.84751,0.84766
2013.03.26 01:08:45.473,0.84751,0.84766
2013.03.26 01:08:46.143,0.84751,0.84766
2013.03.26 01:08:51.103,0.84752,0.84766
2013.03.26 01:08:51.866,0.84755,0.84767
2013.03.26 01:08:51.947,0.84751,0.84764
2013.03.26 01:08:52.501,0.84751,0.84764
2013.03.26 01:08:58.042,0.84753,0.84766
2013.03.26 01:09:01.893,0.84756,0.84768
2013.03.26 01:09:02.022,0.84756,0.84769
2013.03.26 01:09:02.143,0.84756,0.84769
2013.03.26 01:09:02.273,0.84758,0.84771
2013.03.26 01:09:02.343,0.84758,0.84771
2013.03.26 01:09:02.851,0.84758,0.84771
2013.03.26 01:09:03.354,0.84758,0.84771
2013.03.26 01:09:04.620,0.84758,0.84772
2013.03.26 01:09:05.268,0.84758,0.84771
2013.03.26 01:09:08.832,0.84758,0.84771
2013.03.26 01:09:12.014,0.84761,0.84775
2013.03.26 01:09:12.086,0.8476,0.84775
2013.03.26 01:09:12.153,0.84761,0.84775
2013.03.26 01:09:12.702,0.84762,0.84775
2013.03.26 01:09:17.263,0.84762,0.84776
2013.03.26 01:09:17.590,0.84763,0.84776
2013.03.26 01:09:17.842,0.84763,0.84779
2013.03.26 01:09:18.083,0.84765,0.84779
2013.03.26 01:09:18.391,0.84764,0.84779
2013.03.26 01:09:18.871,0.84763,0.84779
2013.03.26 01:09:19.984,0.84761,0.84776
2013.03.26 01:09:20.354,0.84761,0.84776
2013.03.26 01:09:20.423,0.84759,0.84772
2013.03.26 01:09:20.565,0.84758,0.84772
2013.03.26 01:09:21.579,0.84758,0.84772
2013.03.26 01:09:22.213,0.84756,0.84772
2013.03.26 01:09:22.802,0.84756,0.84772
2013.03.26 01:09:22.934,0.84754,0.8477
2013.03.26 01:09:23.182,0.84757,0.84771
2013.03.26 01:09:23.712,0.84754,0.84771
2013.03.26 01:09:24.041,0.84757,0.84772
2013.03.26 01:09:24.461,0.84757,0.84773
2013.03.26 01:09:25.163,0.84757,0.84773
2013.03.26 01:09:28.781,0.84757,0.84772
2013.03.26 01:09:30.664,0.84758,0.84771
2013.03.26 01:09:52.162,0.84759,0.84774
2013.03.26 01:09:54.608,0.84762,0.84777
2013.03.26 01:09:55.042,0.84762,0.84777
2013.03.26 01:09:58.853,0.84763,0.84777
2013.03.26 01:09:59.402,0.84762,0.84778
2013.03.26 01:10:02.362,0.84765,0.84778
2013.03.26 01:10:02.603,0.84764,0.84778
2013.03.26 01:10:02.854,0.84762,0.84775
2013.03.26 01:10:03.417,0.84761,0.84775
2013.03.26 01:10:03.734,0.8476,0.84773
2013.03.26 01:10:04.657,0.8476,0.84775
2013.03.26 01:10:05.022,0.84757,0.84773
2013.03.26 01:10:05.564,0.84757,0.84772
2013.03.26 01:10:05.812,0.84758,0.84772
2013.03.26 01:10:08.792,0.84757,0.84773
2013.03.26 01:10:10.691,0.84757,0.84773
2013.03.26 01:10:10.931,0.84757,0.84773
2013.03.26 01:10:16.632,0.84758,0.84772
2013.03.26 01:10:17.502,0.84757,0.84772
2013.03.26 01:10:19.503,0.84757,0.84771
2013.03.26 01:10:23.942,0.84758,0.84771
2013.03.26 01:10:24.203,0.84759,0.84774
2013.03.26 01:10:24.632,0.84761,0.84773
2013.03.26 01:10:25.074,0.84762,0.84777
2013.03.26 01:10:25.502,0.84763,0.84777
2013.03.26 01:10:27.172,0.84763,0.84777
2013.03.26 01:10:34.105,0.84763,0.84777
2013.03.26 01:10:40.493,0.84764,0.84777
2013.03.26 01:10:41.042,0.84764,0.84777
2013.03.26 01:10:41.605,0.84764,0.84777
2013.03.26 01:10:45.621,0.84762,0.84778
2013.03.26 01:10:45.877,0.84768,0.84781
2013.03.26 01:10:46.084,0.8477,0.84783
2013.03.26 01:10:46.333,0.8477,0.84784
2013.03.26 01:10:46.892,0.84771,0.84784
2013.03.26 01:10:47.445,0.84772,0.84785
2013.03.26 01:10:48.192,0.84772,0.84785
2013.03.26 01:10:48.463,0.84774,0.84787
2013.03.26 01:10:48.594,0.84778,0.84791
2013.03.26 01:10:49.152,0.84779,0.84791
2013.03.26 01:10:49.343,0.84779,0.84791
2013.03.26 01:10:49.602,0.84774,0.84789
2013.03.26 01:10:49.674,0.84774,0.84789
2013.03.26 01:10:50.001,0.84773,0.84785
2013.03.26 01:10:50.242,0.84771,0.84785
2013.03.26 01:10:51.478,0.8477,0.84785
2013.03.26 01:10:51.545,0.8477,0.84785
2013.03.26 01:10:51.862,0.84773,0.84786
2013.03.26 01:10:51.993,0.84773,0.84788
2013.03.26 01:10:52.313,0.84772,0.84788
2013.03.26 01:10:52.573,0.84776,0.84789
2013.03.26 01:10:52.643,0.84776,0.84789
2013.03.26 01:10:52.833,0.84777,0.84792
2013.03.26 01:10:52.902,0.84779,0.84792
2013.03.26 01:10:54.295,0.84777,0.84792
2013.03.26 01:10:54.841,0.84779,0.84792
2013.03.26 01:10:55.473,0.84779,0.84792
2013.03.26 01:10:56.083,0.84779,0.84792
2013.03.26 01:11:03.968,0.84779,0.84794
2013.03.26 01:11:04.037,0.84781,0.84794
2013.03.26 01:11:04.592,0.84782,0.84796
2013.03.26 01:11:05.012,0.84782,0.84794
2013.03.26 01:11:06.662,0.84781,0.84796
2013.03.26 01:11:07.563,0.84782,0.84797
2013.03.26 01:11:08.053,0.8478,0.84794
2013.03.26 01:11:08.661,0.84778,0.84793
2013.03.26 01:11:09.143,0.84777,0.84792
2013.03.26 01:11:10.682,0.84776,0.84791
2013.03.26 01:11:10.944,0.84776,0.8479
2013.03.26 01:11:11.073,0.84772,0.84786
2013.03.26 01:11:11.272,0.84771,0.84785
2013.03.26 01:11:11.823,0.84769,0.84785
2013.03.26 01:11:12.694,0.8477,0.84785
2013.03.26 01:11:18.452,0.84772,0.84785
2013.03.26 01:11:23.763,0.84771,0.84785
2013.03.26 01:11:24.692,0.84771,0.84785
2013.03.26 01:12:01.422,0.84772,0.84787
2013.03.26 01:12:01.923,0.84772,0.84787
2013.03.26 01:12:12.242,0.84769,0.84785
2013.03.26 01:12:12.434,0.84767,0.84782
2013.03.26 01:12:12.562,0.84765,0.8478
2013.03.26 01:12:13.063,0.84763,0.84778
2013.03.26 01:12:13.132,0.84763,0.84777
2013.03.26 01:12:14.989,0.8476,0.84776
2013.03.26 01:12:15.115,0.8476,0.84776
2013.03.26 01:12:15.303,0.84758,0.84774
2013.03.26 01:12:15.792,0.84758,0.84772
2013.03.26 01:12:16.107,0.84763,0.84776
2013.03.26 01:12:16.174,0.84763,0.84777
2013.03.26 01:12:16.723,0.84763,0.84777
2013.03.26 01:12:16.796,0.84763,0.84776
2013.03.26 01:12:21.825,0.84765,0.84779
2013.03.26 01:12:22.386,0.84765,0.84779
2013.03.26 01:12:23.632,0.84764,0.84779
2013.03.26 01:12:27.605,0.84764,0.84779
2013.03.26 01:12:28.461,0.84764,0.84779
2013.03.26 01:12:34.393,0.84764,0.84779
2013.03.26 01:12:38.393,0.84764,0.84779
2013.03.26 01:12:38.969,0.84764,0.84777
2013.03.26 01:12:42.562,0.84763,0.84779
2013.03.26 01:12:46.413,0.84765,0.84779
2013.03.26 01:12:47.004,0.84765,0.84779
2013.03.26 01:12:53.002,0.84765,0.84781
2013.03.26 01:12:53.242,0.84766,0.84784
2013.03.26 01:12:53.364,0.84769,0.84785
2013.03.26 01:12:53.684,0.8477,0.84785
2013.03.26 01:12:54.122,0.8477,0.84784
2013.03.26 01:12:54.911,0.84767,0.8478
2013.03.26 01:12:55.032,0.84767,0.84781
2013.03.26 01:12:55.335,0.8477,0.84784
2013.03.26 01:12:55.406,0.8477,0.84784
2013.03.26 01:12:55.952,0.84771,0.84784
2013.03.26 01:12:56.072,0.84771,0.84784
2013.03.26 01:13:03.729,0.84769,0.84785
2013.03.26 01:13:03.973,0.84768,0.84783
2013.03.26 01:13:04.284,0.84767,0.84782
2013.03.26 01:13:04.773,0.84767,0.84781
2013.03.26 01:13:06.757,0.84767,0.84781
2013.03.26 01:13:08.149,0.84767,0.84781
2013.03.26 01:13:08.301,0.84768,0.84781
2013.03.26 01:13:08.802,0.84767,0.84781
2013.03.26 01:13:09.312,0.84764,0.84779
2013.03.26 01:13:12.052,0.84763,0.84778
2013.03.26 01:13:14.013,0.84763,0.84777
2013.03.26 01:13:14.192,0.84763,0.84777
2013.03.26 01:13:15.191,0.84763,0.8478
2013.03.26 01:13:15.434,0.84763,0.8478
2013.03.26 01:13:15.501,0.84763,0.84779
2013.03.26 01:13:16.422,0.84765,0.8478
2013.03.26 01:13:16.963,0.84768,0.84783
2013.03.26 01:13:17.293,0.84768,0.84784
2013.03.26 01:13:17.363,0.84769,0.84784
2013.03.26 01:13:17.574,0.84769,0.84785
2013.03.26 01:13:17.834,0.8477,0.84786
2013.03.26 01:13:18.082,0.8477,0.84786
2013.03.26 01:13:18.142,0.8477,0.84786
2013.03.26 01:13:24.572,0.84772,0.84786
2013.03.26 01:13:24.774,0.84774,0.84788
2013.03.26 01:13:25.024,0.84774,0.84789
2013.03.26 01:13:26.156,0.84777,0.8479
2013.03.26 01:13:26.472,0.84777,0.8479
2013.03.26 01:13:27.233,0.84777,0.8479
2013.03.26 01:13:29.964,0.84775,0.84789
2013.03.26 01:13:30.097,0.84775,0.84789
2013.03.26 01:13:30.227,0.84773,0.84788
2013.03.26 01:13:30.783,0.84772,0.84786
2013.03.26 01:13:31.697,0.84771,0.84786
2013.03.26 01:13:32.485,0.84771,0.84786
2013.03.26 01:13:33.302,0.84771,0.84785
2013.03.26 01:13:36.541,0.8477,0.84785
2013.03.26 01:13:36.800,0.8477,0.84785
2013.03.26 01:13:37.343,0.84771,0.84784
2013.03.26 01:13:39.004,0.8477,0.84784
2013.03.26 01:13:40.482,0.84768,0.84783
2013.03.26 01:13:40.542,0.84768,0.84783
2013.03.26 01:13:40.674,0.84768,0.84783
2013.03.26 01:13:40.983,0.84765,0.8478
2013.03.26 01:13:41.117,0.84765,0.84779
2013.03.26 01:13:41.487,0.84765,0.84783
2013.03.26 01:13:41.874,0.84768,0.84784
2013.03.26 01:13:42.063,0.8477,0.84785
2013.03.26 01:13:42.615,0.84771,0.84785
2013.03.26 01:13:54.683,0.8477,0.84785
2013.03.26 01:14:01.194,0.84769,0.84784
2013.03.26 01:14:01.863,0.84769,0.84784
2013.03.26 01:14:05.173,0.84768,0.84783
2013.03.26 01:14:05.494,0.84768,0.84782
2013.03.26 01:14:05.752,0.84768,0.84781
2013.03.26 01:14:05.935,0.84766,0.84779
2013.03.26 01:14:06.143,0.84766,0.84779
2013.03.26 01:14:07.032,0.84766,0.84781
2013.03.26 01:14:07.572,0.84766,0.84781
2013.03.26 01:14:08.002,0.84767,0.84781
2013.03.26 01:14:08.553,0.84766,0.84781
2013.03.26 01:14:09.054,0.84768,0.84784
2013.03.26 01:14:13.113,0.84768,0.84784
2013.03.26 01:14:13.423,0.84768,0.84782
2013.03.26 01:14:13.684,0.84768,0.84781
2013.03.26 01:14:14.742,0.84769,0.84782
2013.03.26 01:14:15.782,0.84768,0.84783
2013.03.26 01:14:16.373,0.84767,0.8478
2013.03.26 01:14:16.892,0.84767,0.8478
2013.03.26 01:14:17.435,0.84769,0.84783
2013.03.26 01:14:17.563,0.8477,0.84784
2013.03.26 01:14:17.872,0.8477,0.84783
2013.03.26 01:14:18.623,0.84769,0.84783
2013.03.26 01:14:19.173,0.84767,0.84783
2013.03.26 01:14:19.694,0.84768,0.84783
2013.03.26 01:14:26.042,0.84767,0.8478
2013.03.26 01:14:26.661,0.84769,0.84782
2013.03.26 01:14:27.177,0.84771,0.84783
2013.03.26 01:14:30.232,0.84771,0.84783
2013.03.26 01:14:33.632,0.8477,0.84783
2013.03.26 01:14:38.107,0.84771,0.84783
2013.03.26 01:14:38.793,0.8477,0.84783
2013.03.26 01:14:39.432,0.84771,0.84783
2013.03.26 01:14:39.969,0.84771,0.84783
2013.03.26 01:14:47.582,0.8477,0.84783
2013.03.26 01:14:47.822,0.84769,0.84782
2013.03.26 01:14:48.323,0.84769,0.84783
2013.03.26 01:14:55.975,0.84769,0.8478
2013.03.26 01:14:56.507,0.84764,0.84778
2013.03.26 01:14:56.578,0.84764,0.84778
2013.03.26 01:14:56.963,0.84764,0.84778
2013.03.26 01:15:00.122,0.84764,0.84779
2013.03.26 01:15:00.242,0.84764,0.84779
2013.03.26 01:15:00.565,0.84764,0.84779
2013.03.26 01:15:01.474,0.84764,0.84779
2013.03.26 01:15:12.202,0.84764,0.84775
2013.03.26 01:15:14.101,0.84763,0.84777
2013.03.26 01:15:30.031,0.84764,0.84778
2013.03.26 01:15:30.597,0.84765,0.84778
2013.03.26 01:15:35.453,0.84763,0.84777
2013.03.26 01:15:36.002,0.8476,0.84774
2013.03.26 01:15:36.522,0.84761,0.84774
2013.03.26 01:15:41.393,0.8476,0.84773
2013.03.26 01:15:41.512,0.84759,0.84771
2013.03.26 01:15:50.550,0.84759,0.84771
2013.03.26 01:15:58.142,0.84759,0.8477
2013.03.26 01:16:02.104,0.84758,0.8477
2013.03.26 01:16:03.442,0.84758,0.84769
2013.03.26 01:16:03.755,0.84757,0.84768
2013.03.26 01:16:03.826,0.84754,0.84768
2013.03.26 01:16:04.213,0.84754,0.84767
2013.03.26 01:16:04.342,0.84755,0.84767
2013.03.26 01:16:04.885,0.84755,0.84766
2013.03.26 01:16:05.671,0.84755,0.84765
2013.03.26 01:16:06.222,0.84755,0.84767
2013.03.26 01:16:07.246,0.84755,0.8477
2013.03.26 01:16:08.064,0.84755,0.84767
2013.03.26 01:16:08.612,0.84755,0.84766
2013.03.26 01:16:09.162,0.84753,0.84765
2013.03.26 01:16:14.352,0.84753,0.84764
2013.03.26 01:16:14.485,0.84752,0.84764
2013.03.26 01:16:14.554,0.84751,0.84764
2013.03.26 01:16:15.102,0.84754,0.84763
2013.03.26 01:16:17.034,0.84749,0.84764
2013.03.26 01:16:17.584,0.84751,0.84765
2013.03.26 01:16:20.495,0.84751,0.84766
2013.03.26 01:16:20.568,0.84751,0.84766
2013.03.26 01:16:21.122,0.84749,0.84764
2013.03.26 01:16:21.523,0.8475,0.84764
2013.03.26 01:16:23.633,0.84749,0.84763
2013.03.26 01:16:23.703,0.84747,0.84763
2013.03.26 01:16:23.893,0.84746,0.84763
2013.03.26 01:16:24.680,0.84746,0.84763
2013.03.26 01:16:25.235,0.84746,0.84763
2013.03.26 01:16:38.155,0.84747,0.84763
2013.03.26 01:16:38.703,0.84748,0.84765
2013.03.26 01:16:40.564,0.84748,0.84764
2013.03.26 01:16:41.004,0.84749,0.84765
2013.03.26 01:16:41.324,0.8475,0.84766
2013.03.26 01:16:42.396,0.84751,0.84766
2013.03.26 01:16:42.955,0.8475,0.84764
2013.03.26 01:16:43.512,0.8475,0.84764
2013.03.26 01:16:46.782,0.84748,0.84763
2013.03.26 01:16:46.962,0.84747,0.84763
2013.03.26 01:16:47.503,0.84747,0.84763
2013.03.26 01:16:49.064,0.84748,0.84762
2013.03.26 01:16:49.204,0.84748,0.84763
2013.03.26 01:16:49.522,0.84747,0.84762
