Time,Bid,Ask
2013.03.07 00:00:01.928,0.86541,0.86555
2013.03.07 00:00:02.449,0.86538,0.86555
2013.03.07 00:00:02.999,0.86538,0.86556
2013.03.07 00:00:04.018,0.8654,0.86556
2013.03.07 00:00:04.137,0.86537,0.86555
2013.03.07 00:00:04.691,0.86538,0.86553
2013.03.07 00:00:05.218,0.86537,0.86553
2013.03.07 00:00:05.928,0.86538,0.86553
2013.03.07 00:00:15.687,0.86537,0.86554
2013.03.07 00:00:16.228,0.86538,0.86554
2013.03.07 00:00:19.191,0.86537,0.86553
2013.03.07 00:00:19.410,0.86538,0.86553
2013.03.07 00:00:22.748,0.86538,0.86553
2013.03.07 00:00:23.607,0.86538,0.86553
2013.03.07 00:00:24.409,0.86538,0.86553
2013.03.07 00:00:24.528,0.86537,0.86553
2013.03.07 00:00:25.489,0.86537,0.86551
2013.03.07 00:00:27.968,0.86538,0.86551
2013.03.07 00:00:31.568,0.86535,0.86551
2013.03.07 00:00:31.928,0.86538,0.86552
2013.03.07 00:00:32.438,0.86539,0.86552
2013.03.07 00:00:32.797,0.86537,0.86553
2013.03.07 00:00:35.499,0.86537,0.86553
2013.03.07 00:00:36.019,0.86537,0.8655
2013.03.07 00:00:36.199,0.86534,0.8655
2013.03.07 00:00:36.381,0.86534,0.8655
2013.03.07 00:00:36.630,0.86534,0.8655
2013.03.07 00:00:37.539,0.86535,0.86547
2013.03.07 00:00:37.841,0.86535,0.86547
2013.03.07 00:00:37.969,0.86532,0.86547
2013.03.07 00:00:38.884,0.8653,0.86547
2013.03.07 00:00:39.843,0.8653,0.86547
2013.03.07 00:00:40.211,0.86531,0.86547
2013.03.07 00:00:47.416,0.86531,0.86549
2013.03.07 00:00:53.029,0.86531,0.86546
2013.03.07 00:00:53.700,0.86531,0.86546
2013.03.07 00:00:55.550,0.86529,0.86544
2013.03.07 00:00:58.113,0.86529,0.86545
2013.03.07 00:00:58.421,0.8653,0.86545
2013.03.07 00:00:58.491,0.86528,0.86545
2013.03.07 00:00:59.009,0.86531,0.86545
2013.03.07 00:00:59.130,0.86529,0.86542
2013.03.07 00:00:59.189,0.86527,0.86542
2013.03.07 00:00:59.958,0.86526,0.86545
2013.03.07 00:01:00.627,0.86526,0.86545
2013.03.07 00:01:00.991,0.86526,0.86544
2013.03.07 00:01:01.721,0.86525,0.86543
2013.03.07 00:01:02.372,0.86525,0.86542
2013.03.07 00:01:03.431,0.86525,0.86542
2013.03.07 00:01:03.500,0.86524,0.86542
2013.03.07 00:01:04.050,0.86521,0.8654
2013.03.07 00:01:04.622,0.86522,0.8654
2013.03.07 00:01:05.253,0.86524,0.86541
2013.03.07 00:01:05.380,0.86526,0.86544
2013.03.07 00:01:05.919,0.86525,0.86545
2013.03.07 00:01:06.460,0.86525,0.86544
2013.03.07 00:01:06.760,0.86525,0.86543
2013.03.07 00:01:06.960,0.86522,0.86539
2013.03.07 00:01:07.330,0.86522,0.86537
2013.03.07 00:01:07.639,0.86518,0.86534
2013.03.07 00:01:07.770,0.86516,0.86534
2013.03.07 00:01:07.970,0.86517,0.86535
2013.03.07 00:01:08.212,0.86517,0.86534
2013.03.07 00:01:08.760,0.86517,0.86534
2013.03.07 00:01:09.193,0.86519,0.86534
2013.03.07 00:01:09.379,0.86519,0.86538
2013.03.07 00:01:09.559,0.86521,0.86538
2013.03.07 00:01:10.155,0.86527,0.86544
2013.03.07 00:01:10.520,0.86527,0.86544
2013.03.07 00:01:10.640,0.86527,0.86544
2013.03.07 00:01:10.760,0.86527,0.86545
2013.03.07 00:01:10.889,0.86527,0.86545
2013.03.07 00:01:11.430,0.86529,0.86547
2013.03.07 00:01:13.829,0.86529,0.86547
2013.03.07 00:01:17.599,0.86528,0.86547
2013.03.07 00:01:18.185,0.86526,0.86545
2013.03.07 00:01:18.260,0.86525,0.86545
2013.03.07 00:01:18.690,0.86526,0.86545
2013.03.07 00:01:19.350,0.86525,0.86545
2013.03.07 00:01:20.249,0.86531,0.86547
2013.03.07 00:01:20.759,0.86532,0.86548
2013.03.07 00:01:20.939,0.8653,0.86548
2013.03.07 00:01:24.470,0.86531,0.86548
2013.03.07 00:01:24.990,0.86532,0.86548
2013.03.07 00:01:25.199,0.8653,0.86548
2013.03.07 00:01:25.379,0.86532,0.86548
2013.03.07 00:01:25.760,0.8653,0.86548
2013.03.07 00:01:25.949,0.86532,0.86548
2013.03.07 00:01:26.199,0.8653,0.86548
2013.03.07 00:01:26.361,0.86532,0.86548
2013.03.07 00:01:26.778,0.86528,0.8654
2013.03.07 00:01:27.319,0.86528,0.86547
2013.03.07 00:01:27.619,0.86531,0.86548
2013.03.07 00:01:28.159,0.86531,0.86549
2013.03.07 00:01:31.649,0.86531,0.86548
2013.03.07 00:01:32.953,0.86531,0.86549
2013.03.07 00:01:33.698,0.86531,0.86549
2013.03.07 00:01:33.999,0.86531,0.86547
2013.03.07 00:01:35.109,0.86525,0.86545
2013.03.07 00:01:40.410,0.86525,0.86545
2013.03.07 00:01:59.999,0.86527,0.86546
2013.03.07 00:02:01.179,0.86525,0.86545
2013.03.07 00:02:05.999,0.86525,0.86544
2013.03.07 00:02:31.382,0.86525,0.86545
2013.03.07 00:02:31.932,0.86528,0.86546
2013.03.07 00:02:32.534,0.86529,0.86549
2013.03.07 00:02:33.079,0.86532,0.86548
2013.03.07 00:02:33.569,0.86532,0.86548
2013.03.07 00:02:33.930,0.8653,0.86545
2013.03.07 00:02:34.410,0.8653,0.86545
2013.03.07 00:02:34.470,0.86528,0.86545
2013.03.07 00:02:34.711,0.86529,0.86545
2013.03.07 00:02:35.739,0.86531,0.86544
2013.03.07 00:02:39.409,0.86529,0.86544
2013.03.07 00:02:39.950,0.8653,0.86544
2013.03.07 00:02:40.660,0.8653,0.86544
2013.03.07 00:02:41.660,0.86529,0.86544
2013.03.07 00:02:49.581,0.86529,0.86544
2013.03.07 00:02:49.649,0.8653,0.86544
2013.03.07 00:02:51.219,0.8653,0.86544
2013.03.07 00:02:53.118,0.86531,0.86544
2013.03.07 00:03:03.198,0.86531,0.86544
2013.03.07 00:03:03.897,0.86531,0.86544
2013.03.07 00:03:04.299,0.86529,0.86544
2013.03.07 00:03:04.812,0.86531,0.86544
2013.03.07 00:03:05.318,0.8653,0.86544
2013.03.07 00:03:07.041,0.86531,0.86544
2013.03.07 00:03:07.624,0.86529,0.86544
2013.03.07 00:03:08.389,0.8653,0.86544
2013.03.07 00:03:08.980,0.86529,0.86544
2013.03.07 00:03:09.642,0.8653,0.86544
2013.03.07 00:03:09.829,0.86529,0.86544
2013.03.07 00:03:09.950,0.8653,0.86544
2013.03.07 00:03:10.250,0.86528,0.86543
2013.03.07 00:03:10.369,0.86528,0.86545
2013.03.07 00:03:10.609,0.86528,0.86544
2013.03.07 00:03:11.449,0.8653,0.86544
2013.03.07 00:03:14.719,0.86529,0.86544
2013.03.07 00:03:14.899,0.86529,0.86544
2013.03.07 00:03:17.429,0.86529,0.86547
2013.03.07 00:03:17.550,0.8653,0.86549
2013.03.07 00:03:17.611,0.86531,0.86548
2013.03.07 00:03:17.919,0.86531,0.86544
2013.03.07 00:03:18.830,0.8653,0.86544
2013.03.07 00:03:21.949,0.8653,0.86544
2013.03.07 00:03:22.189,0.86531,0.86544
2013.03.07 00:03:22.428,0.8653,0.86544
2013.03.07 00:03:22.620,0.86531,0.86544
2013.03.07 00:03:22.980,0.86531,0.86548
2013.03.07 00:03:25.699,0.86531,0.86545
2013.03.07 00:03:31.189,0.86531,0.86545
2013.03.07 00:03:31.430,0.86531,0.86544
2013.03.07 00:03:35.379,0.8653,0.86544
2013.03.07 00:03:56.150,0.8653,0.86544
2013.03.07 00:03:56.669,0.8653,0.86544
2013.03.07 00:03:57.090,0.86533,0.86548
2013.03.07 00:03:58.439,0.86534,0.86548
2013.03.07 00:03:58.904,0.86534,0.86549
2013.03.07 00:03:58.974,0.86535,0.86554
2013.03.07 00:03:59.100,0.86535,0.86555
2013.03.07 00:03:59.411,0.86535,0.86554
2013.03.07 00:04:00.109,0.86534,0.86553
2013.03.07 00:04:24.220,0.86533,0.86553
2013.03.07 00:04:30.030,0.86533,0.86553
2013.03.07 00:04:30.090,0.86533,0.86552
2013.03.07 00:04:30.440,0.86532,0.86546
2013.03.07 00:04:31.680,0.8653,0.86546
2013.03.07 00:04:33.129,0.8653,0.86545
2013.03.07 00:04:35.538,0.8653,0.86546
2013.03.07 00:04:37.470,0.86533,0.86549
2013.03.07 00:04:38.031,0.86535,0.86549
2013.03.07 00:04:39.709,0.86535,0.86549
2013.03.07 00:04:42.400,0.86535,0.86549
2013.03.07 00:04:43.032,0.86535,0.86549
2013.03.07 00:04:43.160,0.86537,0.86549
2013.03.07 00:04:43.282,0.86537,0.86554
2013.03.07 00:04:43.351,0.86538,0.86558
2013.03.07 00:04:44.489,0.86541,0.86559
2013.03.07 00:04:46.200,0.86542,0.86562
2013.03.07 00:04:46.749,0.86545,0.86565
2013.03.07 00:04:47.050,0.86545,0.86565
2013.03.07 00:04:47.410,0.86547,0.86566
2013.03.07 00:04:47.590,0.86547,0.86565
2013.03.07 00:04:50.140,0.86544,0.86564
2013.03.07 00:04:53.200,0.86546,0.86566
2013.03.07 00:04:59.250,0.86546,0.86566
2013.03.07 00:05:01.860,0.86547,0.86566
2013.03.07 00:05:02.220,0.86555,0.86569
2013.03.07 00:05:02.760,0.8655,0.86569
2013.03.07 00:05:02.940,0.86552,0.86569
2013.03.07 00:05:04.101,0.86552,0.86571
2013.03.07 00:05:14.019,0.8655,0.86569
2013.03.07 00:05:23.560,0.8655,0.86569
2013.03.07 00:05:24.350,0.86552,0.8657
2013.03.07 00:05:28.086,0.86552,0.8657
2013.03.07 00:05:28.780,0.86552,0.8657
2013.03.07 00:05:28.901,0.86552,0.86569
2013.03.07 00:05:28.962,0.86548,0.86568
2013.03.07 00:05:29.509,0.8655,0.8657
2013.03.07 00:05:37.441,0.8655,0.86569
2013.03.07 00:06:01.440,0.8655,0.86568
2013.03.07 00:06:01.619,0.8655,0.86568
2013.03.07 00:06:01.920,0.86546,0.86566
2013.03.07 00:06:02.459,0.86547,0.86566
2013.03.07 00:06:13.470,0.86546,0.86563
2013.03.07 00:06:13.649,0.86545,0.86562
2013.03.07 00:06:13.711,0.86546,0.86563
2013.03.07 00:06:15.676,0.86548,0.86564
2013.03.07 00:06:37.301,0.86548,0.86564
2013.03.07 00:06:37.610,0.8655,0.86566
2013.03.07 00:06:38.351,0.8655,0.86566
2013.03.07 00:06:38.657,0.86551,0.86568
2013.03.07 00:06:42.269,0.86551,0.86569
2013.03.07 00:06:42.570,0.86551,0.86569
2013.03.07 00:06:43.159,0.86552,0.86568
2013.03.07 00:06:44.531,0.86551,0.86569
2013.03.07 00:06:45.710,0.86555,0.86571
2013.03.07 00:06:46.058,0.86555,0.86571
2013.03.07 00:06:46.132,0.86552,0.86569
2013.03.07 00:06:48.170,0.86551,0.86569
2013.03.07 00:06:48.230,0.86554,0.86572
2013.03.07 00:06:48.421,0.86553,0.8657
2013.03.07 00:06:48.489,0.86552,0.86569
2013.03.07 00:06:48.550,0.86552,0.86569
2013.03.07 00:06:48.729,0.86551,0.86569
2013.03.07 00:06:49.161,0.86551,0.86569
2013.03.07 00:06:49.650,0.86555,0.8657
2013.03.07 00:06:49.709,0.86556,0.86571
2013.03.07 00:06:49.949,0.86555,0.86572
2013.03.07 00:06:50.011,0.86553,0.8657
2013.03.07 00:06:50.379,0.86553,0.8657
2013.03.07 00:06:50.920,0.86554,0.8657
2013.03.07 00:06:51.460,0.86554,0.86572
2013.03.07 00:07:09.630,0.86554,0.86571
2013.03.07 00:07:15.589,0.86554,0.86572
2013.03.07 00:07:22.450,0.86554,0.86572
2013.03.07 00:07:30.961,0.86554,0.86572
2013.03.07 00:07:31.089,0.86554,0.86572
2013.03.07 00:07:31.597,0.86554,0.86573
2013.03.07 00:07:32.329,0.86555,0.86572
2013.03.07 00:07:35.329,0.86555,0.86572
2013.03.07 00:07:35.509,0.86553,0.86573
2013.03.07 00:07:39.469,0.86554,0.86573
2013.03.07 00:07:39.589,0.86554,0.86573
2013.03.07 00:07:39.890,0.86555,0.86574
2013.03.07 00:07:41.650,0.86558,0.86574
2013.03.07 00:07:41.831,0.86561,0.86577
2013.03.07 00:07:42.129,0.86561,0.86579
2013.03.07 00:07:42.670,0.86561,0.86579
2013.03.07 00:07:42.731,0.86566,0.86583
2013.03.07 00:07:43.232,0.86562,0.86583
2013.03.07 00:07:46.311,0.86563,0.86584
2013.03.07 00:07:47.199,0.86562,0.86584
2013.03.07 00:07:52.529,0.86563,0.86583
2013.03.07 00:07:53.101,0.86563,0.86583
2013.03.07 00:07:59.250,0.86564,0.86582
2013.03.07 00:07:59.490,0.86565,0.86585
2013.03.07 00:08:02.889,0.86567,0.86585
2013.03.07 00:08:03.251,0.86571,0.86586
2013.03.07 00:08:04.210,0.86572,0.86588
2013.03.07 00:08:04.410,0.86572,0.86584
2013.03.07 00:08:04.471,0.86571,0.86584
2013.03.07 00:08:05.020,0.86572,0.86584
2013.03.07 00:08:17.927,0.86571,0.86585
2013.03.07 00:08:17.991,0.86568,0.86585
2013.03.07 00:08:18.060,0.86567,0.86584
2013.03.07 00:08:18.310,0.86562,0.86582
2013.03.07 00:08:19.150,0.86562,0.86582
2013.03.07 00:08:19.390,0.86566,0.86584
2013.03.07 00:08:19.950,0.86567,0.86584
2013.03.07 00:08:26.452,0.86564,0.86584
2013.03.07 00:08:26.998,0.86562,0.86582
2013.03.07 00:08:29.838,0.86562,0.86581
2013.03.07 00:08:31.789,0.86562,0.86579
2013.03.07 00:08:34.739,0.86561,0.86579
2013.03.07 00:08:34.859,0.86561,0.86579
2013.03.07 00:08:38.364,0.86562,0.86582
2013.03.07 00:08:38.491,0.86562,0.86582
2013.03.07 00:08:38.792,0.86568,0.86582
2013.03.07 00:08:39.042,0.86565,0.86581
2013.03.07 00:08:39.230,0.86566,0.86583
2013.03.07 00:08:39.471,0.86568,0.86584
2013.03.07 00:08:40.221,0.86569,0.86584
2013.03.07 00:08:42.481,0.86571,0.86587
2013.03.07 00:08:42.610,0.8657,0.86586
2013.03.07 00:08:44.233,0.86573,0.86587
2013.03.07 00:08:44.430,0.86573,0.86587
2013.03.07 00:08:44.911,0.86572,0.86587
2013.03.07 00:08:45.493,0.86572,0.86587
2013.03.07 00:08:46.077,0.86574,0.86587
2013.03.07 00:08:46.590,0.86573,0.86587
2013.03.07 00:08:47.101,0.86572,0.86587
2013.03.07 00:08:52.690,0.86572,0.86587
2013.03.07 00:08:53.006,0.86574,0.86587
2013.03.07 00:08:53.309,0.86575,0.86587
2013.03.07 00:08:54.030,0.86576,0.86587
2013.03.07 00:08:55.888,0.86575,0.86587
2013.03.07 00:08:55.950,0.86576,0.86589
2013.03.07 00:08:56.129,0.86576,0.86589
2013.03.07 00:08:56.680,0.86575,0.86587
2013.03.07 00:08:58.070,0.86575,0.86587
2013.03.07 00:08:58.590,0.86576,0.86587
2013.03.07 00:09:00.200,0.86575,0.86587
2013.03.07 00:09:00.759,0.86573,0.86588
2013.03.07 00:09:00.999,0.86576,0.86588
2013.03.07 00:09:02.250,0.86576,0.86588
2013.03.07 00:09:03.127,0.86576,0.86588
2013.03.07 00:09:04.600,0.86576,0.86588
2013.03.07 00:09:05.880,0.86576,0.86588
2013.03.07 00:09:06.631,0.86575,0.86588
2013.03.07 00:09:07.748,0.86576,0.86588
2013.03.07 00:09:08.298,0.86575,0.86588
2013.03.07 00:09:09.739,0.86576,0.86588
2013.03.07 00:09:10.070,0.86575,0.86588
2013.03.07 00:09:11.045,0.86576,0.86588
2013.03.07 00:09:11.172,0.86579,0.86589
2013.03.07 00:09:11.480,0.86579,0.86587
2013.03.07 00:09:11.543,0.86579,0.86592
2013.03.07 00:09:11.611,0.86579,0.86595
2013.03.07 00:09:11.681,0.86581,0.86595
2013.03.07 00:09:12.180,0.86585,0.86598
2013.03.07 00:09:12.360,0.86585,0.86598
2013.03.07 00:09:12.539,0.86582,0.86598
2013.03.07 00:09:12.721,0.86584,0.86598
2013.03.07 00:09:16.739,0.86584,0.86602
2013.03.07 00:09:20.720,0.86583,0.86599
2013.03.07 00:09:20.850,0.86581,0.86599
2013.03.07 00:09:21.810,0.86579,0.86597
2013.03.07 00:09:21.939,0.86578,0.86596
2013.03.07 00:09:22.060,0.86578,0.86596
2013.03.07 00:09:22.419,0.8658,0.86598
2013.03.07 00:09:22.539,0.8658,0.86598
2013.03.07 00:09:24.529,0.86585,0.866
2013.03.07 00:09:24.650,0.86585,0.86597
2013.03.07 00:09:24.711,0.8658,0.86595
2013.03.07 00:09:25.080,0.86578,0.86596
2013.03.07 00:09:25.140,0.86578,0.86596
2013.03.07 00:09:27.069,0.86578,0.86596
2013.03.07 00:09:27.370,0.86578,0.86596
2013.03.07 00:09:30.140,0.8658,0.86598
2013.03.07 00:09:30.690,0.86585,0.86602
2013.03.07 00:09:30.989,0.86584,0.86601
2013.03.07 00:09:33.359,0.86584,0.86602
2013.03.07 00:09:44.909,0.86584,0.86602
2013.03.07 00:09:46.710,0.86585,0.86601
2013.03.07 00:09:49.830,0.86585,0.86601
2013.03.07 00:09:49.891,0.86582,0.86595
2013.03.07 00:09:50.022,0.86582,0.86597
2013.03.07 00:09:50.270,0.86579,0.86597
2013.03.07 00:09:50.571,0.86583,0.86598
2013.03.07 00:09:51.130,0.86586,0.866
2013.03.07 00:09:51.551,0.86584,0.866
2013.03.07 00:09:52.232,0.86585,0.866
2013.03.07 00:09:52.360,0.86582,0.86598
2013.03.07 00:09:52.430,0.8658,0.86597
2013.03.07 00:09:52.974,0.86578,0.86596
2013.03.07 00:09:53.040,0.86578,0.86597
2013.03.07 00:09:53.291,0.86581,0.86597
2013.03.07 00:09:53.800,0.86582,0.86597
2013.03.07 00:09:54.433,0.86581,0.86594
2013.03.07 00:09:54.501,0.86572,0.86592
2013.03.07 00:09:55.480,0.86575,0.8659
2013.03.07 00:09:56.580,0.86575,0.8659
2013.03.07 00:09:57.201,0.86574,0.86589
2013.03.07 00:10:00.440,0.86574,0.86589
2013.03.07 00:10:05.558,0.86574,0.86587
2013.03.07 00:10:12.099,0.86574,0.86589
2013.03.07 00:10:13.631,0.86575,0.86589
2013.03.07 00:10:14.907,0.86575,0.86589
2013.03.07 00:10:16.160,0.86574,0.86589
2013.03.07 00:10:16.998,0.86574,0.86589
2013.03.07 00:10:23.205,0.86571,0.86586
2013.03.07 00:10:26.621,0.86571,0.86585
2013.03.07 00:10:26.692,0.86568,0.86585
2013.03.07 00:10:26.760,0.86568,0.86585
2013.03.07 00:10:27.420,0.86565,0.86583
2013.03.07 00:10:29.570,0.86565,0.86583
2013.03.07 00:10:29.631,0.86565,0.86583
2013.03.07 00:10:30.483,0.86565,0.86583
2013.03.07 00:10:31.031,0.86568,0.86586
2013.03.07 00:10:31.150,0.86568,0.86587
2013.03.07 00:10:38.212,0.86568,0.86586
2013.03.07 00:10:39.141,0.86568,0.86586
2013.03.07 00:10:45.143,0.86568,0.86586
2013.03.07 00:10:45.212,0.86568,0.86588
2013.03.07 00:10:48.153,0.8657,0.86588
2013.03.07 00:10:48.973,0.86569,0.86588
2013.03.07 00:10:49.698,0.86569,0.86587
2013.03.07 00:10:49.910,0.86567,0.86587
2013.03.07 00:10:49.971,0.86567,0.86587
2013.03.07 00:10:50.272,0.86564,0.86583
2013.03.07 00:10:50.474,0.86562,0.86581
2013.03.07 00:10:51.020,0.8656,0.8658
2013.03.07 00:10:51.200,0.8656,0.86579
2013.03.07 00:10:51.561,0.86562,0.86577
2013.03.07 00:10:54.360,0.86562,0.86577
2013.03.07 00:10:59.208,0.8656,0.86577
2013.03.07 00:10:59.710,0.86561,0.86577
2013.03.07 00:11:00.420,0.86561,0.86577
2013.03.07 00:11:06.020,0.86561,0.86577
2013.03.07 00:11:06.743,0.8656,0.86576
2013.03.07 00:11:07.089,0.86562,0.86577
2013.03.07 00:11:09.063,0.86562,0.86577
2013.03.07 00:11:11.320,0.86561,0.86577
2013.03.07 00:11:15.062,0.86561,0.86577
2013.03.07 00:11:15.620,0.86557,0.86574
2013.03.07 00:11:16.043,0.8656,0.86578
2013.03.07 00:11:18.171,0.86561,0.86578
2013.03.07 00:11:18.722,0.86561,0.86578
2013.03.07 00:11:18.920,0.86563,0.86578
2013.03.07 00:11:19.498,0.86562,0.86578
2013.03.07 00:11:21.800,0.86562,0.86578
2013.03.07 00:11:22.101,0.86565,0.86583
2013.03.07 00:11:22.410,0.86568,0.86584
2013.03.07 00:11:23.031,0.86567,0.86584
2013.03.07 00:11:23.971,0.86565,0.86581
2013.03.07 00:11:24.979,0.86564,0.86582
2013.03.07 00:11:25.301,0.86565,0.86582
2013.03.07 00:11:25.420,0.86564,0.86582
2013.03.07 00:11:27.149,0.86565,0.86581
2013.03.07 00:11:27.971,0.86564,0.86582
2013.03.07 00:11:28.509,0.86565,0.86582
2013.03.07 00:11:29.082,0.86564,0.86582
2013.03.07 00:11:29.929,0.86565,0.86582
2013.03.07 00:11:30.470,0.86564,0.86582
2013.03.07 00:11:32.480,0.86565,0.86582
2013.03.07 00:11:32.990,0.86564,0.86582
2013.03.07 00:11:34.010,0.86565,0.86582
2013.03.07 00:11:34.520,0.86564,0.86582
2013.03.07 00:11:35.086,0.86565,0.86582
2013.03.07 00:11:35.820,0.86562,0.86584
2013.03.07 00:11:36.430,0.86565,0.86582
2013.03.07 00:11:37.210,0.86562,0.86584
2013.03.07 00:11:37.945,0.86566,0.86582
2013.03.07 00:11:38.151,0.86563,0.86584
2013.03.07 00:11:38.670,0.86565,0.86581
2013.03.07 00:11:39.210,0.86562,0.86584
2013.03.07 00:11:39.961,0.86565,0.86581
2013.03.07 00:11:40.151,0.86561,0.86581
2013.03.07 00:11:40.730,0.86563,0.86581
2013.03.07 00:11:41.451,0.86564,0.86582
2013.03.07 00:11:42.680,0.86565,0.86585
2013.03.07 00:12:02.721,0.86565,0.86584
2013.03.07 00:12:03.237,0.86564,0.86584
2013.03.07 00:12:03.541,0.86566,0.86587
2013.03.07 00:12:03.856,0.8657,0.86588
2013.03.07 00:12:04.360,0.86572,0.86588
2013.03.07 00:12:04.660,0.86572,0.8659
2013.03.07 00:12:04.721,0.86572,0.8659
2013.03.07 00:12:05.980,0.86571,0.86591
2013.03.07 00:12:06.640,0.86571,0.86589
2013.03.07 00:12:07.062,0.86569,0.86588
2013.03.07 00:12:07.698,0.86571,0.86588
2013.03.07 00:12:10.851,0.86571,0.86588
2013.03.07 00:12:11.090,0.86574,0.8659
2013.03.07 00:12:11.211,0.86573,0.86591
2013.03.07 00:12:11.571,0.86573,0.86588
2013.03.07 00:12:11.761,0.86568,0.86587
2013.03.07 00:12:16.873,0.8657,0.86587
2013.03.07 00:12:17.001,0.8657,0.86588
2013.03.07 00:12:17.191,0.8657,0.86588
2013.03.07 00:12:18.910,0.86567,0.86586
2013.03.07 00:12:19.449,0.86568,0.86586
2013.03.07 00:12:25.400,0.86568,0.86586
2013.03.07 00:12:33.731,0.86566,0.86586
2013.03.07 00:12:38.403,0.86566,0.86585
2013.03.07 00:12:38.950,0.86565,0.86585
2013.03.07 00:12:40.620,0.86565,0.86585
2013.03.07 00:12:40.810,0.86565,0.86586
2013.03.07 00:12:40.931,0.86565,0.86586
2013.03.07 00:12:41.180,0.86565,0.86586
2013.03.07 00:12:43.581,0.86571,0.86587
2013.03.07 00:12:43.640,0.86571,0.86589
2013.03.07 00:12:43.701,0.86572,0.8659
2013.03.07 00:12:43.821,0.86574,0.86592
2013.03.07 00:12:43.940,0.86574,0.86592
2013.03.07 00:12:44.003,0.86574,0.86593
2013.03.07 00:12:53.272,0.86576,0.86594
2013.03.07 00:12:53.820,0.86579,0.86597
2013.03.07 00:12:54.362,0.86579,0.86598
2013.03.07 00:12:54.433,0.86585,0.86599
2013.03.07 00:13:01.484,0.86582,0.86598
2013.03.07 00:13:02.491,0.86582,0.86598
2013.03.07 00:13:02.850,0.86585,0.86598
2013.03.07 00:13:03.931,0.86584,0.86597
2013.03.07 00:13:06.212,0.86584,0.86596
2013.03.07 00:13:06.340,0.86581,0.86596
2013.03.07 00:13:15.659,0.86582,0.86598
2013.03.07 00:13:15.780,0.86582,0.86598
2013.03.07 00:13:15.899,0.86578,0.86596
2013.03.07 00:13:16.199,0.86579,0.86596
2013.03.07 00:13:16.681,0.86582,0.86597
2013.03.07 00:13:48.112,0.86582,0.86598
2013.03.07 00:13:48.420,0.86582,0.86598
2013.03.07 00:13:48.960,0.86583,0.86598
2013.03.07 00:13:49.981,0.86583,0.86598
2013.03.07 00:13:50.520,0.86582,0.86598
2013.03.07 00:13:51.046,0.86583,0.86597
2013.03.07 00:13:51.630,0.86582,0.86598
2013.03.07 00:13:52.170,0.86583,0.86597
2013.03.07 00:13:53.131,0.86583,0.86598
2013.03.07 00:13:53.440,0.86584,0.86598
2013.03.07 00:13:53.980,0.86583,0.86597
2013.03.07 00:13:56.240,0.86583,0.86597
2013.03.07 00:13:59.461,0.86584,0.86598
2013.03.07 00:13:59.701,0.86583,0.86598
2013.03.07 00:14:00.240,0.86584,0.86598
2013.03.07 00:14:00.857,0.86582,0.86598
2013.03.07 00:14:02.691,0.86583,0.86599
2013.03.07 00:14:03.191,0.86584,0.86599
2013.03.07 00:14:04.382,0.86583,0.86598
2013.03.07 00:14:06.510,0.86584,0.86599
2013.03.07 00:14:06.691,0.86582,0.86599
2013.03.07 00:14:07.282,0.86583,0.86599
2013.03.07 00:14:07.481,0.86584,0.86599
2013.03.07 00:14:07.721,0.86584,0.86599
2013.03.07 00:14:08.032,0.86586,0.86599
2013.03.07 00:14:09.681,0.86585,0.86599
2013.03.07 00:14:10.220,0.86584,0.86599
2013.03.07 00:14:10.581,0.86586,0.86599
2013.03.07 00:14:17.344,0.86586,0.86599
2013.03.07 00:14:26.890,0.86585,0.86599
2013.03.07 00:14:27.468,0.86585,0.86599
2013.03.07 00:14:27.801,0.86586,0.86599
2013.03.07 00:14:32.831,0.86587,0.86601
2013.03.07 00:14:33.070,0.86586,0.86599
2013.03.07 00:14:34.980,0.86587,0.86603
2013.03.07 00:14:35.101,0.86589,0.86605
2013.03.07 00:14:35.460,0.86589,0.86607
2013.03.07 00:14:38.830,0.86591,0.86607
2013.03.07 00:14:40.823,0.8659,0.86606
2013.03.07 00:14:41.130,0.8659,0.86605
2013.03.07 00:14:41.490,0.8659,0.86605
2013.03.07 00:14:42.030,0.8659,0.86604
2013.03.07 00:14:43.311,0.86591,0.86604
2013.03.07 00:14:43.874,0.8659,0.86604
2013.03.07 00:14:44.893,0.86591,0.86604
2013.03.07 00:14:56.741,0.86592,0.86602
2013.03.07 00:15:00.720,0.86592,0.86606
2013.03.07 00:15:05.852,0.86593,0.86607
2013.03.07 00:15:07.767,0.86592,0.86607
2013.03.07 00:15:09.171,0.86591,0.86603
2013.03.07 00:15:09.420,0.86591,0.86603
2013.03.07 00:15:09.651,0.86592,0.86603
2013.03.07 00:15:12.090,0.86592,0.86603
2013.03.07 00:15:12.348,0.86591,0.86603
2013.03.07 00:15:13.020,0.86591,0.86603
2013.03.07 00:15:13.580,0.86591,0.86603
2013.03.07 00:15:15.161,0.8659,0.86603
2013.03.07 00:15:18.133,0.8659,0.86603
2013.03.07 00:15:21.211,0.8659,0.86603
2013.03.07 00:15:26.081,0.86587,0.86606
2013.03.07 00:15:35.470,0.8659,0.86602
2013.03.07 00:15:38.650,0.86588,0.86602
2013.03.07 00:15:43.390,0.8659,0.86603
2013.03.07 00:15:46.361,0.86589,0.86602
2013.03.07 00:15:46.421,0.86588,0.86602
2013.03.07 00:15:47.640,0.86591,0.86603
2013.03.07 00:15:48.342,0.86591,0.86603
2013.03.07 00:15:48.472,0.86588,0.86603
2013.03.07 00:15:48.601,0.8659,0.86603
2013.03.07 00:15:49.321,0.86589,0.86603
2013.03.07 00:15:49.562,0.8659,0.86602
2013.03.07 00:15:49.691,0.86589,0.86601
2013.03.07 00:15:49.763,0.86592,0.86601
2013.03.07 00:15:50.268,0.86592,0.866
2013.03.07 00:15:50.574,0.86591,0.866
2013.03.07 00:15:50.762,0.86588,0.866
2013.03.07 00:15:51.311,0.86588,0.866
2013.03.07 00:15:51.492,0.86588,0.86597
2013.03.07 00:15:51.741,0.86586,0.86597
2013.03.07 00:15:52.400,0.86584,0.86596
2013.03.07 00:15:52.802,0.86584,0.86596
2013.03.07 00:15:55.800,0.86584,0.86596
2013.03.07 00:15:57.473,0.86578,0.86596
2013.03.07 00:15:58.030,0.8658,0.86595
2013.03.07 00:15:58.801,0.8658,0.86593
2013.03.07 00:15:59.323,0.86581,0.86592
2013.03.07 00:16:01.052,0.86581,0.86592
2013.03.07 00:16:01.240,0.86577,0.86591
2013.03.07 00:16:01.782,0.86577,0.8659
2013.03.07 00:16:01.853,0.86577,0.8659
2013.03.07 00:16:02.282,0.86575,0.86589
2013.03.07 00:16:03.101,0.86574,0.8659
2013.03.07 00:16:03.164,0.86574,0.8659
2013.03.07 00:16:03.233,0.86574,0.8659
2013.03.07 00:16:06.170,0.86576,0.8659
2013.03.07 00:16:08.480,0.86575,0.8659
2013.03.07 00:16:08.900,0.86575,0.8659
2013.03.07 00:16:09.020,0.86575,0.8659
2013.03.07 00:16:10.421,0.86576,0.86592
2013.03.07 00:16:11.452,0.86576,0.86592
2013.03.07 00:16:12.710,0.86576,0.86593
2013.03.07 00:16:14.420,0.86576,0.86593
2013.03.07 00:16:30.420,0.86576,0.86594
2013.03.07 00:16:33.072,0.86577,0.86593
2013.03.07 00:16:33.620,0.86578,0.86592
2013.03.07 00:16:34.410,0.86578,0.86592
2013.03.07 00:16:35.374,0.86579,0.86592
2013.03.07 00:16:35.920,0.86577,0.86592
2013.03.07 00:16:42.201,0.86578,0.86592
2013.03.07 00:16:45.153,0.86578,0.86592
2013.03.07 00:16:45.223,0.86573,0.8659
2013.03.07 00:16:45.294,0.86571,0.86586
2013.03.07 00:16:45.423,0.86573,0.86589
2013.03.07 00:16:45.492,0.86575,0.86589
2013.03.07 00:16:46.453,0.86574,0.86589
2013.03.07 00:16:46.641,0.86575,0.86591
2013.03.07 00:16:46.704,0.86576,0.86592
2013.03.07 00:16:46.772,0.86575,0.86592
2013.03.07 00:16:47.360,0.86575,0.86592
2013.03.07 00:16:51.121,0.86574,0.86592
2013.03.07 00:16:51.431,0.86574,0.86593
2013.03.07 00:16:51.790,0.86578,0.86592
2013.03.07 00:16:52.921,0.86578,0.86591
2013.03.07 00:16:53.161,0.86572,0.86588
2013.03.07 00:16:53.781,0.86571,0.8659
2013.03.07 00:16:57.514,0.86569,0.86588
2013.03.07 00:17:03.741,0.8657,0.86587
2013.03.07 00:17:03.922,0.86568,0.86586
2013.03.07 00:17:04.171,0.8657,0.86587
2013.03.07 00:17:04.472,0.8657,0.86584
2013.03.07 00:17:04.721,0.86563,0.86583
2013.03.07 00:17:04.901,0.86563,0.86583
2013.03.07 00:17:17.381,0.86564,0.86583
2013.03.07 00:17:17.901,0.86564,0.86584
2013.03.07 00:17:20.862,0.86564,0.86584
2013.03.07 00:17:20.933,0.86564,0.86582
2013.03.07 00:17:22.451,0.86565,0.86581
2013.03.07 00:17:27.772,0.86564,0.86579
2013.03.07 00:17:27.843,0.86562,0.86577
2013.03.07 00:17:28.402,0.86561,0.8658
2013.03.07 00:17:28.471,0.86561,0.86579
2013.03.07 00:17:28.981,0.86559,0.86579
2013.03.07 00:17:32.301,0.86561,0.86579
2013.03.07 00:17:32.862,0.86563,0.86581
2013.03.07 00:17:33.101,0.86564,0.86582
2013.03.07 00:17:38.051,0.86565,0.86582
2013.03.07 00:17:38.543,0.86567,0.86582
2013.03.07 00:17:38.971,0.8657,0.86583
2013.03.07 00:17:39.211,0.86567,0.86583
2013.03.07 00:17:40.861,0.86566,0.86582
2013.03.07 00:17:41.720,0.86565,0.86582
2013.03.07 00:17:41.901,0.86565,0.86581
2013.03.07 00:17:41.961,0.86563,0.8658
2013.03.07 00:17:42.141,0.86561,0.86579
2013.03.07 00:17:44.962,0.86561,0.86579
2013.03.07 00:17:46.532,0.86561,0.86579
2013.03.07 00:17:46.603,0.86561,0.86579
2013.03.07 00:17:46.920,0.86564,0.86579
2013.03.07 00:17:47.162,0.86565,0.86581
2013.03.07 00:17:49.651,0.86566,0.86582
2013.03.07 00:17:49.771,0.86566,0.86583
2013.03.07 00:17:50.310,0.86567,0.86583
2013.03.07 00:17:50.863,0.86567,0.86583
2013.03.07 00:18:01.800,0.86567,0.86583
2013.03.07 00:18:06.642,0.86566,0.86583
2013.03.07 00:18:07.073,0.86567,0.86579
2013.03.07 00:18:07.143,0.86566,0.8658
2013.03.07 00:18:19.780,0.86566,0.86581
2013.03.07 00:18:19.841,0.86566,0.86581
2013.03.07 00:18:20.031,0.86564,0.86581
2013.03.07 00:18:20.390,0.86565,0.86581
2013.03.07 00:18:20.991,0.86566,0.86581
2013.03.07 00:18:22.310,0.86566,0.8658
2013.03.07 00:18:29.050,0.86566,0.86581
2013.03.07 00:18:29.581,0.86565,0.86581
2013.03.07 00:18:32.412,0.86566,0.8658
2013.03.07 00:18:36.531,0.86566,0.8658
2013.03.07 00:18:37.070,0.86566,0.86579
2013.03.07 00:18:44.881,0.86566,0.86579
2013.03.07 00:18:48.802,0.86566,0.8658
2013.03.07 00:18:49.580,0.86566,0.8658
2013.03.07 00:19:02.410,0.86566,0.86579
2013.03.07 00:19:05.060,0.86566,0.8658
2013.03.07 00:19:05.570,0.86566,0.8658
2013.03.07 00:19:06.550,0.86566,0.8658
2013.03.07 00:19:09.000,0.86566,0.8658
2013.03.07 00:19:10.813,0.86565,0.8658
2013.03.07 00:19:11.361,0.86565,0.8658
2013.03.07 00:19:12.042,0.86565,0.8658
2013.03.07 00:19:12.666,0.86565,0.8658
2013.03.07 00:19:14.131,0.86566,0.8658
2013.03.07 00:19:14.491,0.86566,0.86581
2013.03.07 00:19:14.675,0.86568,0.86582
2013.03.07 00:19:15.383,0.86566,0.86583
2013.03.07 00:19:15.900,0.86568,0.86583
2013.03.07 00:19:16.261,0.86568,0.86581
2013.03.07 00:19:26.806,0.86565,0.8658
2013.03.07 00:19:27.001,0.86565,0.86579
2013.03.07 00:19:27.252,0.86563,0.86577
2013.03.07 00:19:27.802,0.8656,0.86575
2013.03.07 00:19:30.034,0.8656,0.86575
2013.03.07 00:19:30.103,0.86561,0.86577
2013.03.07 00:19:30.175,0.86563,0.86577
2013.03.07 00:19:30.423,0.86565,0.86577
2013.03.07 00:19:30.551,0.86564,0.86577
2013.03.07 00:19:31.456,0.86565,0.86577
2013.03.07 00:19:33.150,0.86565,0.86578
2013.03.07 00:19:34.932,0.86569,0.86581
2013.03.07 00:19:35.480,0.86571,0.86581
2013.03.07 00:19:36.027,0.86571,0.86581
2013.03.07 00:19:36.162,0.86571,0.86585
2013.03.07 00:19:38.523,0.86571,0.86582
2013.03.07 00:19:38.784,0.8657,0.86582
2013.03.07 00:19:41.379,0.8657,0.86583
2013.03.07 00:19:42.892,0.8657,0.86583
2013.03.07 00:19:44.349,0.86571,0.86584
2013.03.07 00:19:59.714,0.86571,0.86584
2013.03.07 00:20:03.900,0.86571,0.86584
2013.03.07 00:20:04.421,0.8657,0.86584
2013.03.07 00:20:04.602,0.86568,0.86584
2013.03.07 00:20:05.161,0.8657,0.86584
2013.03.07 00:20:05.401,0.8657,0.86584
2013.03.07 00:20:05.951,0.86568,0.86581
2013.03.07 00:20:07.164,0.86568,0.86579
2013.03.07 00:20:13.971,0.86568,0.8658
2013.03.07 00:20:14.093,0.86568,0.8658
2013.03.07 00:20:14.923,0.86566,0.8658
2013.03.07 00:20:18.862,0.86566,0.8658
2013.03.07 00:20:18.992,0.8657,0.8658
2013.03.07 00:20:20.402,0.86569,0.8658
2013.03.07 00:20:20.471,0.86569,0.86582
2013.03.07 00:20:22.350,0.86568,0.86581
2013.03.07 00:20:23.562,0.86569,0.86581
2013.03.07 00:20:23.681,0.8657,0.86585
2013.03.07 00:20:23.921,0.86572,0.86585
2013.03.07 00:20:24.402,0.86573,0.86589
2013.03.07 00:20:39.658,0.86573,0.86589
2013.03.07 00:20:54.391,0.86574,0.8659
2013.03.07 00:21:03.905,0.86573,0.8659
2013.03.07 00:21:04.331,0.86572,0.8659
2013.03.07 00:21:13.183,0.86573,0.8659
2013.03.07 00:21:13.741,0.86572,0.86587
2013.03.07 00:21:17.568,0.8657,0.86588
2013.03.07 00:21:19.566,0.86572,0.86588
2013.03.07 00:21:20.130,0.86572,0.86589
2013.03.07 00:21:20.482,0.86571,0.86585
2013.03.07 00:21:21.391,0.8657,0.86585
2013.03.07 00:21:25.953,0.86569,0.86584
2013.03.07 00:21:26.382,0.86568,0.86584
2013.03.07 00:21:27.913,0.86568,0.86579
2013.03.07 00:21:28.461,0.86567,0.86579
2013.03.07 00:21:30.284,0.86567,0.86581
2013.03.07 00:21:30.712,0.86569,0.86581
2013.03.07 00:21:32.791,0.86569,0.86583
2013.03.07 00:21:33.472,0.86569,0.86583
2013.03.07 00:21:36.356,0.86568,0.8658
2013.03.07 00:21:36.842,0.86568,0.8658
2013.03.07 00:21:36.912,0.86567,0.8658
2013.03.07 00:21:37.151,0.86568,0.8658
2013.03.07 00:21:37.827,0.86568,0.86583
2013.03.07 00:21:38.988,0.86569,0.86583
2013.03.07 00:21:39.112,0.86569,0.86583
2013.03.07 00:21:39.171,0.86572,0.86583
2013.03.07 00:21:39.352,0.86572,0.86587
2013.03.07 00:21:39.481,0.86575,0.86587
2013.03.07 00:21:39.962,0.86573,0.86589
2013.03.07 00:21:40.369,0.86573,0.86589
2013.03.07 00:21:40.437,0.86573,0.86587
2013.03.07 00:21:40.692,0.86569,0.86586
2013.03.07 00:21:42.671,0.86573,0.86585
2013.03.07 00:21:42.910,0.86568,0.86584
2013.03.07 00:21:43.463,0.86569,0.86585
2013.03.07 00:21:44.011,0.86568,0.86585
2013.03.07 00:21:47.672,0.86568,0.86585
2013.03.07 00:21:47.790,0.8657,0.86587
2013.03.07 00:21:52.441,0.8657,0.86588
2013.03.07 00:21:52.773,0.86574,0.86588
2013.03.07 00:21:53.081,0.86575,0.86589
2013.03.07 00:21:53.891,0.86573,0.86589
2013.03.07 00:21:53.951,0.86573,0.86589
2013.03.07 00:21:57.294,0.86573,0.86588
2013.03.07 00:21:57.848,0.86572,0.8659
2013.03.07 00:21:57.914,0.86572,0.8659
2013.03.07 00:21:57.986,0.86574,0.86591
2013.03.07 00:21:58.673,0.86575,0.86592
2013.03.07 00:22:00.162,0.86574,0.8659
2013.03.07 00:22:00.815,0.86575,0.8659
2013.03.07 00:22:01.254,0.86573,0.8659
2013.03.07 00:22:03.031,0.86573,0.8659
2013.03.07 00:22:05.868,0.86573,0.8659
2013.03.07 00:22:06.182,0.86574,0.8659
2013.03.07 00:22:06.493,0.86576,0.86591
2013.03.07 00:22:06.563,0.86575,0.86592
2013.03.07 00:22:07.112,0.86573,0.86592
2013.03.07 00:22:09.918,0.86573,0.86591
2013.03.07 00:22:10.632,0.8657,0.8659
2013.03.07 00:22:11.972,0.8657,0.8659
2013.03.07 00:22:12.412,0.86568,0.86586
2013.03.07 00:22:14.081,0.86569,0.86583
2013.03.07 00:22:14.672,0.86568,0.86583
2013.03.07 00:22:17.351,0.86568,0.86585
2013.03.07 00:22:17.650,0.86569,0.86585
2013.03.07 00:22:18.192,0.86569,0.86587
2013.03.07 00:22:18.862,0.86571,0.86587
2013.03.07 00:22:18.983,0.86573,0.86589
2013.03.07 00:22:19.172,0.86573,0.8659
2013.03.07 00:22:19.710,0.86573,0.86591
2013.03.07 00:22:20.608,0.86573,0.86591
2013.03.07 00:22:20.971,0.86571,0.86587
2013.03.07 00:22:21.287,0.86567,0.86583
2013.03.07 00:22:21.413,0.86568,0.86585
2013.03.07 00:22:21.962,0.86568,0.86583
2013.03.07 00:22:23.413,0.86568,0.86583
2013.03.07 00:22:23.922,0.8657,0.86585
2013.03.07 00:22:24.642,0.86568,0.86584
2013.03.07 00:22:25.182,0.86566,0.8658
2013.03.07 00:22:25.851,0.86565,0.86579
2013.03.07 00:22:26.452,0.86566,0.86581
2013.03.07 00:22:29.114,0.86566,0.86582
2013.03.07 00:22:29.621,0.86566,0.86581
2013.03.07 00:22:30.683,0.86566,0.8658
2013.03.07 00:22:31.183,0.86564,0.8658
2013.03.07 00:22:32.212,0.86564,0.86579
2013.03.07 00:22:32.631,0.86563,0.86578
2013.03.07 00:22:32.931,0.8656,0.86577
2013.03.07 00:22:40.501,0.86558,0.86577
2013.03.07 00:22:50.080,0.86558,0.86575
2013.03.07 00:22:50.142,0.86558,0.86574
2013.03.07 00:22:50.262,0.86556,0.86574
2013.03.07 00:22:51.221,0.86555,0.86573
2013.03.07 00:22:51.642,0.86556,0.86575
2013.03.07 00:22:52.206,0.86559,0.86575
2013.03.07 00:22:52.584,0.86559,0.86577
2013.03.07 00:22:52.914,0.86563,0.86579
2013.03.07 00:22:53.162,0.86565,0.86582
2013.03.07 00:22:53.682,0.86565,0.86583
2013.03.07 00:22:56.722,0.86565,0.86583
2013.03.07 00:22:57.262,0.86565,0.86582
2013.03.07 00:23:11.441,0.86563,0.86582
2013.03.07 00:23:29.502,0.86562,0.86582
2013.03.07 00:23:38.262,0.86563,0.86583
2013.03.07 00:23:38.726,0.8657,0.86588
2013.03.07 00:23:39.943,0.86572,0.86588
2013.03.07 00:23:41.361,0.86571,0.86588
2013.03.07 00:23:43.974,0.86572,0.86586
2013.03.07 00:23:44.246,0.86567,0.86584
2013.03.07 00:23:49.482,0.86564,0.86584
2013.03.07 00:23:55.101,0.86563,0.86583
2013.03.07 00:23:55.221,0.86563,0.86583
2013.03.07 00:24:14.033,0.86562,0.8658
2013.03.07 00:24:14.162,0.8656,0.86578
2013.03.07 00:24:14.412,0.8656,0.86578
2013.03.07 00:24:17.494,0.86562,0.86577
2013.03.07 00:24:17.801,0.86564,0.86579
2013.03.07 00:24:19.310,0.86564,0.86578
2013.03.07 00:24:24.471,0.86564,0.86578
2013.03.07 00:24:28.089,0.86564,0.86578
2013.03.07 00:24:28.602,0.86564,0.8658
2013.03.07 00:24:28.781,0.86565,0.86581
2013.03.07 00:24:44.171,0.86562,0.86583
2013.03.07 00:24:44.713,0.86563,0.86585
2013.03.07 00:24:44.962,0.8657,0.86585
2013.03.07 00:24:45.082,0.8657,0.86587
2013.03.07 00:24:45.322,0.86568,0.86587
2013.03.07 00:24:45.381,0.86568,0.86588
2013.03.07 00:24:46.290,0.86569,0.86589
2013.03.07 00:24:46.772,0.86575,0.86589
2013.03.07 00:24:47.321,0.86572,0.8659
2013.03.07 00:24:48.435,0.86574,0.86593
2013.03.07 00:24:48.503,0.86575,0.86595
2013.03.07 00:24:49.084,0.8658,0.86595
2013.03.07 00:24:49.592,0.86581,0.86595
2013.03.07 00:24:50.673,0.8658,0.86595
2013.03.07 00:24:51.224,0.86577,0.86597
2013.03.07 00:24:54.672,0.86577,0.86597
2013.03.07 00:24:59.665,0.8658,0.86594
2013.03.07 00:24:59.734,0.86574,0.86594
2013.03.07 00:25:00.042,0.86574,0.86591
2013.03.07 00:25:00.222,0.86574,0.86591
2013.03.07 00:25:00.772,0.86573,0.8659
2013.03.07 00:25:01.322,0.8657,0.8659
2013.03.07 00:25:02.772,0.8657,0.8659
2013.03.07 00:25:02.952,0.86569,0.86587
2013.03.07 00:25:03.372,0.86567,0.86585
2013.03.07 00:25:03.924,0.86567,0.86586
2013.03.07 00:25:04.530,0.86567,0.86586
2013.03.07 00:25:05.082,0.86567,0.86586
2013.03.07 00:25:05.573,0.86567,0.86587
2013.03.07 00:25:07.301,0.86568,0.86587
2013.03.07 00:25:08.474,0.86568,0.86587
2013.03.07 00:25:21.691,0.86567,0.86587
2013.03.07 00:25:23.351,0.86568,0.86587
2013.03.07 00:25:24.267,0.86568,0.86588
2013.03.07 00:25:36.833,0.8657,0.8659
2013.03.07 00:25:37.075,0.86576,0.86591
2013.03.07 00:25:37.602,0.86576,0.86592
2013.03.07 00:25:38.214,0.86574,0.86592
2013.03.07 00:25:43.223,0.86574,0.86594
2013.03.07 00:25:45.324,0.86574,0.86592
2013.03.07 00:25:45.633,0.86571,0.86588
2013.03.07 00:25:46.014,0.8657,0.86588
2013.03.07 00:25:52.091,0.86572,0.86588
2013.03.07 00:25:52.153,0.86572,0.86588
2013.03.07 00:25:52.282,0.86572,0.8659
2013.03.07 00:25:56.433,0.86576,0.86592
2013.03.07 00:25:56.972,0.86574,0.8659
2013.03.07 00:25:57.105,0.86575,0.8659
2013.03.07 00:26:03.771,0.86574,0.8659
2013.03.07 00:26:03.891,0.86574,0.8659
2013.03.07 00:26:05.901,0.86575,0.8659
2013.03.07 00:26:06.440,0.86574,0.8659
2013.03.07 00:26:06.862,0.86574,0.8659
2013.03.07 00:26:12.483,0.86577,0.86592
2013.03.07 00:26:12.845,0.86577,0.86593
2013.03.07 00:26:20.982,0.86577,0.86593
2013.03.07 00:26:29.311,0.86577,0.86593
2013.03.07 00:26:49.491,0.86577,0.86593
2013.03.07 00:27:00.872,0.86577,0.86593
2013.03.07 00:27:08.953,0.86577,0.86593
2013.03.07 00:27:09.145,0.86577,0.86593
2013.03.07 00:27:09.722,0.86578,0.86593
2013.03.07 00:27:16.161,0.8658,0.86593
2013.03.07 00:27:16.692,0.86578,0.86593
2013.03.07 00:27:17.693,0.8658,0.86593
2013.03.07 00:27:18.245,0.86579,0.86593
2013.03.07 00:27:29.289,0.86578,0.86593
2013.03.07 00:27:39.481,0.86578,0.86593
2013.03.07 00:27:55.421,0.8658,0.86593
2013.03.07 00:28:29.163,0.86576,0.86592
2013.03.07 00:28:29.612,0.86576,0.86592
2013.03.07 00:28:29.734,0.86574,0.8659
2013.03.07 00:28:29.922,0.86571,0.8659
2013.03.07 00:28:30.632,0.8657,0.8659
2013.03.07 00:28:32.253,0.86568,0.86588
2013.03.07 00:28:33.401,0.86568,0.86588
2013.03.07 00:28:34.383,0.86567,0.86587
2013.03.07 00:28:38.183,0.86567,0.86586
2013.03.07 00:28:38.243,0.86564,0.86584
2013.03.07 00:28:38.964,0.86561,0.8658
2013.03.07 00:28:39.274,0.86561,0.86579
2013.03.07 00:28:39.801,0.8656,0.86578
2013.03.07 00:28:40.852,0.8656,0.8658
2013.03.07 00:28:41.392,0.86561,0.8658
2013.03.07 00:28:41.893,0.86561,0.86579
2013.03.07 00:28:50.341,0.86561,0.86581
2013.03.07 00:28:56.162,0.8656,0.8658
2013.03.07 00:28:56.464,0.8656,0.86579
2013.03.07 00:28:56.772,0.86558,0.86573
2013.03.07 00:28:57.311,0.86557,0.86573
2013.03.07 00:28:57.812,0.86558,0.86573
2013.03.07 00:28:57.872,0.86559,0.86577
2013.03.07 00:28:58.353,0.8656,0.86579
2013.03.07 00:29:02.953,0.86559,0.8658
2013.03.07 00:29:05.225,0.86559,0.8658
2013.03.07 00:29:06.832,0.86557,0.86578
2013.03.07 00:29:10.823,0.86557,0.86578
2013.03.07 00:29:12.252,0.86558,0.86578
2013.03.07 00:29:16.395,0.86557,0.86578
2013.03.07 00:29:17.734,0.86558,0.86578
2013.03.07 00:29:25.503,0.86558,0.8658
2013.03.07 00:29:26.158,0.86559,0.8658
2013.03.07 00:29:26.483,0.86559,0.8658
2013.03.07 00:29:27.373,0.8656,0.8658
2013.03.07 00:29:27.874,0.86562,0.8658
2013.03.07 00:29:28.363,0.8656,0.8658
2013.03.07 00:29:28.664,0.86563,0.86582
2013.03.07 00:29:29.213,0.86564,0.86582
2013.03.07 00:29:29.772,0.86564,0.8658
2013.03.07 00:29:30.302,0.86564,0.8658
2013.03.07 00:29:32.292,0.86565,0.86582
2013.03.07 00:29:32.954,0.86565,0.86583
2013.03.07 00:29:36.442,0.86565,0.86582
2013.03.07 00:29:37.903,0.86566,0.86583
2013.03.07 00:29:39.642,0.86565,0.86582
2013.03.07 00:29:40.183,0.86566,0.86582
2013.03.07 00:29:40.499,0.86567,0.86584
2013.03.07 00:29:40.814,0.8657,0.86589
2013.03.07 00:29:41.242,0.8657,0.86589
2013.03.07 00:29:51.093,0.86571,0.86589
2013.03.07 00:29:59.162,0.86572,0.86589
2013.03.07 00:29:59.672,0.86571,0.86588
2013.03.07 00:30:00.903,0.86572,0.8659
2013.03.07 00:30:03.313,0.86573,0.86588
2013.03.07 00:30:03.385,0.86572,0.86588
2013.03.07 00:30:03.644,0.86571,0.86588
2013.03.07 00:30:03.786,0.86571,0.86588
2013.03.07 00:30:04.272,0.86571,0.86588
2013.03.07 00:30:04.633,0.86571,0.86589
2013.03.07 00:30:04.825,0.86572,0.86589
2013.03.07 00:30:05.374,0.86572,0.86592
2013.03.07 00:30:05.934,0.86575,0.86593
2013.03.07 00:30:06.954,0.86575,0.86593
2013.03.07 00:30:07.301,0.86578,0.86594
2013.03.07 00:30:07.364,0.86578,0.86596
2013.03.07 00:30:07.435,0.86579,0.86596
2013.03.07 00:30:07.942,0.86581,0.86597
2013.03.07 00:30:09.963,0.86581,0.86598
2013.03.07 00:30:10.493,0.86581,0.86597
2013.03.07 00:30:10.939,0.86581,0.86597
2013.03.07 00:30:11.643,0.86581,0.86598
2013.03.07 00:30:12.303,0.86582,0.86598
2013.03.07 00:30:13.843,0.86582,0.86599
2013.03.07 00:30:17.942,0.86581,0.86598
2013.03.07 00:30:18.002,0.86578,0.86596
2013.03.07 00:30:18.123,0.86578,0.86595
2013.03.07 00:30:18.579,0.86582,0.86599
2013.03.07 00:30:18.652,0.8658,0.86598
2013.03.07 00:30:19.754,0.86578,0.86598
2013.03.07 00:30:24.904,0.86579,0.86599
2013.03.07 00:30:27.381,0.86579,0.86599
2013.03.07 00:30:28.974,0.86582,0.866
2013.03.07 00:30:29.522,0.86584,0.86602
2013.03.07 00:30:34.313,0.86583,0.86601
2013.03.07 00:30:34.885,0.86579,0.86599
2013.03.07 00:30:35.313,0.86579,0.86597
2013.03.07 00:30:37.830,0.86579,0.86597
2013.03.07 00:30:39.413,0.86579,0.86599
2013.03.07 00:30:39.484,0.86579,0.86599
2013.03.07 00:30:40.013,0.86581,0.866
2013.03.07 00:30:40.786,0.86581,0.866
2013.03.07 00:30:41.674,0.86583,0.86599
2013.03.07 00:30:41.933,0.86583,0.86601
2013.03.07 00:30:42.004,0.86585,0.86601
2013.03.07 00:30:43.935,0.86584,0.86601
2013.03.07 00:30:44.253,0.86586,0.86601
2013.03.07 00:30:44.435,0.86584,0.86599
2013.03.07 00:30:51.315,0.86582,0.86599
2013.03.07 00:30:52.291,0.86583,0.86599
2013.03.07 00:30:54.173,0.86584,0.866
2013.03.07 00:30:55.312,0.86583,0.86599
2013.03.07 00:30:56.152,0.86584,0.866
2013.03.07 00:30:57.813,0.86584,0.866
2013.03.07 00:30:58.134,0.86584,0.86598
2013.03.07 00:30:58.887,0.86583,0.86599
2013.03.07 00:30:59.715,0.86582,0.86598
2013.03.07 00:30:59.788,0.86583,0.86601
2013.03.07 00:31:00.792,0.86585,0.86601
2013.03.07 00:31:03.234,0.86584,0.86602
2013.03.07 00:31:04.213,0.86582,0.86599
2013.03.07 00:31:05.642,0.86584,0.86598
2013.03.07 00:31:05.764,0.86584,0.866
2013.03.07 00:31:06.433,0.86585,0.866
2013.03.07 00:31:06.623,0.86586,0.86603
2013.03.07 00:31:08.885,0.86585,0.86602
2013.03.07 00:31:09.443,0.86585,0.86603
2013.03.07 00:31:10.043,0.86585,0.86603
2013.03.07 00:31:10.162,0.86585,0.86603
2013.03.07 00:31:11.003,0.86584,0.86602
2013.03.07 00:31:11.603,0.86584,0.86602
2013.03.07 00:31:12.274,0.86585,0.86601
2013.03.07 00:31:13.313,0.86586,0.86602
2013.03.07 00:31:13.469,0.86584,0.86602
2013.03.07 00:31:14.133,0.86585,0.86602
2013.03.07 00:31:16.524,0.86586,0.86602
2013.03.07 00:31:16.612,0.86584,0.86602
2013.03.07 00:31:16.953,0.86582,0.86602
2013.03.07 00:31:17.464,0.86582,0.86602
2013.03.07 00:31:17.653,0.86582,0.86598
2013.03.07 00:31:19.764,0.86583,0.86599
2013.03.07 00:31:20.433,0.86585,0.86601
2013.03.07 00:31:20.972,0.86585,0.86603
2013.03.07 00:31:24.234,0.86585,0.86603
2013.03.07 00:31:36.196,0.86586,0.86604
2013.03.07 00:31:37.845,0.86588,0.86604
2013.03.07 00:31:38.412,0.86588,0.86604
2013.03.07 00:31:39.206,0.86587,0.86603
2013.03.07 00:31:40.673,0.86587,0.86605
2013.03.07 00:31:41.322,0.86588,0.86604
2013.03.07 00:31:42.782,0.86586,0.86604
2013.03.07 00:31:46.152,0.86588,0.86604
2013.03.07 00:31:47.143,0.86587,0.86605
2013.03.07 00:31:49.700,0.86588,0.86604
2013.03.07 00:31:50.224,0.86587,0.86605
2013.03.07 00:31:50.772,0.86587,0.86605
2013.03.07 00:31:51.322,0.86587,0.86605
2013.03.07 00:31:54.754,0.86587,0.86605
2013.03.07 00:31:56.003,0.86587,0.86605
2013.03.07 00:31:56.123,0.86589,0.86607
2013.03.07 00:31:56.667,0.86592,0.86608
2013.03.07 00:31:56.735,0.86592,0.86608
2013.03.07 00:32:00.602,0.86594,0.86609
2013.03.07 00:32:00.663,0.86594,0.86609
2013.03.07 00:32:00.793,0.86596,0.86614
2013.03.07 00:32:01.093,0.86595,0.86612
2013.03.07 00:32:01.453,0.86594,0.86608
2013.03.07 00:32:01.803,0.86595,0.86611
2013.03.07 00:32:02.164,0.86597,0.86615
2013.03.07 00:32:02.826,0.86597,0.86617
2013.03.07 00:32:03.732,0.86597,0.86617
2013.03.07 00:32:04.469,0.86597,0.86617
2013.03.07 00:32:04.532,0.86598,0.86618
2013.03.07 00:32:04.969,0.86601,0.8662
2013.03.07 00:32:06.174,0.86602,0.8662
2013.03.07 00:32:06.244,0.86602,0.8662
2013.03.07 00:32:06.617,0.86604,0.86624
2013.03.07 00:32:06.683,0.86604,0.86624
2013.03.07 00:32:07.104,0.86604,0.86622
2013.03.07 00:32:07.236,0.86604,0.86622
2013.03.07 00:32:07.826,0.86603,0.86619
2013.03.07 00:32:08.374,0.866,0.8662
2013.03.07 00:32:09.183,0.866,0.86619
2013.03.07 00:32:10.782,0.86599,0.86619
2013.03.07 00:32:11.563,0.866,0.86619
2013.03.07 00:32:12.920,0.86602,0.8662
2013.03.07 00:32:13.114,0.86605,0.86622
2013.03.07 00:32:13.680,0.86605,0.86624
2013.03.07 00:32:14.102,0.86604,0.86621
2013.03.07 00:32:14.643,0.866,0.8662
2013.03.07 00:32:18.493,0.866,0.86619
2013.03.07 00:32:18.824,0.866,0.86616
2013.03.07 00:32:18.954,0.86599,0.86615
2013.03.07 00:32:19.563,0.86597,0.86615
2013.03.07 00:32:20.277,0.86597,0.86615
2013.03.07 00:32:20.835,0.86597,0.86618
2013.03.07 00:32:21.382,0.86601,0.86619
2013.03.07 00:32:26.085,0.86601,0.86619
2013.03.07 00:32:28.502,0.866,0.86619
2013.03.07 00:32:30.594,0.866,0.8662
2013.03.07 00:32:32.683,0.866,0.8662
2013.03.07 00:32:33.232,0.866,0.86619
2013.03.07 00:32:35.881,0.86599,0.86619
2013.03.07 00:32:39.797,0.86598,0.86619
2013.03.07 00:32:42.984,0.86599,0.86618
2013.03.07 00:32:43.054,0.86602,0.8662
2013.03.07 00:32:43.124,0.86601,0.86619
2013.03.07 00:32:43.253,0.86601,0.86621
2013.03.07 00:32:43.563,0.86598,0.86615
2013.03.07 00:32:43.694,0.86597,0.86615
2013.03.07 00:32:44.463,0.86593,0.86612
2013.03.07 00:32:44.642,0.86592,0.8661
2013.03.07 00:32:44.703,0.86591,0.8661
2013.03.07 00:32:59.928,0.86591,0.86608
2013.03.07 00:33:08.552,0.86589,0.86608
2013.03.07 00:33:13.242,0.86589,0.86607
2013.03.07 00:33:16.955,0.86587,0.86605
2013.03.07 00:33:17.504,0.86585,0.86602
2013.03.07 00:33:17.631,0.86584,0.86602
2013.03.07 00:33:17.692,0.86584,0.86604
2013.03.07 00:33:18.052,0.86583,0.866
2013.03.07 00:33:31.323,0.86583,0.86601
2013.03.07 00:33:34.914,0.86583,0.86602
2013.03.07 00:33:35.222,0.86587,0.86604
2013.03.07 00:33:39.523,0.86586,0.86603
2013.03.07 00:33:40.202,0.86585,0.86602
2013.03.07 00:33:41.937,0.86585,0.86602
2013.03.07 00:33:46.262,0.86584,0.86603
2013.03.07 00:33:46.383,0.86586,0.86604
2013.03.07 00:33:46.932,0.86587,0.86605
2013.03.07 00:33:47.322,0.86588,0.86608
2013.03.07 00:33:47.682,0.86589,0.86608
2013.03.07 00:33:48.223,0.86592,0.86612
2013.03.07 00:33:48.652,0.86593,0.86611
2013.03.07 00:33:48.953,0.8659,0.8661
2013.03.07 00:33:49.133,0.86591,0.86611
2013.03.07 00:33:49.794,0.86591,0.86609
2013.03.07 00:33:51.102,0.86589,0.86609
2013.03.07 00:33:53.162,0.86589,0.86609
2013.03.07 00:33:53.463,0.86589,0.86607
2013.03.07 00:33:54.022,0.86589,0.86607
2013.03.07 00:33:56.632,0.86587,0.86608
2013.03.07 00:34:00.199,0.86587,0.86608
2013.03.07 00:34:02.124,0.86588,0.86608
2013.03.07 00:34:08.884,0.86589,0.86607
2013.03.07 00:34:08.955,0.86589,0.86607
2013.03.07 00:34:09.322,0.86589,0.86607
2013.03.07 00:34:10.102,0.86589,0.86607
2013.03.07 00:34:10.412,0.8659,0.86608
2013.03.07 00:34:19.163,0.86592,0.8661
2013.03.07 00:34:19.593,0.86593,0.8661
2013.03.07 00:34:21.489,0.86593,0.8661
2013.03.07 00:34:21.555,0.86592,0.86609
2013.03.07 00:34:46.836,0.86592,0.86608
2013.03.07 00:34:53.913,0.86591,0.86608
2013.03.07 00:34:57.982,0.86592,0.86609
2013.03.07 00:35:03.443,0.86593,0.86609
2013.03.07 00:35:03.632,0.86595,0.8661
2013.03.07 00:35:04.134,0.86596,0.86612
2013.03.07 00:35:04.682,0.86597,0.86616
2013.03.07 00:35:04.743,0.86597,0.86616
2013.03.07 00:35:09.033,0.86596,0.86614
2013.03.07 00:35:11.564,0.86596,0.86613
2013.03.07 00:35:12.154,0.86596,0.86613
2013.03.07 00:35:13.113,0.86596,0.8661
2013.03.07 00:35:14.282,0.86594,0.86612
2013.03.07 00:35:14.822,0.86596,0.86612
2013.03.07 00:35:17.013,0.86597,0.86614
2013.03.07 00:35:17.566,0.866,0.86615
2013.03.07 00:35:19.684,0.86599,0.86614
2013.03.07 00:35:20.975,0.86598,0.86612
2013.03.07 00:35:21.464,0.86596,0.8661
2013.03.07 00:35:22.233,0.86596,0.86612
2013.03.07 00:35:32.513,0.86595,0.8661
2013.03.07 00:35:34.224,0.86595,0.86613
2013.03.07 00:35:34.473,0.86598,0.86613
2013.03.07 00:35:39.404,0.86598,0.86615
2013.03.07 00:35:42.656,0.86598,0.86613
2013.03.07 00:35:42.964,0.86596,0.86613
2013.03.07 00:35:44.193,0.86598,0.86613
2013.03.07 00:35:44.995,0.86598,0.86614
2013.03.07 00:35:47.373,0.86597,0.86614
2013.03.07 00:35:47.613,0.86596,0.86613
2013.03.07 00:35:48.314,0.86593,0.86612
2013.03.07 00:36:00.292,0.86593,0.86613
2013.03.07 00:36:00.913,0.86595,0.86612
2013.03.07 00:36:01.493,0.86595,0.86612
2013.03.07 00:36:03.425,0.86595,0.86612
2013.03.07 00:36:07.085,0.86596,0.86612
2013.03.07 00:36:09.662,0.86595,0.86612
2013.03.07 00:36:09.913,0.86595,0.86615
2013.03.07 00:36:10.414,0.86596,0.86615
2013.03.07 00:36:11.144,0.86596,0.86613
2013.03.07 00:36:11.474,0.86595,0.86614
2013.03.07 00:36:12.675,0.86597,0.86615
2013.03.07 00:36:24.942,0.86598,0.86616
2013.03.07 00:36:25.183,0.86598,0.86618
2013.03.07 00:36:26.614,0.866,0.8662
2013.03.07 00:36:30.643,0.866,0.8662
2013.03.07 00:36:31.213,0.86599,0.86619
2013.03.07 00:36:39.015,0.86602,0.8662
2013.03.07 00:36:41.445,0.86602,0.86622
2013.03.07 00:36:42.967,0.86602,0.86619
2013.03.07 00:36:43.095,0.86601,0.86619
2013.03.07 00:36:44.333,0.866,0.86619
2013.03.07 00:36:54.293,0.86601,0.86618
2013.03.07 00:36:56.902,0.866,0.86618
2013.03.07 00:36:58.064,0.866,0.86618
2013.03.07 00:37:00.856,0.86601,0.86618
2013.03.07 00:37:02.256,0.866,0.8662
2013.03.07 00:37:18.787,0.866,0.86619
2013.03.07 00:37:25.183,0.86602,0.86618
2013.03.07 00:37:25.362,0.86602,0.86621
2013.03.07 00:37:25.663,0.86603,0.86622
2013.03.07 00:37:25.723,0.86606,0.86624
2013.03.07 00:37:25.904,0.86608,0.86626
2013.03.07 00:37:26.095,0.86609,0.86628
2013.03.07 00:37:26.355,0.86611,0.8663
2013.03.07 00:37:26.604,0.86611,0.8663
2013.03.07 00:37:26.923,0.86616,0.86633
2013.03.07 00:37:27.103,0.86614,0.86633
2013.03.07 00:37:32.123,0.86617,0.86631
2013.03.07 00:37:32.253,0.86617,0.86632
2013.03.07 00:37:41.324,0.86616,0.86632
2013.03.07 00:37:42.442,0.86616,0.86632
2013.03.07 00:37:46.943,0.86616,0.86634
2013.03.07 00:37:50.054,0.86615,0.86633
2013.03.07 00:37:50.845,0.86615,0.86633
2013.03.07 00:37:50.914,0.86615,0.86633
2013.03.07 00:37:53.104,0.86615,0.86633
2013.03.07 00:37:53.855,0.86613,0.86631
2013.03.07 00:37:54.543,0.86614,0.86632
2013.03.07 00:37:55.183,0.86614,0.86632
2013.03.07 00:37:58.694,0.86614,0.86629
2013.03.07 00:37:59.003,0.8661,0.86628
2013.03.07 00:37:59.244,0.8661,0.86627
2013.03.07 00:38:05.986,0.86609,0.86626
2013.03.07 00:38:06.492,0.86609,0.86627
2013.03.07 00:38:06.672,0.8661,0.86627
2013.03.07 00:38:07.255,0.86611,0.86628
2013.03.07 00:38:07.802,0.86612,0.86629
2013.03.07 00:38:14.683,0.86614,0.86633
2013.03.07 00:38:14.863,0.86616,0.86633
2013.03.07 00:38:15.043,0.86616,0.86633
2013.03.07 00:38:15.223,0.86615,0.86633
2013.03.07 00:38:20.683,0.86618,0.86634
2013.03.07 00:38:20.923,0.86618,0.86633
2013.03.07 00:38:21.344,0.86614,0.86631
2013.03.07 00:38:21.473,0.86614,0.86631
2013.03.07 00:38:22.013,0.86614,0.8663
2013.03.07 00:38:22.621,0.86614,0.8663
2013.03.07 00:38:23.393,0.86614,0.86632
2013.03.07 00:38:23.924,0.86614,0.86632
2013.03.07 00:38:25.415,0.86614,0.8663
2013.03.07 00:38:28.915,0.86612,0.8663
2013.03.07 00:38:29.464,0.86612,0.8663
2013.03.07 00:38:30.665,0.86612,0.8663
2013.03.07 00:38:32.904,0.86615,0.86632
2013.03.07 00:38:33.234,0.86616,0.86634
2013.03.07 00:38:33.938,0.86616,0.86635
2013.03.07 00:38:34.457,0.86616,0.86635
2013.03.07 00:38:35.103,0.86615,0.86635
2013.03.07 00:38:35.163,0.86615,0.86634
2013.03.07 00:38:41.625,0.86613,0.86633
2013.03.07 00:38:41.756,0.86612,0.86624
2013.03.07 00:38:41.824,0.86612,0.86621
2013.03.07 00:38:42.156,0.86603,0.86611
2013.03.07 00:38:42.224,0.86599,0.86611
2013.03.07 00:38:42.414,0.8659,0.86608
2013.03.07 00:38:42.595,0.8659,0.86606
2013.03.07 00:38:42.665,0.86588,0.86603
2013.03.07 00:38:42.973,0.86586,0.86601
2013.03.07 00:38:43.532,0.86585,0.86601
2013.03.07 00:38:43.593,0.86585,0.866
2013.03.07 00:38:44.894,0.86585,0.866
2013.03.07 00:38:46.403,0.86583,0.866
2013.03.07 00:38:46.906,0.86581,0.86599
2013.03.07 00:38:48.484,0.86581,0.86599
2013.03.07 00:38:49.027,0.86583,0.86601
2013.03.07 00:38:51.394,0.86583,0.86601
2013.03.07 00:38:51.943,0.86583,0.86601
2013.03.07 00:38:52.183,0.86583,0.86603
2013.03.07 00:38:55.543,0.86584,0.86604
2013.03.07 00:38:56.364,0.86584,0.86602
2013.03.07 00:38:56.544,0.86581,0.86601
2013.03.07 00:38:57.093,0.8658,0.866
2013.03.07 00:38:57.633,0.86583,0.86601
2013.03.07 00:38:57.693,0.86583,0.86602
2013.03.07 00:38:58.052,0.86585,0.86604
2013.03.07 00:39:00.423,0.86588,0.86605
2013.03.07 00:39:00.973,0.86583,0.86602
2013.03.07 00:39:02.514,0.86585,0.86601
2013.03.07 00:39:02.816,0.86582,0.86601
2013.03.07 00:39:02.945,0.86582,0.86601
2013.03.07 00:39:03.673,0.86582,0.86601
2013.03.07 00:39:04.123,0.86584,0.86601
2013.03.07 00:39:04.244,0.86584,0.86601
2013.03.07 00:39:04.364,0.86584,0.86603
2013.03.07 00:39:05.665,0.86586,0.86604
2013.03.07 00:39:05.854,0.86586,0.86606
2013.03.07 00:39:05.973,0.86588,0.86606
2013.03.07 00:39:07.142,0.86586,0.86606
2013.03.07 00:39:07.444,0.86589,0.86609
2013.03.07 00:39:07.633,0.86591,0.86611
2013.03.07 00:39:07.934,0.86592,0.86614
2013.03.07 00:39:08.114,0.86593,0.86614
2013.03.07 00:39:09.152,0.86596,0.86615
2013.03.07 00:39:09.463,0.86601,0.86619
2013.03.07 00:39:09.525,0.86601,0.86619
2013.03.07 00:39:09.594,0.86603,0.8662
2013.03.07 00:39:10.133,0.86604,0.86624
2013.03.07 00:39:12.669,0.86606,0.86626
2013.03.07 00:39:12.983,0.86605,0.86625
2013.03.07 00:39:13.385,0.86607,0.86627
2013.03.07 00:39:14.144,0.86605,0.86625
2013.03.07 00:39:20.313,0.86605,0.86623
2013.03.07 00:39:20.443,0.86605,0.86623
2013.03.07 00:39:20.752,0.86604,0.86621
2013.03.07 00:39:21.177,0.86603,0.8662
2013.03.07 00:39:21.723,0.86598,0.86619
2013.03.07 00:39:21.786,0.86598,0.86619
2013.03.07 00:39:22.364,0.86599,0.86619
2013.03.07 00:39:22.864,0.86602,0.8662
2013.03.07 00:39:23.124,0.86602,0.8662
2013.03.07 00:39:23.184,0.86602,0.86621
2013.03.07 00:39:23.624,0.86598,0.86618
2013.03.07 00:39:23.863,0.86597,0.86617
2013.03.07 00:39:23.984,0.86597,0.86617
2013.03.07 00:39:29.873,0.86595,0.86613
2013.03.07 00:39:29.933,0.86593,0.86613
2013.03.07 00:39:30.173,0.86593,0.86613
2013.03.07 00:39:30.713,0.86591,0.86612
2013.03.07 00:39:31.014,0.86592,0.8661
2013.03.07 00:39:33.324,0.8659,0.8661
2013.03.07 00:39:33.635,0.86589,0.86609
2013.03.07 00:39:33.705,0.86589,0.86609
2013.03.07 00:39:34.195,0.86587,0.86606
2013.03.07 00:39:34.384,0.86586,0.86606
2013.03.07 00:39:35.164,0.86585,0.86604
2013.03.07 00:39:35.224,0.86585,0.86604
2013.03.07 00:39:37.354,0.86584,0.86602
2013.03.07 00:39:37.663,0.86583,0.86601
2013.03.07 00:39:40.027,0.86583,0.866
2013.03.07 00:39:41.473,0.86584,0.86602
2013.03.07 00:39:41.993,0.86583,0.86603
2013.03.07 00:39:43.503,0.86585,0.86604
2013.03.07 00:39:46.664,0.86585,0.86604
2013.03.07 00:39:47.202,0.86586,0.86604
2013.03.07 00:39:49.593,0.86586,0.86604
2013.03.07 00:39:52.614,0.86584,0.86604
2013.03.07 00:39:52.794,0.86589,0.86607
2013.03.07 00:39:52.983,0.86587,0.86607
2013.03.07 00:39:53.163,0.86589,0.86607
2013.03.07 00:39:54.764,0.86589,0.86609
2013.03.07 00:39:56.343,0.86591,0.8661
2013.03.07 00:39:56.895,0.86593,0.8661
2013.03.07 00:39:57.564,0.86592,0.8661
2013.03.07 00:40:01.704,0.86593,0.8661
2013.03.07 00:40:02.215,0.86592,0.8661
2013.03.07 00:40:03.492,0.86592,0.8661
2013.03.07 00:40:10.746,0.86591,0.8661
2013.03.07 00:40:10.933,0.86589,0.86609
2013.03.07 00:40:11.477,0.86592,0.86611
2013.03.07 00:40:11.546,0.86593,0.86613
2013.03.07 00:40:12.093,0.86594,0.86612
2013.03.07 00:40:33.903,0.86592,0.86611
2013.03.07 00:40:34.475,0.86594,0.86614
2013.03.07 00:40:43.263,0.86594,0.86614
2013.03.07 00:40:47.993,0.86592,0.86612
2013.03.07 00:40:52.596,0.86594,0.86612
2013.03.07 00:40:58.995,0.86593,0.86613
2013.03.07 00:40:59.543,0.86594,0.86613
2013.03.07 00:41:01.823,0.86595,0.86613
2013.03.07 00:41:02.524,0.86594,0.86612
2013.03.07 00:41:03.294,0.86594,0.86613
2013.03.07 00:41:06.633,0.86594,0.86612
2013.03.07 00:41:09.300,0.86593,0.86611
2013.03.07 00:41:10.177,0.86591,0.86609
2013.03.07 00:41:10.505,0.86594,0.86614
2013.03.07 00:41:14.739,0.86596,0.86614
2013.03.07 00:41:24.875,0.86596,0.86615
2013.03.07 00:41:25.424,0.86598,0.86616
2013.03.07 00:41:32.782,0.86598,0.86616
2013.03.07 00:41:34.364,0.86596,0.86615
2013.03.07 00:41:42.964,0.86597,0.86615
2013.03.07 00:41:45.414,0.86597,0.86615
2013.03.07 00:41:46.083,0.86595,0.86613
2013.03.07 00:41:47.625,0.86594,0.86613
2013.03.07 00:41:48.943,0.86592,0.86612
2013.03.07 00:41:49.453,0.86592,0.86612
2013.03.07 00:41:53.553,0.86593,0.86612
2013.03.07 00:42:02.123,0.86592,0.86612
2013.03.07 00:42:03.865,0.8659,0.86609
2013.03.07 00:42:04.267,0.86589,0.86609
2013.03.07 00:42:10.659,0.86591,0.86611
2013.03.07 00:42:10.783,0.86591,0.86612
2013.03.07 00:42:11.025,0.86593,0.86612
2013.03.07 00:42:26.085,0.86594,0.86612
2013.03.07 00:42:26.624,0.86594,0.86614
2013.03.07 00:42:27.183,0.86597,0.86616
2013.03.07 00:42:28.894,0.86596,0.86617
2013.03.07 00:42:29.085,0.86595,0.86613
2013.03.07 00:42:36.766,0.86592,0.86611
2013.03.07 00:42:36.953,0.86593,0.86611
2013.03.07 00:42:37.564,0.86593,0.86613
2013.03.07 00:42:39.983,0.86592,0.86613
2013.03.07 00:42:46.603,0.86591,0.86611
2013.03.07 00:42:46.664,0.86591,0.86611
2013.03.07 00:42:47.213,0.86587,0.86607
2013.03.07 00:42:47.393,0.86587,0.86607
2013.03.07 00:42:53.664,0.86586,0.86607
2013.03.07 00:42:54.165,0.86585,0.86606
2013.03.07 00:42:54.713,0.86585,0.86606
2013.03.07 00:42:56.125,0.86585,0.86606
2013.03.07 00:42:56.729,0.86586,0.86606
2013.03.07 00:43:00.708,0.86586,0.86606
2013.03.07 00:43:01.214,0.86585,0.86605
2013.03.07 00:43:08.716,0.86584,0.86605
2013.03.07 00:43:11.513,0.86585,0.86605
2013.03.07 00:43:15.252,0.86584,0.86603
2013.03.07 00:43:15.563,0.86584,0.866
2013.03.07 00:43:21.403,0.86582,0.866
2013.03.07 00:43:24.353,0.86583,0.866
2013.03.07 00:43:25.434,0.86582,0.866
2013.03.07 00:43:26.236,0.86582,0.866
2013.03.07 00:43:28.784,0.86583,0.86601
2013.03.07 00:43:28.910,0.86583,0.86601
2013.03.07 00:43:29.213,0.86584,0.86602
2013.03.07 00:43:29.273,0.86584,0.86603
2013.03.07 00:43:31.122,0.86585,0.86605
2013.03.07 00:43:34.594,0.86586,0.86604
2013.03.07 00:43:34.666,0.86586,0.86604
2013.03.07 00:43:34.795,0.86583,0.86602
2013.03.07 00:43:37.423,0.86582,0.86602
2013.03.07 00:43:40.168,0.86582,0.86602
2013.03.07 00:43:40.714,0.86584,0.86602
2013.03.07 00:43:42.683,0.86585,0.86604
2013.03.07 00:43:43.224,0.86585,0.86604
2013.03.07 00:43:43.782,0.86585,0.86604
2013.03.07 00:43:54.303,0.86585,0.86602
2013.03.07 00:43:57.973,0.86585,0.86602
2013.03.07 00:44:00.087,0.86585,0.86602
2013.03.07 00:44:01.743,0.86586,0.86602
2013.03.07 00:44:03.056,0.86586,0.86602
2013.03.07 00:44:08.045,0.86586,0.86602
2013.03.07 00:44:08.553,0.86583,0.86602
2013.03.07 00:44:11.084,0.86582,0.86602
2013.03.07 00:44:11.933,0.86581,0.86599
2013.03.07 00:44:13.616,0.86582,0.86599
2013.03.07 00:44:15.066,0.86581,0.86599
2013.03.07 00:44:15.673,0.86582,0.866
2013.03.07 00:44:20.173,0.86581,0.86601
2013.03.07 00:44:20.354,0.86581,0.86601
2013.03.07 00:44:22.345,0.86582,0.86601
2013.03.07 00:44:31.043,0.86582,0.86601
2013.03.07 00:44:35.765,0.86582,0.86601
2013.03.07 00:44:40.943,0.86585,0.86601
2013.03.07 00:44:45.155,0.86585,0.86601
2013.03.07 00:44:46.186,0.86589,0.86605
2013.03.07 00:44:46.384,0.86589,0.86606
2013.03.07 00:44:47.924,0.86593,0.86606
2013.03.07 00:44:48.433,0.86593,0.86608
2013.03.07 00:44:48.493,0.86588,0.86608
2013.03.07 00:44:49.251,0.86593,0.86608
2013.03.07 00:44:50.033,0.86588,0.86608
2013.03.07 00:44:50.293,0.86593,0.86608
2013.03.07 00:44:50.812,0.86588,0.86608
2013.03.07 00:44:51.176,0.86588,0.86606
2013.03.07 00:44:51.483,0.86587,0.86603
2013.03.07 00:44:51.723,0.86586,0.86603
2013.03.07 00:44:51.903,0.86583,0.86601
2013.03.07 00:44:52.145,0.86582,0.86599
2013.03.07 00:44:52.693,0.86579,0.86597
2013.03.07 00:44:52.874,0.86577,0.86596
2013.03.07 00:44:53.853,0.86578,0.86596
2013.03.07 00:44:55.354,0.86578,0.86596
2013.03.07 00:44:55.903,0.86579,0.86596
2013.03.07 00:44:58.644,0.86577,0.86595
2013.03.07 00:44:59.073,0.86576,0.86594
2013.03.07 00:45:02.953,0.86576,0.86593
2013.03.07 00:45:04.295,0.86576,0.86593
2013.03.07 00:45:04.811,0.86576,0.86593
2013.03.07 00:45:05.364,0.86572,0.8659
2013.03.07 00:45:05.424,0.86572,0.8659
2013.03.07 00:45:05.931,0.86572,0.86588
2013.03.07 00:45:10.676,0.86572,0.86589
2013.03.07 00:45:13.024,0.86572,0.86589
2013.03.07 00:45:13.084,0.8657,0.86588
2013.03.07 00:45:15.873,0.8657,0.86588
2013.03.07 00:45:17.124,0.86572,0.8659
2013.03.07 00:45:17.365,0.86578,0.86593
2013.03.07 00:45:17.734,0.86574,0.86592
2013.03.07 00:45:18.164,0.86573,0.86591
2013.03.07 00:45:21.403,0.8657,0.86589
2013.03.07 00:45:22.154,0.86572,0.8659
2013.03.07 00:45:22.752,0.86572,0.86589
2013.03.07 00:45:23.053,0.86572,0.86589
2013.03.07 00:45:24.675,0.86574,0.86589
2013.03.07 00:45:24.984,0.86575,0.8659
2013.03.07 00:45:25.746,0.86575,0.86593
2013.03.07 00:45:27.713,0.86575,0.86593
2013.03.07 00:45:29.564,0.86575,0.86592
2013.03.07 00:45:32.548,0.86575,0.86593
2013.03.07 00:45:34.875,0.86576,0.86594
2013.03.07 00:45:35.395,0.86576,0.86594
2013.03.07 00:45:38.864,0.86575,0.86595
2013.03.07 00:45:39.392,0.86577,0.86595
2013.03.07 00:45:39.694,0.86578,0.86597
2013.03.07 00:45:41.493,0.86579,0.86597
2013.03.07 00:45:44.483,0.86581,0.86599
2013.03.07 00:45:44.852,0.86582,0.866
2013.03.07 00:45:45.154,0.86582,0.866
2013.03.07 00:45:51.470,0.86582,0.866
2013.03.07 00:45:52.883,0.86583,0.86602
2013.03.07 00:45:53.063,0.86583,0.86603
2013.03.07 00:45:53.245,0.86583,0.86602
2013.03.07 00:46:08.954,0.86583,0.86602
2013.03.07 00:46:09.784,0.86583,0.86601
2013.03.07 00:46:10.437,0.86583,0.866
2013.03.07 00:46:12.307,0.86583,0.86602
2013.03.07 00:46:13.015,0.86586,0.86603
2013.03.07 00:46:28.065,0.86583,0.86602
2013.03.07 00:46:35.443,0.86583,0.86601
2013.03.07 00:46:35.864,0.86579,0.86597
2013.03.07 00:46:36.377,0.86577,0.86597
2013.03.07 00:46:38.103,0.86577,0.86597
2013.03.07 00:46:38.644,0.86576,0.86594
2013.03.07 00:46:39.184,0.86576,0.86594
2013.03.07 00:46:39.805,0.86576,0.86594
2013.03.07 00:46:40.365,0.86575,0.86594
2013.03.07 00:46:46.714,0.86576,0.86594
2013.03.07 00:46:46.776,0.86576,0.86596
2013.03.07 00:46:51.154,0.86578,0.86594
2013.03.07 00:46:51.524,0.86578,0.86592
2013.03.07 00:46:51.705,0.86572,0.86588
2013.03.07 00:46:52.268,0.86573,0.86587
2013.03.07 00:46:54.807,0.86573,0.86589
2013.03.07 00:46:55.793,0.86571,0.86589
2013.03.07 00:47:08.724,0.86572,0.86592
2013.03.07 00:47:12.963,0.86571,0.86591
2013.03.07 00:47:23.903,0.86571,0.86591
2013.03.07 00:47:25.416,0.86571,0.86588
2013.03.07 00:47:25.964,0.8657,0.86588
2013.03.07 00:47:26.504,0.86569,0.86589
2013.03.07 00:47:28.265,0.86568,0.86588
2013.03.07 00:47:28.774,0.86568,0.86589
2013.03.07 00:47:31.604,0.86569,0.86588
2013.03.07 00:47:35.795,0.86569,0.86589
2013.03.07 00:47:36.774,0.86571,0.86591
2013.03.07 00:47:38.199,0.86569,0.8659
2013.03.07 00:47:38.774,0.86569,0.86589
2013.03.07 00:47:40.849,0.86569,0.86589
2013.03.07 00:47:47.073,0.86569,0.86589
2013.03.07 00:47:53.294,0.8657,0.8659
2013.03.07 00:48:05.674,0.86571,0.86591
2013.03.07 00:48:06.094,0.86571,0.86589
2013.03.07 00:48:06.953,0.86571,0.86591
2013.03.07 00:48:11.925,0.86576,0.86596
2013.03.07 00:48:13.354,0.86577,0.86596
2013.03.07 00:48:21.915,0.8658,0.866
2013.03.07 00:48:21.986,0.86583,0.86602
2013.03.07 00:48:22.176,0.86584,0.86602
2013.03.07 00:48:26.157,0.86585,0.86603
2013.03.07 00:48:26.474,0.86585,0.86603
2013.03.07 00:48:26.714,0.86583,0.86603
2013.03.07 00:48:28.424,0.86582,0.86602
2013.03.07 00:48:34.872,0.86582,0.86602
2013.03.07 00:48:39.294,0.86582,0.86602
2013.03.07 00:48:42.394,0.86582,0.86602
2013.03.07 00:48:44.886,0.86582,0.86602
2013.03.07 00:49:02.904,0.86582,0.86602
2013.03.07 00:49:19.063,0.86582,0.86602
2013.03.07 00:49:20.214,0.86581,0.86599
2013.03.07 00:49:34.403,0.86581,0.86599
2013.03.07 00:49:46.354,0.86581,0.86599
2013.03.07 00:49:49.603,0.86581,0.86599
2013.03.07 00:50:04.943,0.86581,0.866
2013.03.07 00:50:20.153,0.86581,0.86601
2013.03.07 00:50:35.368,0.86582,0.866
2013.03.07 00:50:40.674,0.86583,0.86601
2013.03.07 00:50:41.448,0.86583,0.86601
2013.03.07 00:50:42.686,0.86583,0.86601
2013.03.07 00:50:52.545,0.86583,0.86601
2013.03.07 00:51:08.639,0.86582,0.86602
2013.03.07 00:51:16.694,0.86584,0.86602
2013.03.07 00:51:18.071,0.86584,0.86602
2013.03.07 00:51:18.765,0.86585,0.86605
2013.03.07 00:51:18.884,0.86589,0.86605
2013.03.07 00:51:18.956,0.86589,0.86606
2013.03.07 00:51:19.084,0.86588,0.86606
2013.03.07 00:51:27.246,0.86587,0.86605
2013.03.07 00:51:27.376,0.86586,0.86604
2013.03.07 00:51:28.004,0.86585,0.86602
2013.03.07 00:51:28.544,0.86583,0.86601
2013.03.07 00:51:29.353,0.86583,0.86601
2013.03.07 00:51:29.835,0.86583,0.86603
2013.03.07 00:51:30.335,0.86585,0.86603
2013.03.07 00:51:31.297,0.86583,0.86602
2013.03.07 00:51:40.497,0.86584,0.86602
2013.03.07 00:51:46.844,0.86583,0.86602
2013.03.07 00:52:02.656,0.86583,0.86601
2013.03.07 00:52:04.126,0.86586,0.86601
2013.03.07 00:52:04.437,0.86592,0.86607
2013.03.07 00:52:04.625,0.86592,0.86609
2013.03.07 00:52:05.906,0.86593,0.86612
2013.03.07 00:52:06.155,0.86595,0.86612
2013.03.07 00:52:06.215,0.86595,0.86612
2013.03.07 00:52:06.774,0.86595,0.86613
2013.03.07 00:52:18.904,0.86597,0.86615
2013.03.07 00:52:19.444,0.86596,0.86615
2013.03.07 00:52:19.794,0.86598,0.86615
2013.03.07 00:52:31.741,0.86596,0.86615
2013.03.07 00:52:31.875,0.86597,0.86617
2013.03.07 00:52:38.394,0.86599,0.86615
2013.03.07 00:52:42.455,0.86599,0.86617
2013.03.07 00:52:53.375,0.866,0.86615
2013.03.07 00:52:53.445,0.86598,0.86615
2013.03.07 00:52:57.255,0.86598,0.86615
2013.03.07 00:52:58.054,0.866,0.86615
2013.03.07 00:53:04.366,0.86598,0.86615
2013.03.07 00:53:04.855,0.86597,0.86615
2013.03.07 00:53:05.386,0.86598,0.86616
2013.03.07 00:53:05.915,0.866,0.86616
2013.03.07 00:53:06.465,0.86596,0.86616
2013.03.07 00:53:40.834,0.866,0.86619
2013.03.07 00:53:40.894,0.86601,0.86619
2013.03.07 00:53:44.608,0.86601,0.86619
2013.03.07 00:53:47.174,0.86602,0.8662
2013.03.07 00:53:57.179,0.86605,0.86622
2013.03.07 00:53:57.724,0.86605,0.86622
2013.03.07 00:53:58.675,0.86605,0.86623
2013.03.07 00:54:04.664,0.86605,0.86622
2013.03.07 00:54:05.165,0.86603,0.86623
2013.03.07 00:54:06.554,0.86607,0.86623
2013.03.07 00:54:06.974,0.86609,0.86623
2013.03.07 00:54:07.036,0.86609,0.86625
2013.03.07 00:54:07.387,0.86609,0.86627
2013.03.07 00:54:09.916,0.86609,0.86627
2013.03.07 00:54:19.258,0.86609,0.86627
2013.03.07 00:54:19.565,0.86606,0.86626
2013.03.07 00:54:19.762,0.86606,0.86623
2013.03.07 00:54:20.315,0.86605,0.86623
2013.03.07 00:54:24.664,0.86607,0.86623
2013.03.07 00:54:24.786,0.8661,0.86624
2013.03.07 00:54:25.095,0.86609,0.86625
2013.03.07 00:54:25.215,0.86611,0.86628
2013.03.07 00:54:25.635,0.86609,0.86628
2013.03.07 00:54:25.886,0.86608,0.86627
2013.03.07 00:54:25.954,0.86612,0.86627
2013.03.07 00:54:26.075,0.86609,0.86627
2013.03.07 00:54:26.135,0.86609,0.86627
2013.03.07 00:54:28.614,0.86608,0.86626
2013.03.07 00:54:31.157,0.86608,0.86626
2013.03.07 00:54:31.407,0.86612,0.86627
2013.03.07 00:54:31.537,0.86612,0.86627
2013.03.07 00:54:32.052,0.86612,0.86628
2013.03.07 00:54:33.094,0.86612,0.86628
2013.03.07 00:54:34.575,0.86612,0.86628
2013.03.07 00:54:46.074,0.8661,0.86628
2013.03.07 00:54:46.614,0.86611,0.86627
2013.03.07 00:54:46.736,0.86609,0.86627
2013.03.07 00:54:47.512,0.86606,0.86626
2013.03.07 00:54:47.706,0.86606,0.86626
2013.03.07 00:54:48.655,0.86606,0.86626
2013.03.07 00:54:49.695,0.86606,0.86625
2013.03.07 00:54:50.085,0.86605,0.86623
2013.03.07 00:54:51.408,0.86603,0.86621
2013.03.07 00:54:51.476,0.86603,0.86621
2013.03.07 00:54:52.346,0.86603,0.86621
2013.03.07 00:54:52.476,0.86601,0.86619
2013.03.07 00:54:53.114,0.86604,0.86619
2013.03.07 00:54:53.294,0.86602,0.86619
2013.03.07 00:54:53.416,0.86603,0.86622
2013.03.07 00:54:53.845,0.86606,0.86622
2013.03.07 00:54:53.966,0.86605,0.86623
2013.03.07 00:54:54.155,0.86606,0.86623
2013.03.07 00:54:54.277,0.86604,0.86622
2013.03.07 00:54:54.756,0.86604,0.86623
2013.03.07 00:54:55.137,0.86606,0.86623
2013.03.07 00:54:55.626,0.86607,0.86626
2013.03.07 00:54:55.755,0.86607,0.86625
2013.03.07 00:54:56.114,0.86607,0.86626
2013.03.07 00:55:00.221,0.86609,0.86626
2013.03.07 00:55:00.407,0.86608,0.86626
2013.03.07 00:55:01.187,0.86612,0.86628
2013.03.07 00:55:01.375,0.86614,0.86628
2013.03.07 00:55:01.748,0.86616,0.86635
2013.03.07 00:55:02.356,0.86616,0.86635
2013.03.07 00:55:02.675,0.86625,0.86639
2013.03.07 00:55:03.045,0.86624,0.8664
2013.03.07 00:55:03.405,0.86621,0.8664
2013.03.07 00:55:04.264,0.86618,0.86638
2013.03.07 00:55:05.115,0.86616,0.86636
2013.03.07 00:55:05.356,0.86618,0.86636
2013.03.07 00:55:06.573,0.86617,0.86636
2013.03.07 00:55:07.086,0.86618,0.86638
2013.03.07 00:55:07.634,0.86616,0.86636
2013.03.07 00:55:07.698,0.86615,0.86634
2013.03.07 00:55:08.576,0.86616,0.86634
2013.03.07 00:55:09.163,0.86616,0.86636
2013.03.07 00:55:13.097,0.86619,0.86637
2013.03.07 00:55:13.585,0.86619,0.86639
2013.03.07 00:55:15.929,0.86618,0.86638
2013.03.07 00:55:15.999,0.86618,0.86638
2013.03.07 00:55:16.545,0.86618,0.86636
2013.03.07 00:55:17.144,0.86619,0.86637
2013.03.07 00:55:17.325,0.86616,0.86636
2013.03.07 00:55:17.684,0.86619,0.86637
2013.03.07 00:55:17.884,0.86616,0.86636
2013.03.07 00:55:18.124,0.86618,0.86637
2013.03.07 00:55:18.434,0.86616,0.86636
2013.03.07 00:55:18.674,0.86618,0.86637
2013.03.07 00:55:18.874,0.86616,0.86636
2013.03.07 00:55:19.234,0.8662,0.86636
2013.03.07 00:55:19.766,0.86618,0.86636
2013.03.07 00:55:21.914,0.86619,0.86636
2013.03.07 00:55:22.815,0.8662,0.86636
2013.03.07 00:55:22.995,0.86618,0.86635
2013.03.07 00:55:25.535,0.86616,0.86633
2013.03.07 00:55:28.584,0.86614,0.86632
2013.03.07 00:55:29.685,0.86617,0.86633
2013.03.07 00:55:29.755,0.86621,0.86632
2013.03.07 00:55:29.997,0.86621,0.86637
2013.03.07 00:55:30.126,0.86621,0.86635
2013.03.07 00:55:30.857,0.86618,0.86636
2013.03.07 00:55:31.184,0.86618,0.86636
2013.03.07 00:55:31.727,0.86618,0.86637
2013.03.07 00:55:33.305,0.8662,0.86638
2013.03.07 00:55:33.377,0.8662,0.86638
2013.03.07 00:55:34.615,0.86618,0.86638
2013.03.07 00:55:34.676,0.86618,0.86638
2013.03.07 00:55:35.105,0.86618,0.86637
2013.03.07 00:55:35.165,0.86618,0.86637
2013.03.07 00:55:35.834,0.86617,0.86636
2013.03.07 00:55:36.385,0.86616,0.86635
2013.03.07 00:55:36.455,0.86616,0.86635
2013.03.07 00:55:36.756,0.86616,0.86635
2013.03.07 00:55:45.225,0.86616,0.86635
2013.03.07 00:55:47.935,0.86617,0.86635
2013.03.07 00:55:53.284,0.86616,0.86636
2013.03.07 00:55:59.408,0.86616,0.86634
2013.03.07 00:56:00.021,0.86616,0.86634
2013.03.07 00:56:00.084,0.86616,0.86634
2013.03.07 00:56:06.986,0.86614,0.86632
2013.03.07 00:56:15.215,0.86614,0.86632
2013.03.07 00:56:23.667,0.86613,0.86632
2013.03.07 00:56:25.716,0.86611,0.86631
2013.03.07 00:56:26.266,0.86613,0.86631
2013.03.07 00:56:27.897,0.86612,0.86631
2013.03.07 00:56:28.825,0.86616,0.86632
2013.03.07 00:56:28.886,0.86617,0.86633
2013.03.07 00:56:29.187,0.86616,0.86632
2013.03.07 00:56:30.136,0.86612,0.8663
2013.03.07 00:56:33.208,0.86612,0.8663
2013.03.07 00:56:35.838,0.86615,0.8663
2013.03.07 00:56:36.395,0.86615,0.8663
2013.03.07 00:56:38.715,0.86614,0.8663
2013.03.07 00:56:39.855,0.86613,0.86632
2013.03.07 00:56:40.405,0.86613,0.86632
2013.03.07 00:56:47.907,0.86612,0.86632
2013.03.07 00:56:53.477,0.86612,0.86631
2013.03.07 00:56:57.735,0.86612,0.8663
2013.03.07 00:57:07.387,0.86612,0.8663
2013.03.07 00:57:12.415,0.86612,0.86631
2013.03.07 00:57:20.715,0.86612,0.86631
2013.03.07 00:57:21.265,0.86613,0.8663
2013.03.07 00:57:29.246,0.86613,0.86631
2013.03.07 00:57:29.365,0.86615,0.86633
2013.03.07 00:57:30.775,0.86616,0.86633
2013.03.07 00:57:32.629,0.86615,0.86633
2013.03.07 00:57:48.175,0.86614,0.86633
2013.03.07 00:57:50.455,0.86614,0.86634
2013.03.07 00:57:55.355,0.86613,0.86633
2013.03.07 00:57:55.415,0.86613,0.86629
2013.03.07 00:57:55.896,0.86614,0.86631
2013.03.07 00:57:56.085,0.86615,0.86632
2013.03.07 00:57:56.564,0.86617,0.86635
2013.03.07 00:57:57.405,0.86614,0.86633
2013.03.07 00:57:57.945,0.86615,0.86631
2013.03.07 00:57:58.484,0.86614,0.86631
2013.03.07 00:57:58.795,0.86614,0.8663
2013.03.07 00:57:59.156,0.86611,0.86629
2013.03.07 00:57:59.406,0.8661,0.86628
2013.03.07 00:57:59.945,0.86609,0.86628
2013.03.07 00:58:00.486,0.86609,0.86627
2013.03.07 00:58:03.354,0.86607,0.86625
2013.03.07 00:58:03.475,0.86607,0.86625
2013.03.07 00:58:03.654,0.86607,0.86625
2013.03.07 00:58:03.955,0.86607,0.86627
2013.03.07 00:58:06.156,0.86609,0.86625
2013.03.07 00:58:06.287,0.86606,0.86625
2013.03.07 00:58:06.595,0.86605,0.86623
2013.03.07 00:58:06.656,0.86605,0.86623
2013.03.07 00:58:06.725,0.86605,0.86623
2013.03.07 00:58:07.265,0.86605,0.86622
2013.03.07 00:58:10.156,0.86605,0.86623
2013.03.07 00:58:10.275,0.86605,0.86623
2013.03.07 00:58:10.776,0.86605,0.86622
2013.03.07 00:58:11.465,0.86605,0.86622
2013.03.07 00:58:18.196,0.86611,0.86624
2013.03.07 00:58:18.257,0.86611,0.86624
2013.03.07 00:58:18.328,0.86611,0.86627
2013.03.07 00:58:18.706,0.86609,0.86625
2013.03.07 00:58:19.137,0.86607,0.86625
2013.03.07 00:58:19.446,0.86609,0.86624
2013.03.07 00:58:19.964,0.86611,0.86626
2013.03.07 00:58:20.044,0.86609,0.86625
2013.03.07 00:58:20.182,0.86611,0.86625
2013.03.07 00:58:20.306,0.86611,0.86628
2013.03.07 00:58:24.505,0.86613,0.86628
2013.03.07 00:58:24.566,0.86613,0.86629
2013.03.07 00:58:25.106,0.86613,0.86631
2013.03.07 00:58:25.625,0.86613,0.86633
2013.03.07 00:58:26.536,0.86613,0.86632
2013.03.07 00:58:30.549,0.86611,0.86631
2013.03.07 00:58:30.916,0.86615,0.86631
2013.03.07 00:58:31.038,0.86614,0.86632
2013.03.07 00:58:31.106,0.86614,0.86632
2013.03.07 00:58:31.237,0.86614,0.86631
2013.03.07 00:58:31.986,0.86612,0.86631
2013.03.07 00:58:41.208,0.86612,0.86629
2013.03.07 00:58:41.755,0.86612,0.86628
2013.03.07 00:58:43.323,0.86613,0.86629
2013.03.07 00:58:43.401,0.86613,0.86629
2013.03.07 00:58:43.470,0.86611,0.86629
2013.03.07 00:58:43.836,0.86611,0.86629
2013.03.07 00:58:46.406,0.86608,0.86628
2013.03.07 00:58:46.466,0.86608,0.86628
2013.03.07 00:58:46.835,0.86611,0.86629
2013.03.07 00:58:47.417,0.86611,0.86629
2013.03.07 00:58:48.365,0.86611,0.86627
2013.03.07 00:58:50.315,0.86611,0.86627
2013.03.07 00:58:50.816,0.86612,0.86627
2013.03.07 00:58:50.936,0.86612,0.86627
2013.03.07 00:58:52.084,0.86612,0.86627
2013.03.07 00:58:53.685,0.86612,0.86628
2013.03.07 00:59:02.345,0.86612,0.8663
2013.03.07 00:59:03.585,0.86612,0.86629
2013.03.07 00:59:09.197,0.86612,0.86627
2013.03.07 00:59:10.386,0.86612,0.86628
2013.03.07 00:59:14.408,0.86612,0.86628
2013.03.07 00:59:14.736,0.86612,0.86627
2013.03.07 00:59:16.548,0.86612,0.86628
2013.03.07 00:59:16.737,0.86612,0.86628
2013.03.07 00:59:16.927,0.86612,0.86628
2013.03.07 00:59:17.487,0.86612,0.86628
2013.03.07 00:59:17.686,0.86612,0.86628
2013.03.07 00:59:21.079,0.86612,0.86628
2013.03.07 00:59:21.219,0.8661,0.86628
2013.03.07 00:59:21.536,0.86612,0.86627
2013.03.07 00:59:21.606,0.86612,0.86627
2013.03.07 00:59:22.166,0.86614,0.86628
2013.03.07 00:59:24.017,0.86609,0.86626
2013.03.07 00:59:27.868,0.86609,0.86628
2013.03.07 00:59:28.119,0.8661,0.86629
2013.03.07 00:59:28.310,0.86613,0.8663
2013.03.07 00:59:29.215,0.86613,0.8663
2013.03.07 00:59:31.372,0.86611,0.86629
2013.03.07 00:59:31.441,0.8661,0.86628
2013.03.07 00:59:31.627,0.86607,0.86623
2013.03.07 00:59:31.816,0.86603,0.86622
2013.03.07 00:59:32.357,0.86602,0.86619
2013.03.07 00:59:32.845,0.86599,0.86619
2013.03.07 00:59:33.445,0.86599,0.86617
2013.03.07 00:59:36.516,0.86599,0.86616
2013.03.07 00:59:40.286,0.86599,0.86615
2013.03.07 00:59:40.587,0.86595,0.86614
2013.03.07 00:59:41.123,0.86595,0.86612
2013.03.07 00:59:41.686,0.86595,0.86612
2013.03.07 00:59:42.235,0.86595,0.86612
2013.03.07 00:59:43.906,0.86595,0.86612
2013.03.07 00:59:44.233,0.86595,0.86612
2013.03.07 00:59:46.857,0.86595,0.86612
2013.03.07 00:59:48.266,0.86595,0.86612
2013.03.07 00:59:51.106,0.86595,0.86613
2013.03.07 00:59:52.312,0.86595,0.86611
2013.03.07 00:59:54.066,0.86595,0.86613
2013.03.07 00:59:55.597,0.86596,0.86613
2013.03.07 00:59:56.145,0.86596,0.86613
2013.03.07 00:59:56.668,0.86596,0.86612
2013.03.07 00:59:56.737,0.86596,0.86612
2013.03.07 00:59:57.485,0.86596,0.86609
2013.03.07 00:59:59.636,0.86594,0.86611
2013.03.07 01:00:00.175,0.86594,0.86609
2013.03.07 01:00:00.706,0.86594,0.86608
2013.03.07 01:00:01.372,0.86595,0.86608
2013.03.07 01:00:10.476,0.86595,0.86611
2013.03.07 01:00:11.985,0.86599,0.86612
2013.03.07 01:00:12.565,0.86598,0.86614
2013.03.07 01:00:13.085,0.86598,0.86614
2013.03.07 01:00:20.485,0.86598,0.86614
2013.03.07 01:00:25.316,0.86598,0.86615
2013.03.07 01:00:26.410,0.86601,0.86615
2013.03.07 01:00:28.506,0.866,0.86615
2013.03.07 01:00:42.642,0.866,0.86615
2013.03.07 01:00:44.315,0.866,0.86617
2013.03.07 01:00:45.165,0.866,0.86616
2013.03.07 01:00:45.685,0.86599,0.86615
2013.03.07 01:00:54.007,0.86599,0.86614
2013.03.07 01:00:57.019,0.86598,0.86614
2013.03.07 01:00:59.273,0.86598,0.86614
2013.03.07 01:01:02.922,0.86598,0.86614
2013.03.07 01:01:05.627,0.86598,0.86614
2013.03.07 01:01:06.176,0.866,0.86614
2013.03.07 01:01:10.247,0.86599,0.86614
2013.03.07 01:01:12.727,0.86599,0.86614
2013.03.07 01:01:22.175,0.86599,0.86613
2013.03.07 01:01:22.295,0.86596,0.86613
2013.03.07 01:01:22.835,0.86594,0.86611
2013.03.07 01:01:22.955,0.86594,0.86611
2013.03.07 01:01:26.438,0.86594,0.86609
2013.03.07 01:01:26.747,0.86594,0.86607
2013.03.07 01:01:29.655,0.86592,0.86606
2013.03.07 01:01:29.897,0.86591,0.86606
2013.03.07 01:01:33.607,0.86588,0.86605
2013.03.07 01:01:33.675,0.86588,0.86605
2013.03.07 01:01:34.216,0.86587,0.86603
2013.03.07 01:01:34.896,0.86587,0.86602
2013.03.07 01:01:35.216,0.86587,0.86603
2013.03.07 01:01:35.406,0.86587,0.86602
2013.03.07 01:01:35.786,0.86587,0.86603
2013.03.07 01:01:35.926,0.86587,0.86602
2013.03.07 01:01:36.239,0.86589,0.86604
2013.03.07 01:01:36.556,0.86592,0.86604
2013.03.07 01:01:37.163,0.86597,0.8661
2013.03.07 01:01:37.978,0.86598,0.86613
2013.03.07 01:01:38.123,0.86599,0.86613
2013.03.07 01:01:38.546,0.86599,0.86613
2013.03.07 01:01:38.728,0.86597,0.86614
2013.03.07 01:01:38.917,0.86597,0.8661
2013.03.07 01:01:39.166,0.86597,0.8661
2013.03.07 01:01:39.226,0.86597,0.86611
2013.03.07 01:01:39.432,0.86595,0.8661
2013.03.07 01:01:39.828,0.86593,0.86608
2013.03.07 01:01:40.748,0.86593,0.86606
2013.03.07 01:01:41.295,0.86594,0.86607
2013.03.07 01:01:43.046,0.86595,0.86608
2013.03.07 01:01:43.466,0.86597,0.86612
2013.03.07 01:01:43.586,0.86597,0.86612
2013.03.07 01:01:43.897,0.86597,0.86611
2013.03.07 01:01:44.466,0.86597,0.86611
2013.03.07 01:01:55.736,0.86596,0.86609
2013.03.07 01:01:59.725,0.86595,0.86609
2013.03.07 01:02:00.436,0.86595,0.86609
2013.03.07 01:02:04.447,0.86592,0.86609
2013.03.07 01:02:04.696,0.86592,0.86603
2013.03.07 01:02:14.186,0.86592,0.86605
2013.03.07 01:02:19.525,0.86591,0.86605
2013.03.07 01:02:27.867,0.86591,0.86603
2013.03.07 01:02:27.928,0.86589,0.86603
2013.03.07 01:02:28.176,0.86589,0.86602
2013.03.07 01:02:34.988,0.86589,0.86602
2013.03.07 01:02:35.061,0.86589,0.86602
2013.03.07 01:02:35.437,0.86584,0.86601
2013.03.07 01:02:35.508,0.86584,0.86598
2013.03.07 01:02:35.816,0.86584,0.86596
2013.03.07 01:02:37.052,0.86584,0.86596
2013.03.07 01:02:38.919,0.86586,0.86597
2013.03.07 01:02:38.989,0.86588,0.86599
2013.03.07 01:02:39.058,0.86588,0.86599
2013.03.07 01:02:39.678,0.86588,0.86599
2013.03.07 01:02:40.256,0.86588,0.86599
2013.03.07 01:02:50.647,0.86586,0.86599
2013.03.07 01:02:53.559,0.86585,0.86598
2013.03.07 01:03:12.666,0.86585,0.86597
2013.03.07 01:03:12.996,0.86585,0.86595
2013.03.07 01:03:17.926,0.86584,0.86595
2013.03.07 01:03:25.935,0.86584,0.86595
2013.03.07 01:03:28.126,0.86586,0.86595
2013.03.07 01:03:29.028,0.86584,0.86595
2013.03.07 01:03:32.646,0.86582,0.86595
2013.03.07 01:03:33.188,0.86582,0.86595
2013.03.07 01:03:39.496,0.86582,0.86599
2013.03.07 01:03:40.679,0.86582,0.86599
2013.03.07 01:03:43.759,0.86582,0.86599
2013.03.07 01:03:46.116,0.86582,0.86599
2013.03.07 01:03:48.105,0.86582,0.86599
2013.03.07 01:03:48.946,0.86582,0.86599
2013.03.07 01:03:56.016,0.86582,0.86599
2013.03.07 01:03:56.135,0.86582,0.86599
2013.03.07 01:03:56.316,0.86582,0.86596
2013.03.07 01:04:01.367,0.86581,0.86593
2013.03.07 01:04:21.969,0.86582,0.86594
2013.03.07 01:04:22.540,0.86584,0.86594
2013.03.07 01:04:22.865,0.86584,0.86594
2013.03.07 01:04:23.185,0.86584,0.86595
2013.03.07 01:04:24.853,0.86584,0.86594
2013.03.07 01:04:26.957,0.86584,0.86595
2013.03.07 01:04:29.919,0.86582,0.86595
2013.03.07 01:04:34.407,0.86582,0.86594
2013.03.07 01:04:34.476,0.86582,0.86594
2013.03.07 01:04:34.717,0.86577,0.86595
2013.03.07 01:04:35.386,0.86578,0.86592
2013.03.07 01:04:35.948,0.86581,0.86593
2013.03.07 01:04:38.636,0.86582,0.86592
2013.03.07 01:04:38.937,0.86582,0.86595
2013.03.07 01:04:39.608,0.86582,0.86595
2013.03.07 01:04:40.158,0.86582,0.86595
2013.03.07 01:04:41.397,0.86582,0.86595
2013.03.07 01:04:41.935,0.86582,0.86595
2013.03.07 01:04:42.062,0.86582,0.86595
2013.03.07 01:04:51.206,0.86582,0.86595
2013.03.07 01:05:01.956,0.86582,0.86595
2013.03.07 01:05:02.500,0.86582,0.86595
2013.03.07 01:05:02.827,0.86583,0.86596
2013.03.07 01:05:04.355,0.86584,0.86595
2013.03.07 01:05:12.415,0.86586,0.86598
2013.03.07 01:05:12.941,0.86586,0.86598
2013.03.07 01:05:14.258,0.86586,0.86598
2013.03.07 01:05:20.898,0.86587,0.86598
2013.03.07 01:05:21.027,0.86588,0.86601
2013.03.07 01:05:21.099,0.86588,0.86601
2013.03.07 01:05:21.349,0.86591,0.86605
2013.03.07 01:05:21.896,0.86594,0.86608
2013.03.07 01:05:22.625,0.86594,0.86608
2013.03.07 01:05:29.047,0.86594,0.86609
2013.03.07 01:05:33.685,0.86594,0.86609
2013.03.07 01:05:38.728,0.86594,0.86608
2013.03.07 01:05:39.247,0.86594,0.86608
2013.03.07 01:05:40.187,0.86594,0.8661
2013.03.07 01:05:40.936,0.86594,0.8661
2013.03.07 01:05:41.476,0.86594,0.8661
2013.03.07 01:05:56.048,0.86595,0.8661
2013.03.07 01:06:00.713,0.86598,0.86608
2013.03.07 01:06:01.021,0.86599,0.8661
2013.03.07 01:06:01.207,0.866,0.86613
2013.03.07 01:06:01.328,0.866,0.86613
2013.03.07 01:06:01.877,0.86599,0.86613
2013.03.07 01:06:01.937,0.86599,0.86613
2013.03.07 01:06:02.681,0.86596,0.86613
2013.03.07 01:06:06.286,0.86596,0.86611
2013.03.07 01:06:07.116,0.86598,0.86611
2013.03.07 01:06:08.927,0.86603,0.86612
2013.03.07 01:06:09.477,0.86602,0.86613
2013.03.07 01:06:10.228,0.86599,0.86612
2013.03.07 01:06:10.486,0.86599,0.86611
2013.03.07 01:06:10.667,0.86599,0.86612
2013.03.07 01:06:11.291,0.86599,0.86612
2013.03.07 01:06:11.477,0.86599,0.86614
2013.03.07 01:06:11.898,0.86604,0.86614
2013.03.07 01:06:12.417,0.86604,0.86615
2013.03.07 01:06:12.536,0.86603,0.86615
2013.03.07 01:06:16.328,0.86605,0.86615
2013.03.07 01:06:16.858,0.866,0.86615
2013.03.07 01:06:17.546,0.86602,0.86615
2013.03.07 01:06:21.737,0.866,0.86613
2013.03.07 01:06:22.465,0.86603,0.86613
2013.03.07 01:06:30.457,0.86603,0.86613
2013.03.07 01:06:39.166,0.86603,0.86613
2013.03.07 01:06:40.258,0.86606,0.86615
2013.03.07 01:06:40.578,0.86605,0.86615
2013.03.07 01:06:43.378,0.86605,0.86615
2013.03.07 01:06:43.446,0.86606,0.86617
2013.03.07 01:06:43.807,0.86611,0.86621
2013.03.07 01:06:43.878,0.86611,0.86622
2013.03.07 01:06:44.187,0.86613,0.86621
2013.03.07 01:06:44.378,0.86616,0.86624
2013.03.07 01:06:44.816,0.86616,0.86629
2013.03.07 01:06:44.877,0.86614,0.86629
2013.03.07 01:06:45.413,0.8662,0.86629
2013.03.07 01:06:45.497,0.86616,0.86631
2013.03.07 01:06:46.186,0.86616,0.86632
2013.03.07 01:06:47.277,0.86616,0.86632
2013.03.07 01:06:48.468,0.86616,0.86632
2013.03.07 01:06:52.668,0.86613,0.86631
2013.03.07 01:06:53.100,0.8661,0.86627
2013.03.07 01:07:00.466,0.86611,0.86627
2013.03.07 01:07:01.606,0.8661,0.86627
2013.03.07 01:07:01.847,0.86609,0.86625
2013.03.07 01:07:03.897,0.86612,0.86623
2013.03.07 01:07:05.116,0.86612,0.86623
2013.03.07 01:07:05.355,0.86609,0.86623
2013.03.07 01:07:05.538,0.86606,0.86623
2013.03.07 01:07:05.846,0.86603,0.86619
2013.03.07 01:07:06.206,0.86601,0.86616
2013.03.07 01:07:08.626,0.86603,0.86616
2013.03.07 01:07:14.016,0.86603,0.86616
2013.03.07 01:07:22.828,0.86603,0.86616
2013.03.07 01:07:23.397,0.86604,0.86617
2013.03.07 01:07:23.648,0.86606,0.86617
2013.03.07 01:07:24.077,0.86606,0.86621
2013.03.07 01:07:24.436,0.86606,0.86622
2013.03.07 01:07:24.987,0.86606,0.86622
2013.03.07 01:07:33.447,0.86606,0.86622
2013.03.07 01:07:35.107,0.86606,0.86622
2013.03.07 01:07:35.466,0.86602,0.86619
2013.03.07 01:07:36.067,0.86602,0.86617
2013.03.07 01:07:36.320,0.86602,0.86615
2013.03.07 01:07:36.878,0.86597,0.86613
2013.03.07 01:07:39.487,0.86597,0.86613
2013.03.07 01:07:40.039,0.86597,0.86613
2013.03.07 01:07:40.700,0.86599,0.86613
2013.03.07 01:07:41.797,0.86598,0.86613
2013.03.07 01:07:50.828,0.86597,0.86612
2013.03.07 01:07:59.208,0.86598,0.86613
2013.03.07 01:08:00.075,0.86598,0.86615
2013.03.07 01:08:00.406,0.86598,0.86615
2013.03.07 01:08:00.956,0.86598,0.86615
2013.03.07 01:08:02.796,0.86598,0.86615
2013.03.07 01:08:03.855,0.86598,0.86615
2013.03.07 01:08:05.397,0.86598,0.86615
2013.03.07 01:08:05.997,0.86598,0.86615
2013.03.07 01:08:07.047,0.86595,0.86613
2013.03.07 01:08:07.871,0.86595,0.86613
2013.03.07 01:08:08.426,0.86595,0.86611
2013.03.07 01:08:15.157,0.86593,0.8661
2013.03.07 01:08:15.651,0.86589,0.86607
2013.03.07 01:08:16.017,0.86587,0.86606
2013.03.07 01:08:19.956,0.86587,0.86603
2013.03.07 01:08:20.137,0.86585,0.86601
2013.03.07 01:08:28.167,0.86587,0.86603
2013.03.07 01:08:28.717,0.86588,0.86606
2013.03.07 01:08:29.147,0.86588,0.86601
2013.03.07 01:08:29.267,0.86587,0.86601
2013.03.07 01:08:29.387,0.86586,0.86601
2013.03.07 01:08:30.047,0.8659,0.86607
2013.03.07 01:08:30.107,0.8659,0.86607
2013.03.07 01:08:31.998,0.8659,0.86609
2013.03.07 01:08:32.546,0.8659,0.86606
2013.03.07 01:08:44.966,0.8659,0.86608
2013.03.07 01:08:45.635,0.8659,0.86608
2013.03.07 01:08:45.937,0.8659,0.86608
2013.03.07 01:08:46.257,0.8659,0.86606
2013.03.07 01:08:46.807,0.8659,0.86608
2013.03.07 01:08:47.346,0.86591,0.86608
2013.03.07 01:08:47.407,0.86591,0.86608
2013.03.07 01:08:47.716,0.86591,0.86608
2013.03.07 01:08:50.448,0.86591,0.86606
2013.03.07 01:08:53.007,0.86591,0.86609
2013.03.07 01:08:57.136,0.86591,0.86608
2013.03.07 01:09:11.196,0.86593,0.86608
2013.03.07 01:09:16.657,0.86593,0.8661
2013.03.07 01:09:17.208,0.86593,0.8661
2013.03.07 01:09:19.816,0.86593,0.86612
2013.03.07 01:09:27.416,0.86595,0.86612
2013.03.07 01:09:28.416,0.86593,0.86611
2013.03.07 01:09:30.628,0.86591,0.8661
2013.03.07 01:09:30.937,0.86591,0.86607
2013.03.07 01:09:31.009,0.86591,0.86607
2013.03.07 01:09:32.717,0.8659,0.86605
2013.03.07 01:09:33.447,0.86589,0.86605
2013.03.07 01:09:33.757,0.86588,0.86605
2013.03.07 01:09:34.449,0.86588,0.86605
2013.03.07 01:09:36.306,0.86588,0.86605
2013.03.07 01:09:38.738,0.8659,0.86602
2013.03.07 01:09:38.868,0.86591,0.86605
2013.03.07 01:09:39.048,0.86591,0.86608
2013.03.07 01:09:39.477,0.86589,0.86605
2013.03.07 01:09:39.978,0.86589,0.86607
2013.03.07 01:09:40.050,0.8659,0.86607
2013.03.07 01:09:40.608,0.86592,0.86607
2013.03.07 01:09:41.156,0.86593,0.86607
2013.03.07 01:09:50.913,0.86593,0.86607
2013.03.07 01:09:52.028,0.86592,0.86607
2013.03.07 01:09:55.776,0.86598,0.86607
2013.03.07 01:09:56.288,0.86602,0.86617
2013.03.07 01:09:56.360,0.86602,0.86617
2013.03.07 01:09:56.490,0.86602,0.8662
2013.03.07 01:09:56.619,0.86602,0.86621
2013.03.07 01:09:56.868,0.86604,0.8662
2013.03.07 01:09:56.937,0.86604,0.86619
2013.03.07 01:09:57.478,0.86604,0.8662
2013.03.07 01:10:02.829,0.86604,0.8662
2013.03.07 01:10:03.217,0.86604,0.8662
2013.03.07 01:10:03.468,0.86603,0.86618
2013.03.07 01:10:04.191,0.86604,0.86618
2013.03.07 01:10:06.067,0.86604,0.86618
2013.03.07 01:10:07.998,0.86604,0.86618
2013.03.07 01:10:11.038,0.86601,0.86618
2013.03.07 01:10:11.238,0.86599,0.86616
2013.03.07 01:10:11.608,0.86599,0.86612
2013.03.07 01:10:11.739,0.86599,0.86616
2013.03.07 01:10:13.446,0.866,0.86616
2013.03.07 01:10:14.816,0.86598,0.86614
2013.03.07 01:10:15.138,0.86596,0.86611
2013.03.07 01:10:15.447,0.86595,0.86608
2013.03.07 01:10:15.998,0.86596,0.86608
2013.03.07 01:10:21.947,0.86596,0.86608
2013.03.07 01:10:22.487,0.86595,0.86608
2013.03.07 01:10:23.916,0.86596,0.86608
2013.03.07 01:10:25.517,0.86596,0.86613
2013.03.07 01:10:26.526,0.86596,0.86612
2013.03.07 01:10:27.148,0.86596,0.86607
2013.03.07 01:10:28.826,0.86591,0.86607
2013.03.07 01:10:28.948,0.86591,0.86607
2013.03.07 01:10:31.587,0.86592,0.86606
2013.03.07 01:10:34.215,0.86592,0.86607
2013.03.07 01:10:45.906,0.86594,0.86608
2013.03.07 01:10:49.508,0.86593,0.86608
2013.03.07 01:10:52.906,0.86593,0.86606
2013.03.07 01:10:54.315,0.86592,0.86606
2013.03.07 01:10:54.780,0.86594,0.86608
2013.03.07 01:10:55.397,0.86593,0.86608
2013.03.07 01:11:00.938,0.86591,0.86608
2013.03.07 01:11:01.199,0.86594,0.86606
2013.03.07 01:11:03.158,0.86594,0.86606
2013.03.07 01:11:03.301,0.86594,0.86607
2013.03.07 01:11:03.489,0.86597,0.86611
2013.03.07 01:11:11.447,0.86598,0.86612
2013.03.07 01:11:11.698,0.866,0.86612
2013.03.07 01:11:15.207,0.86597,0.86612
2013.03.07 01:11:15.723,0.86597,0.86611
2013.03.07 01:11:16.397,0.86596,0.86611
2013.03.07 01:11:32.209,0.86593,0.86611
2013.03.07 01:11:35.157,0.86593,0.86609
2013.03.07 01:11:35.217,0.86592,0.86608
2013.03.07 01:11:35.287,0.86592,0.86607
2013.03.07 01:11:35.836,0.86591,0.86606
2013.03.07 01:11:37.728,0.8659,0.86603
2013.03.07 01:11:37.927,0.8659,0.86603
2013.03.07 01:11:39.026,0.8659,0.86605
2013.03.07 01:11:39.087,0.8659,0.86607
2013.03.07 01:11:40.556,0.8659,0.86607
2013.03.07 01:11:45.228,0.8659,0.86607
2013.03.07 01:11:50.917,0.86589,0.86607
2013.03.07 01:11:52.288,0.86589,0.86606
2013.03.07 01:11:52.358,0.86588,0.86605
2013.03.07 01:11:52.977,0.86589,0.86605
2013.03.07 01:11:53.037,0.86589,0.86605
2013.03.07 01:11:53.356,0.86589,0.86607
2013.03.07 01:11:55.098,0.8659,0.86607
2013.03.07 01:11:55.588,0.86591,0.86609
2013.03.07 01:12:00.073,0.86591,0.86609
2013.03.07 01:12:00.881,0.86593,0.86609
2013.03.07 01:12:01.234,0.86592,0.86609
2013.03.07 01:12:01.777,0.86592,0.86609
2013.03.07 01:12:02.308,0.86592,0.86609
2013.03.07 01:12:02.857,0.86591,0.86608
2013.03.07 01:12:03.402,0.86589,0.86607
2013.03.07 01:12:04.206,0.86589,0.86607
2013.03.07 01:12:06.389,0.86589,0.86607
2013.03.07 01:12:06.880,0.86591,0.86609
2013.03.07 01:12:07.528,0.86591,0.86609
2013.03.07 01:12:13.539,0.86592,0.86609
2013.03.07 01:12:14.818,0.86592,0.86609
2013.03.07 01:12:16.018,0.8659,0.86607
2013.03.07 01:12:17.957,0.8659,0.86607
2013.03.07 01:12:18.157,0.86589,0.86606
2013.03.07 01:12:18.466,0.86588,0.86606
2013.03.07 01:12:20.729,0.86589,0.86607
2013.03.07 01:12:20.797,0.86589,0.86608
2013.03.07 01:12:21.260,0.86589,0.86608
2013.03.07 01:12:22.301,0.8659,0.86608
2013.03.07 01:12:26.707,0.8659,0.86608
2013.03.07 01:12:27.019,0.86589,0.86606
2013.03.07 01:12:27.087,0.86589,0.86607
2013.03.07 01:12:29.437,0.86589,0.86607
2013.03.07 01:12:29.677,0.86588,0.86606
2013.03.07 01:12:30.182,0.8659,0.86605
2013.03.07 01:12:30.697,0.8659,0.86606
2013.03.07 01:12:34.677,0.8659,0.86607
2013.03.07 01:12:35.047,0.8659,0.86608
2013.03.07 01:12:35.588,0.8659,0.86608
2013.03.07 01:12:37.467,0.8659,0.86608
2013.03.07 01:12:38.546,0.8659,0.86607
2013.03.07 01:12:46.067,0.86589,0.86607
2013.03.07 01:12:46.697,0.86589,0.86607
2013.03.07 01:12:47.007,0.86588,0.86606
2013.03.07 01:12:47.066,0.86589,0.86607
2013.03.07 01:12:47.707,0.86589,0.86607
2013.03.07 01:12:58.387,0.86589,0.86607
2013.03.07 01:12:58.689,0.86589,0.86608
2013.03.07 01:12:58.879,0.86589,0.86608
2013.03.07 01:13:00.649,0.86591,0.86609
2013.03.07 01:13:01.342,0.86591,0.86608
2013.03.07 01:13:11.099,0.8659,0.86608
2013.03.07 01:13:16.116,0.8659,0.86608
2013.03.07 01:13:17.890,0.86592,0.8661
2013.03.07 01:13:18.420,0.86592,0.86609
2013.03.07 01:13:28.407,0.86592,0.86609
2013.03.07 01:13:28.527,0.86592,0.86608
2013.03.07 01:13:29.096,0.8659,0.86608
2013.03.07 01:13:29.647,0.8659,0.86607
2013.03.07 01:13:29.947,0.86588,0.86605
2013.03.07 01:13:30.148,0.86587,0.86605
2013.03.07 01:13:30.218,0.86587,0.86605
2013.03.07 01:13:30.417,0.86587,0.86604
2013.03.07 01:13:33.980,0.86586,0.86604
2013.03.07 01:13:36.767,0.86585,0.86605
2013.03.07 01:13:36.886,0.86585,0.86605
2013.03.07 01:13:42.367,0.86588,0.86607
2013.03.07 01:13:43.083,0.86587,0.86605
2013.03.07 01:13:48.222,0.86585,0.86603
2013.03.07 01:13:49.408,0.86585,0.86603
2013.03.07 01:13:49.656,0.86584,0.86602
2013.03.07 01:13:49.777,0.86584,0.86602
2013.03.07 01:13:50.231,0.86582,0.86599
2013.03.07 01:13:50.478,0.86583,0.866
2013.03.07 01:13:50.847,0.86583,0.866
2013.03.07 01:13:51.207,0.86583,0.866
2013.03.07 01:13:51.688,0.86583,0.866
2013.03.07 01:13:54.026,0.86582,0.866
2013.03.07 01:13:54.587,0.86582,0.866
2013.03.07 01:14:02.698,0.86582,0.86598
2013.03.07 01:14:04.359,0.86582,0.86599
2013.03.07 01:14:04.667,0.86582,0.86599
2013.03.07 01:14:05.237,0.86584,0.86602
2013.03.07 01:14:05.627,0.86584,0.86602
2013.03.07 01:14:09.996,0.86586,0.86604
2013.03.07 01:14:18.396,0.86586,0.86603
2013.03.07 01:14:18.598,0.86585,0.86602
2013.03.07 01:14:24.408,0.86582,0.866
2013.03.07 01:14:25.370,0.86584,0.86602
2013.03.07 01:14:25.500,0.86585,0.86603
2013.03.07 01:14:25.688,0.86586,0.86603
2013.03.07 01:14:25.866,0.86586,0.86603
2013.03.07 01:14:26.166,0.86587,0.86606
2013.03.07 01:14:26.227,0.8659,0.86608
2013.03.07 01:14:26.755,0.86591,0.86608
2013.03.07 01:14:30.956,0.86589,0.86608
2013.03.07 01:14:35.126,0.86589,0.86608
2013.03.07 01:14:42.847,0.86589,0.86608
2013.03.07 01:14:47.066,0.86591,0.86609
2013.03.07 01:14:49.626,0.8659,0.86608
2013.03.07 01:14:49.747,0.86592,0.86608
2013.03.07 01:14:51.896,0.8659,0.86608
2013.03.07 01:14:59.638,0.8659,0.86608
2013.03.07 01:15:06.483,0.8659,0.86608
2013.03.07 01:15:21.376,0.86589,0.86607
2013.03.07 01:15:25.658,0.86588,0.86606
2013.03.07 01:15:31.166,0.86587,0.86606
2013.03.07 01:15:38.968,0.86586,0.86604
2013.03.07 01:15:39.096,0.86584,0.86604
2013.03.07 01:15:39.817,0.86584,0.86604
2013.03.07 01:15:40.176,0.86584,0.86603
2013.03.07 01:15:42.929,0.86584,0.86602
2013.03.07 01:15:47.116,0.86583,0.86602
2013.03.07 01:15:49.579,0.86584,0.86602
2013.03.07 01:15:50.558,0.86584,0.86602
2013.03.07 01:15:51.097,0.86585,0.86603
2013.03.07 01:15:51.467,0.86582,0.86602
2013.03.07 01:15:51.648,0.86582,0.86601
2013.03.07 01:15:52.019,0.8658,0.86599
2013.03.07 01:16:08.497,0.8658,0.86599
2013.03.07 01:16:19.307,0.86578,0.86597
2013.03.07 01:16:19.369,0.86577,0.86596
2013.03.07 01:16:26.127,0.86575,0.86593
2013.03.07 01:16:27.546,0.86574,0.86593
2013.03.07 01:16:29.069,0.86576,0.86594
2013.03.07 01:16:29.257,0.86576,0.86593
2013.03.07 01:16:29.378,0.86577,0.86594
2013.03.07 01:16:37.978,0.86577,0.86594
2013.03.07 01:16:38.107,0.86577,0.86593
2013.03.07 01:16:38.638,0.86574,0.86592
2013.03.07 01:16:39.190,0.86573,0.86591
2013.03.07 01:16:39.258,0.86571,0.86589
2013.03.07 01:16:39.387,0.86571,0.8659
2013.03.07 01:16:39.747,0.86574,0.86591
2013.03.07 01:16:39.867,0.86574,0.86591
2013.03.07 01:16:40.170,0.86572,0.8659
2013.03.07 01:16:41.576,0.86572,0.8659
2013.03.07 01:16:41.936,0.86572,0.8659
2013.03.07 01:16:44.078,0.86572,0.8659
2013.03.07 01:16:44.147,0.86574,0.86592
2013.03.07 01:16:49.137,0.86572,0.86591
2013.03.07 01:16:52.977,0.86572,0.8659
2013.03.07 01:16:53.533,0.86572,0.8659
2013.03.07 01:16:53.873,0.86572,0.8659
2013.03.07 01:16:57.168,0.86572,0.8659
2013.03.07 01:16:57.240,0.86572,0.8659
2013.03.07 01:16:58.439,0.86575,0.86592
2013.03.07 01:16:58.778,0.86574,0.86591
2013.03.07 01:16:59.298,0.86576,0.86592
2013.03.07 01:16:59.429,0.86575,0.86593
2013.03.07 01:17:04.481,0.86575,0.86593
2013.03.07 01:17:08.887,0.86578,0.86594
2013.03.07 01:17:10.348,0.86578,0.86596
2013.03.07 01:17:13.688,0.86578,0.86596
2013.03.07 01:17:14.766,0.86579,0.86596
2013.03.07 01:17:15.727,0.86579,0.86596
2013.03.07 01:17:16.898,0.86578,0.86595
2013.03.07 01:17:17.088,0.86577,0.86594
2013.03.07 01:17:17.278,0.86577,0.86595
2013.03.07 01:17:20.302,0.86578,0.86595
2013.03.07 01:17:20.736,0.86575,0.86595
2013.03.07 01:17:21.837,0.86575,0.86595
2013.03.07 01:17:21.958,0.86579,0.86596
2013.03.07 01:17:22.088,0.86576,0.86595
2013.03.07 01:17:22.207,0.86577,0.86595
2013.03.07 01:17:22.388,0.86577,0.86595
2013.03.07 01:17:22.638,0.8658,0.86598
2013.03.07 01:17:23.788,0.86582,0.86599
2013.03.07 01:17:25.427,0.86582,0.86599
2013.03.07 01:17:25.558,0.86583,0.86599
2013.03.07 01:17:25.857,0.86584,0.86602
2013.03.07 01:17:33.937,0.86584,0.86603
2013.03.07 01:17:50.647,0.86584,0.86602
2013.03.07 01:17:50.707,0.86586,0.86603
2013.03.07 01:17:50.887,0.86584,0.86602
2013.03.07 01:17:55.479,0.86585,0.86603
2013.03.07 01:17:55.997,0.86584,0.86603
2013.03.07 01:17:56.480,0.86586,0.86603
2013.03.07 01:18:08.107,0.86586,0.86603
2013.03.07 01:18:13.777,0.86586,0.86603
2013.03.07 01:18:17.440,0.86586,0.86603
2013.03.07 01:18:18.088,0.86587,0.86604
2013.03.07 01:18:20.057,0.86585,0.86603
2013.03.07 01:18:20.989,0.86585,0.86603
2013.03.07 01:18:23.857,0.86585,0.86603
2013.03.07 01:18:26.842,0.86585,0.86603
2013.03.07 01:18:28.047,0.86585,0.86603
2013.03.07 01:18:28.348,0.86586,0.86604
2013.03.07 01:18:30.647,0.86591,0.86606
2013.03.07 01:18:31.007,0.86591,0.86606
2013.03.07 01:18:34.597,0.86589,0.86606
2013.03.07 01:18:35.257,0.8659,0.86606
2013.03.07 01:18:35.797,0.86591,0.86606
2013.03.07 01:18:40.312,0.86591,0.86606
2013.03.07 01:18:42.410,0.86591,0.86606
2013.03.07 01:18:50.376,0.86591,0.86607
2013.03.07 01:18:50.800,0.86591,0.86607
2013.03.07 01:18:50.928,0.86588,0.86602
2013.03.07 01:18:51.239,0.86586,0.86601
2013.03.07 01:18:51.428,0.86583,0.866
2013.03.07 01:18:52.037,0.86583,0.866
2013.03.07 01:18:55.108,0.86583,0.866
2013.03.07 01:19:02.379,0.86584,0.866
2013.03.07 01:19:02.630,0.86586,0.86602
2013.03.07 01:19:03.516,0.86588,0.86603
2013.03.07 01:19:05.398,0.86587,0.86603
2013.03.07 01:19:07.170,0.86586,0.86601
2013.03.07 01:19:07.717,0.86586,0.86602
2013.03.07 01:19:10.197,0.86586,0.86602
2013.03.07 01:19:14.829,0.86586,0.86601
2013.03.07 01:19:15.355,0.86586,0.86603
2013.03.07 01:19:17.477,0.86586,0.86603
2013.03.07 01:19:18.017,0.86586,0.86603
2013.03.07 01:19:20.000,0.86586,0.86603
2013.03.07 01:19:20.510,0.86588,0.86603
2013.03.07 01:19:22.498,0.86588,0.86603
2013.03.07 01:19:25.147,0.86589,0.86607
2013.03.07 01:19:25.450,0.86588,0.86606
2013.03.07 01:19:25.999,0.86588,0.86604
2013.03.07 01:19:26.307,0.86588,0.86604
2013.03.07 01:19:26.548,0.8659,0.86607
2013.03.07 01:19:26.667,0.86592,0.86607
2013.03.07 01:19:27.353,0.86595,0.86608
2013.03.07 01:19:27.420,0.86596,0.86608
2013.03.07 01:19:28.257,0.86596,0.86613
2013.03.07 01:19:28.318,0.86597,0.86613
2013.03.07 01:19:28.388,0.86597,0.86613
2013.03.07 01:19:28.689,0.86601,0.86614
2013.03.07 01:19:28.758,0.86601,0.86615
2013.03.07 01:19:28.938,0.86602,0.86617
2013.03.07 01:19:29.117,0.86602,0.86621
2013.03.07 01:19:29.668,0.86605,0.8662
2013.03.07 01:19:30.570,0.86603,0.86621
2013.03.07 01:19:31.331,0.86602,0.86621
2013.03.07 01:19:45.088,0.866,0.8662
2013.03.07 01:19:52.540,0.866,0.86619
2013.03.07 01:19:57.228,0.86601,0.86619
2013.03.07 01:19:57.537,0.86605,0.86622
2013.03.07 01:19:58.078,0.86604,0.86622
2013.03.07 01:20:00.668,0.86603,0.86622
2013.03.07 01:20:01.967,0.86603,0.86622
2013.03.07 01:20:02.327,0.86605,0.86622
2013.03.07 01:20:02.448,0.86607,0.86623
2013.03.07 01:20:08.327,0.86604,0.86623
2013.03.07 01:20:08.878,0.86603,0.86623
2013.03.07 01:20:13.467,0.86601,0.86621
2013.03.07 01:20:15.342,0.86603,0.86621
2013.03.07 01:20:15.707,0.86605,0.86622
2013.03.07 01:20:15.767,0.86603,0.86621
2013.03.07 01:20:15.888,0.86603,0.86619
2013.03.07 01:20:16.669,0.86599,0.86618
2013.03.07 01:20:16.857,0.86598,0.86616
2013.03.07 01:20:16.919,0.86598,0.86616
2013.03.07 01:20:17.047,0.86598,0.86617
2013.03.07 01:20:36.537,0.86598,0.86616
2013.03.07 01:20:38.967,0.86597,0.86616
2013.03.07 01:20:40.001,0.86597,0.86614
2013.03.07 01:20:49.321,0.86598,0.86615
2013.03.07 01:20:57.098,0.866,0.86616
2013.03.07 01:20:57.398,0.866,0.86618
2013.03.07 01:20:58.086,0.86601,0.86618
2013.03.07 01:21:00.028,0.86602,0.86618
2013.03.07 01:21:00.538,0.86601,0.86619
2013.03.07 01:21:06.898,0.86601,0.86617
2013.03.07 01:21:16.737,0.866,0.86618
2013.03.07 01:21:21.926,0.866,0.86618
2013.03.07 01:21:22.435,0.866,0.86618
2013.03.07 01:21:29.430,0.86599,0.86617
2013.03.07 01:21:31.023,0.86599,0.86617
2013.03.07 01:21:37.109,0.86599,0.86617
2013.03.07 01:21:39.998,0.86599,0.86617
2013.03.07 01:21:41.847,0.86599,0.86617
2013.03.07 01:21:42.031,0.86597,0.86615
2013.03.07 01:21:42.229,0.86597,0.86616
2013.03.07 01:21:42.302,0.86598,0.86616
2013.03.07 01:21:43.300,0.86598,0.86616
2013.03.07 01:21:43.951,0.86597,0.86615
2013.03.07 01:21:56.087,0.86597,0.86616
2013.03.07 01:21:56.148,0.86597,0.86617
2013.03.07 01:22:00.162,0.86598,0.86617
2013.03.07 01:22:10.688,0.86598,0.86617
2013.03.07 01:22:10.988,0.86598,0.86614
2013.03.07 01:22:11.467,0.86598,0.86616
2013.03.07 01:22:13.797,0.86598,0.86617
2013.03.07 01:22:14.482,0.86597,0.86616
2013.03.07 01:22:14.609,0.86597,0.86616
2013.03.07 01:22:14.680,0.86597,0.86614
2013.03.07 01:22:15.227,0.86598,0.86615
2013.03.07 01:22:15.362,0.86598,0.86616
