Time,Bid,Ask
2013.03.18 00:00:00.491,0.85346,0.85364
2013.03.18 00:00:01.229,0.85347,0.85364
2013.03.18 00:00:01.769,0.85347,0.85364
2013.03.18 00:00:07.749,0.85346,0.85362
2013.03.18 00:00:10.478,0.85348,0.85363
2013.03.18 00:00:12.379,0.85346,0.85362
2013.03.18 00:00:12.911,0.85345,0.85362
2013.03.18 00:00:14.449,0.85344,0.85363
2013.03.18 00:00:16.111,0.85345,0.85362
2013.03.18 00:00:16.899,0.85342,0.85359
2013.03.18 00:00:17.140,0.8534,0.85358
2013.03.18 00:00:18.273,0.85338,0.85357
2013.03.18 00:00:18.834,0.85338,0.85357
2013.03.18 00:00:20.490,0.85337,0.85354
2013.03.18 00:00:22.600,0.85337,0.85353
2013.03.18 00:00:23.139,0.85337,0.85352
2013.03.18 00:00:23.649,0.85336,0.85351
2013.03.18 00:00:23.950,0.85332,0.85347
2013.03.18 00:00:24.130,0.85329,0.85348
2013.03.18 00:00:24.430,0.85328,0.85346
2013.03.18 00:00:24.948,0.85328,0.85344
2013.03.18 00:00:27.339,0.85326,0.85343
2013.03.18 00:00:28.004,0.85326,0.85343
2013.03.18 00:00:29.309,0.85326,0.85343
2013.03.18 00:00:30.969,0.85326,0.85343
2013.03.18 00:00:31.599,0.85329,0.85343
2013.03.18 00:00:32.388,0.85326,0.85343
2013.03.18 00:00:32.879,0.85325,0.85343
2013.03.18 00:00:33.429,0.85326,0.85343
2013.03.18 00:00:34.152,0.85325,0.85342
2013.03.18 00:00:35.421,0.85327,0.85342
2013.03.18 00:00:36.907,0.85326,0.85342
2013.03.18 00:00:38.121,0.85326,0.85342
2013.03.18 00:00:38.240,0.85326,0.85342
2013.03.18 00:00:38.721,0.85327,0.85345
2013.03.18 00:00:39.663,0.85327,0.85344
2013.03.18 00:00:40.210,0.85327,0.85344
2013.03.18 00:00:40.572,0.85327,0.8534
2013.03.18 00:00:40.872,0.85327,0.85339
2013.03.18 00:00:41.241,0.85326,0.85344
2013.03.18 00:00:41.781,0.85327,0.85344
2013.03.18 00:00:42.140,0.85328,0.85345
2013.03.18 00:00:42.621,0.85327,0.85345
2013.03.18 00:00:42.990,0.85326,0.85343
2013.03.18 00:00:43.731,0.85326,0.85343
2013.03.18 00:00:44.270,0.85326,0.85344
2013.03.18 00:00:47.648,0.85326,0.85344
2013.03.18 00:00:47.722,0.85326,0.85344
2013.03.18 00:00:48.270,0.85327,0.85346
2013.03.18 00:00:51.482,0.85328,0.85346
2013.03.18 00:00:52.020,0.85328,0.85346
2013.03.18 00:00:52.080,0.85329,0.85346
2013.03.18 00:00:52.619,0.8533,0.85346
2013.03.18 00:00:53.482,0.8533,0.85346
2013.03.18 00:00:54.030,0.85331,0.85347
2013.03.18 00:00:54.560,0.85331,0.85347
2013.03.18 00:00:55.040,0.85328,0.85343
2013.03.18 00:00:55.656,0.85327,0.85343
2013.03.18 00:00:56.610,0.85328,0.85345
2013.03.18 00:00:56.732,0.85327,0.85344
2013.03.18 00:00:57.364,0.85328,0.85346
2013.03.18 00:00:57.435,0.85329,0.85347
2013.03.18 00:00:57.560,0.8533,0.85347
2013.03.18 00:00:58.122,0.85332,0.8535
2013.03.18 00:00:58.431,0.85336,0.8535
2013.03.18 00:01:00.419,0.85336,0.85354
2013.03.18 00:01:00.961,0.85336,0.85351
2013.03.18 00:01:01.210,0.85336,0.85351
2013.03.18 00:01:03.243,0.85337,0.85354
2013.03.18 00:01:03.791,0.85338,0.85355
2013.03.18 00:01:03.910,0.85336,0.85355
2013.03.18 00:01:04.601,0.85336,0.85354
2013.03.18 00:01:05.025,0.85336,0.85352
2013.03.18 00:01:06.741,0.85336,0.85351
2013.03.18 00:01:07.290,0.85335,0.85352
2013.03.18 00:01:08.351,0.85335,0.85352
2013.03.18 00:01:09.923,0.85336,0.85352
2013.03.18 00:01:10.232,0.85336,0.85352
2013.03.18 00:01:10.361,0.85335,0.85353
2013.03.18 00:01:11.125,0.85342,0.85357
2013.03.18 00:01:15.077,0.85341,0.85359
2013.03.18 00:01:15.613,0.85341,0.85358
2013.03.18 00:01:16.159,0.85342,0.8536
2013.03.18 00:01:16.243,0.85342,0.85361
2013.03.18 00:01:16.630,0.85342,0.85361
2013.03.18 00:01:17.070,0.85342,0.85361
2013.03.18 00:01:17.620,0.85342,0.85361
2013.03.18 00:01:18.211,0.85342,0.8536
2013.03.18 00:01:18.770,0.85343,0.8536
2013.03.18 00:01:19.702,0.85342,0.8536
2013.03.18 00:01:20.938,0.85342,0.8536
2013.03.18 00:01:21.750,0.85342,0.8536
2013.03.18 00:01:22.347,0.85342,0.8536
2013.03.18 00:01:22.960,0.85342,0.8536
2013.03.18 00:01:24.000,0.85343,0.85359
2013.03.18 00:01:25.152,0.85343,0.8536
2013.03.18 00:01:26.171,0.85343,0.8536
2013.03.18 00:01:26.481,0.85344,0.85362
2013.03.18 00:01:27.180,0.85344,0.85362
2013.03.18 00:01:28.600,0.85347,0.85362
2013.03.18 00:01:28.782,0.85348,0.85366
2013.03.18 00:01:28.900,0.85348,0.85368
2013.03.18 00:01:29.452,0.8535,0.8537
2013.03.18 00:01:29.839,0.85351,0.8537
2013.03.18 00:01:31.011,0.85351,0.8537
2013.03.18 00:01:32.101,0.85352,0.85369
2013.03.18 00:01:33.452,0.85351,0.85368
2013.03.18 00:01:33.522,0.85349,0.85367
2013.03.18 00:01:33.701,0.85348,0.85365
2013.03.18 00:01:33.820,0.85347,0.85365
2013.03.18 00:01:34.635,0.85347,0.85364
2013.03.18 00:01:35.139,0.85347,0.85364
2013.03.18 00:01:35.811,0.85347,0.85365
2013.03.18 00:01:36.612,0.85347,0.85366
2013.03.18 00:01:36.802,0.85354,0.85368
2013.03.18 00:01:36.932,0.85351,0.85368
2013.03.18 00:01:37.480,0.85352,0.85367
2013.03.18 00:01:38.381,0.8535,0.85367
2013.03.18 00:01:39.481,0.8535,0.85366
2013.03.18 00:01:39.543,0.8535,0.85366
2013.03.18 00:01:39.982,0.8535,0.85365
2013.03.18 00:01:40.171,0.85349,0.85364
2013.03.18 00:01:40.770,0.85348,0.85364
2013.03.18 00:01:41.471,0.85348,0.85366
2013.03.18 00:01:41.650,0.85348,0.85366
2013.03.18 00:01:41.831,0.8535,0.85367
2013.03.18 00:01:42.391,0.8535,0.85369
2013.03.18 00:01:42.700,0.85352,0.8537
2013.03.18 00:01:44.032,0.85349,0.85369
2013.03.18 00:01:45.319,0.85349,0.85368
2013.03.18 00:01:47.940,0.85349,0.85366
2013.03.18 00:01:48.480,0.85349,0.85363
2013.03.18 00:01:58.452,0.8535,0.85363
2013.03.18 00:01:58.632,0.85349,0.85359
2013.03.18 00:01:58.692,0.85345,0.85357
2013.03.18 00:01:58.821,0.85338,0.85356
2013.03.18 00:01:58.942,0.85336,0.85352
2013.03.18 00:01:59.014,0.85336,0.85352
2013.03.18 00:01:59.262,0.85335,0.85347
2013.03.18 00:01:59.812,0.85331,0.85346
2013.03.18 00:01:59.931,0.85331,0.85346
2013.03.18 00:02:00.291,0.85327,0.85342
2013.03.18 00:02:00.652,0.85326,0.85342
2013.03.18 00:02:00.962,0.85327,0.85342
2013.03.18 00:02:01.201,0.85327,0.85342
2013.03.18 00:02:02.096,0.85327,0.85342
2013.03.18 00:02:02.170,0.85326,0.85342
2013.03.18 00:02:03.062,0.85327,0.85339
2013.03.18 00:02:04.830,0.85324,0.85339
2013.03.18 00:02:05.151,0.85319,0.85334
2013.03.18 00:02:05.690,0.85319,0.85334
2013.03.18 00:02:07.920,0.85317,0.85334
2013.03.18 00:02:08.163,0.85317,0.85334
2013.03.18 00:02:08.352,0.85316,0.85332
2013.03.18 00:02:08.902,0.85317,0.85332
2013.03.18 00:02:09.211,0.85321,0.85337
2013.03.18 00:02:09.331,0.85319,0.85338
2013.03.18 00:02:09.871,0.85326,0.85338
2013.03.18 00:02:10.279,0.8533,0.85338
2013.03.18 00:02:10.353,0.85331,0.85347
2013.03.18 00:02:10.720,0.85332,0.85348
2013.03.18 00:02:10.961,0.85329,0.85348
2013.03.18 00:02:11.201,0.85328,0.85347
2013.03.18 00:02:11.561,0.85332,0.85342
2013.03.18 00:02:11.862,0.85333,0.85347
2013.03.18 00:02:12.661,0.85331,0.85347
2013.03.18 00:02:12.721,0.85331,0.8534
2013.03.18 00:02:12.900,0.85327,0.8534
2013.03.18 00:02:13.202,0.85326,0.8534
2013.03.18 00:02:13.991,0.85323,0.8534
2013.03.18 00:02:15.583,0.85324,0.8534
2013.03.18 00:02:16.141,0.85324,0.85342
2013.03.18 00:02:16.718,0.85322,0.85342
2013.03.18 00:02:18.675,0.85322,0.85337
2013.03.18 00:02:19.852,0.85318,0.85337
2013.03.18 00:02:20.111,0.85318,0.85335
2013.03.18 00:02:20.170,0.85317,0.85335
2013.03.18 00:02:20.411,0.85317,0.85334
2013.03.18 00:02:20.710,0.85318,0.85335
2013.03.18 00:02:21.930,0.85316,0.85335
2013.03.18 00:02:22.820,0.85316,0.85335
2013.03.18 00:02:23.471,0.85316,0.85335
2013.03.18 00:02:24.173,0.85317,0.85335
2013.03.18 00:02:25.381,0.85322,0.85335
2013.03.18 00:02:25.500,0.85331,0.85345
2013.03.18 00:02:26.041,0.85332,0.85347
2013.03.18 00:02:26.440,0.85332,0.85348
2013.03.18 00:02:27.000,0.85332,0.8535
2013.03.18 00:02:27.181,0.85333,0.85351
2013.03.18 00:02:31.630,0.85334,0.85351
2013.03.18 00:02:32.972,0.85334,0.85351
2013.03.18 00:02:34.470,0.85336,0.85351
2013.03.18 00:02:34.771,0.85336,0.85351
2013.03.18 00:02:35.321,0.85337,0.85351
2013.03.18 00:02:35.681,0.85331,0.85348
2013.03.18 00:02:36.171,0.85335,0.85348
2013.03.18 00:02:36.300,0.85331,0.85348
2013.03.18 00:02:36.632,0.85333,0.85348
2013.03.18 00:02:36.751,0.85331,0.85348
2013.03.18 00:02:37.481,0.85333,0.85348
2013.03.18 00:02:37.602,0.85334,0.85348
2013.03.18 00:02:37.902,0.85332,0.85344
2013.03.18 00:02:38.030,0.85332,0.85347
2013.03.18 00:02:38.151,0.85332,0.85348
2013.03.18 00:02:38.391,0.85333,0.85349
2013.03.18 00:02:38.811,0.85333,0.8535
2013.03.18 00:02:39.620,0.85333,0.8535
2013.03.18 00:02:40.247,0.85333,0.8535
2013.03.18 00:02:40.691,0.85332,0.85346
2013.03.18 00:02:40.751,0.85328,0.85346
2013.03.18 00:02:42.741,0.8533,0.85346
2013.03.18 00:02:42.800,0.85333,0.85346
2013.03.18 00:02:42.862,0.85333,0.85352
2013.03.18 00:02:43.121,0.85333,0.85352
2013.03.18 00:02:43.774,0.85334,0.85352
2013.03.18 00:02:44.300,0.85334,0.85351
2013.03.18 00:02:44.820,0.85333,0.85351
2013.03.18 00:02:45.113,0.85333,0.85346
2013.03.18 00:02:46.334,0.85331,0.85346
2013.03.18 00:02:46.403,0.85332,0.85346
2013.03.18 00:02:46.951,0.85329,0.85346
2013.03.18 00:02:47.430,0.85333,0.85346
2013.03.18 00:02:47.731,0.85334,0.85346
2013.03.18 00:02:48.390,0.85334,0.85353
2013.03.18 00:02:48.930,0.85334,0.85353
2013.03.18 00:02:49.291,0.85338,0.85353
2013.03.18 00:02:49.410,0.85334,0.85353
2013.03.18 00:02:49.951,0.85337,0.85353
2013.03.18 00:02:50.130,0.85337,0.85351
2013.03.18 00:02:50.250,0.85336,0.85351
2013.03.18 00:02:50.770,0.85336,0.85351
2013.03.18 00:02:51.340,0.85336,0.85351
2013.03.18 00:02:52.570,0.85335,0.85351
2013.03.18 00:02:52.632,0.85337,0.85351
2013.03.18 00:02:52.948,0.85337,0.85351
2013.03.18 00:02:53.013,0.85335,0.85351
2013.03.18 00:02:53.750,0.85337,0.85351
2013.03.18 00:02:54.361,0.85337,0.85351
2013.03.18 00:02:54.542,0.85335,0.85351
2013.03.18 00:02:54.962,0.85338,0.85351
2013.03.18 00:02:55.530,0.85338,0.85353
2013.03.18 00:02:55.832,0.85339,0.85353
2013.03.18 00:02:56.023,0.85346,0.85362
2013.03.18 00:02:56.152,0.85347,0.85364
2013.03.18 00:02:56.460,0.85349,0.85365
2013.03.18 00:02:56.940,0.85352,0.85368
2013.03.18 00:02:57.570,0.85352,0.85368
2013.03.18 00:02:58.089,0.85352,0.85369
2013.03.18 00:02:59.120,0.85353,0.85371
2013.03.18 00:02:59.481,0.85354,0.85371
2013.03.18 00:03:00.131,0.85352,0.85371
2013.03.18 00:03:00.621,0.85352,0.8537
2013.03.18 00:03:01.162,0.85352,0.8537
2013.03.18 00:03:02.013,0.85352,0.8537
2013.03.18 00:03:02.150,0.85353,0.8537
2013.03.18 00:03:02.985,0.85353,0.8537
2013.03.18 00:03:07.471,0.85353,0.8537
2013.03.18 00:03:08.010,0.85355,0.85371
2013.03.18 00:03:11.790,0.85355,0.85373
2013.03.18 00:03:12.672,0.85357,0.85373
2013.03.18 00:03:12.911,0.8536,0.85373
2013.03.18 00:03:13.030,0.85358,0.85373
2013.03.18 00:03:13.571,0.85361,0.85373
2013.03.18 00:03:13.880,0.85362,0.85373
2013.03.18 00:03:14.120,0.85364,0.8538
2013.03.18 00:03:14.180,0.85364,0.8538
2013.03.18 00:03:14.540,0.85367,0.85382
2013.03.18 00:03:14.661,0.85366,0.85382
2013.03.18 00:03:14.970,0.85365,0.85382
2013.03.18 00:03:15.671,0.85366,0.85382
2013.03.18 00:03:15.791,0.85369,0.85386
2013.03.18 00:03:15.912,0.85368,0.85385
2013.03.18 00:03:16.221,0.85368,0.85386
2013.03.18 00:03:16.906,0.85365,0.85385
2013.03.18 00:03:17.031,0.85371,0.85389
2013.03.18 00:03:17.452,0.85372,0.8539
2013.03.18 00:03:17.692,0.85372,0.85387
2013.03.18 00:03:18.070,0.85366,0.85387
2013.03.18 00:03:18.890,0.85368,0.85388
2013.03.18 00:03:19.430,0.85368,0.85388
2013.03.18 00:03:19.550,0.85367,0.85388
2013.03.18 00:03:19.852,0.8537,0.85388
2013.03.18 00:03:20.172,0.85374,0.85388
2013.03.18 00:03:20.361,0.85374,0.85394
2013.03.18 00:03:20.542,0.85375,0.85397
2013.03.18 00:03:20.602,0.85376,0.85397
2013.03.18 00:03:20.662,0.85377,0.85397
2013.03.18 00:03:20.973,0.85376,0.85393
2013.03.18 00:03:21.402,0.85385,0.85393
2013.03.18 00:03:21.470,0.85385,0.85397
2013.03.18 00:03:21.949,0.85382,0.85397
2013.03.18 00:03:22.372,0.85381,0.85397
2013.03.18 00:03:23.091,0.85385,0.85402
2013.03.18 00:03:23.872,0.85388,0.85402
2013.03.18 00:03:24.001,0.85389,0.85406
2013.03.18 00:03:25.182,0.85392,0.85406
2013.03.18 00:03:25.360,0.85392,0.85411
2013.03.18 00:03:27.400,0.85395,0.8541
2013.03.18 00:03:27.701,0.85391,0.8541
2013.03.18 00:03:28.331,0.85391,0.85412
2013.03.18 00:03:30.192,0.85391,0.85403
2013.03.18 00:03:30.275,0.85381,0.85397
2013.03.18 00:03:30.820,0.85384,0.85397
2013.03.18 00:03:31.380,0.85383,0.85397
2013.03.18 00:03:31.801,0.85382,0.85397
2013.03.18 00:03:31.862,0.85383,0.85402
2013.03.18 00:03:32.532,0.85388,0.85402
2013.03.18 00:03:32.712,0.8539,0.85402
2013.03.18 00:03:33.071,0.85393,0.85411
2013.03.18 00:03:33.610,0.85394,0.85412
2013.03.18 00:03:35.820,0.85394,0.85406
2013.03.18 00:03:36.123,0.85388,0.854
2013.03.18 00:03:36.432,0.85384,0.85396
2013.03.18 00:03:37.450,0.85382,0.85397
2013.03.18 00:03:38.110,0.85381,0.85396
2013.03.18 00:03:38.471,0.85383,0.85396
2013.03.18 00:03:38.711,0.8538,0.85395
2013.03.18 00:03:39.222,0.85379,0.85395
2013.03.18 00:03:39.551,0.85379,0.85392
2013.03.18 00:03:41.941,0.85375,0.85392
2013.03.18 00:03:42.480,0.85375,0.85393
2013.03.18 00:03:42.660,0.85375,0.85393
2013.03.18 00:03:45.092,0.85375,0.85396
2013.03.18 00:03:47.101,0.85375,0.85396
2013.03.18 00:03:49.663,0.85378,0.85397
2013.03.18 00:03:50.263,0.85378,0.85396
2013.03.18 00:03:50.403,0.85378,0.85397
2013.03.18 00:03:51.943,0.8538,0.85398
2013.03.18 00:03:52.373,0.85376,0.85398
2013.03.18 00:03:52.924,0.85378,0.85398
2013.03.18 00:03:54.263,0.8538,0.85398
2013.03.18 00:03:54.660,0.8538,0.85396
2013.03.18 00:03:54.960,0.8538,0.85398
2013.03.18 00:03:55.201,0.85381,0.854
2013.03.18 00:03:55.561,0.85383,0.85403
2013.03.18 00:03:55.920,0.85382,0.85402
2013.03.18 00:03:56.161,0.85382,0.85402
2013.03.18 00:03:57.953,0.85382,0.85403
2013.03.18 00:03:58.143,0.85387,0.85405
2013.03.18 00:03:58.331,0.85389,0.85409
2013.03.18 00:03:58.991,0.8539,0.85405
2013.03.18 00:04:00.171,0.8539,0.85404
2013.03.18 00:04:00.711,0.8539,0.85404
2013.03.18 00:04:00.831,0.8539,0.85404
2013.03.18 00:04:01.012,0.85393,0.85408
2013.03.18 00:04:01.191,0.85393,0.8541
2013.03.18 00:04:01.490,0.85395,0.8541
2013.03.18 00:04:01.671,0.85395,0.85413
2013.03.18 00:04:01.910,0.85396,0.85415
2013.03.18 00:04:02.271,0.85394,0.85414
2013.03.18 00:04:02.391,0.85391,0.85412
2013.03.18 00:04:02.930,0.85392,0.85414
2013.03.18 00:04:03.472,0.85392,0.85414
2013.03.18 00:04:05.992,0.85397,0.85417
2013.03.18 00:04:06.350,0.85399,0.85416
2013.03.18 00:04:06.592,0.85401,0.85416
2013.03.18 00:04:06.781,0.85397,0.85416
2013.03.18 00:04:07.261,0.85397,0.85416
2013.03.18 00:04:07.381,0.85403,0.85417
2013.03.18 00:04:07.440,0.85404,0.85422
2013.03.18 00:04:07.560,0.85404,0.85423
2013.03.18 00:04:08.256,0.854,0.8542
2013.03.18 00:04:08.690,0.85402,0.8542
2013.03.18 00:04:08.814,0.85403,0.85423
2013.03.18 00:04:09.191,0.85405,0.85424
2013.03.18 00:04:09.371,0.85408,0.85426
2013.03.18 00:04:09.670,0.85408,0.85426
2013.03.18 00:04:09.910,0.85408,0.85426
2013.03.18 00:04:10.091,0.85409,0.85425
2013.03.18 00:04:10.151,0.85404,0.85423
2013.03.18 00:04:10.272,0.85404,0.85423
2013.03.18 00:04:10.811,0.85405,0.85422
2013.03.18 00:04:11.231,0.85405,0.85421
2013.03.18 00:04:11.411,0.85405,0.85421
2013.03.18 00:04:11.893,0.85405,0.85421
2013.03.18 00:04:12.022,0.85405,0.85422
2013.03.18 00:04:12.560,0.85403,0.85422
2013.03.18 00:04:12.981,0.85401,0.85419
2013.03.18 00:04:13.290,0.85404,0.8542
2013.03.18 00:04:13.351,0.85405,0.8542
2013.03.18 00:04:13.410,0.85405,0.8542
2013.03.18 00:04:13.773,0.85413,0.85429
2013.03.18 00:04:13.843,0.85413,0.85429
2013.03.18 00:04:13.971,0.85414,0.85429
2013.03.18 00:04:14.211,0.85407,0.85426
2013.03.18 00:04:14.451,0.85408,0.85426
2013.03.18 00:04:14.930,0.85412,0.85427
2013.03.18 00:04:15.219,0.8541,0.85427
2013.03.18 00:04:15.701,0.8541,0.85427
2013.03.18 00:04:15.881,0.85415,0.8543
2013.03.18 00:04:16.192,0.85421,0.85431
2013.03.18 00:04:16.432,0.85424,0.85439
2013.03.18 00:04:16.671,0.85422,0.8544
2013.03.18 00:04:16.733,0.8542,0.85439
2013.03.18 00:04:16.922,0.8542,0.85439
2013.03.18 00:04:17.591,0.85417,0.85437
2013.03.18 00:04:17.652,0.85417,0.85437
2013.03.18 00:04:18.201,0.85416,0.85436
2013.03.18 00:04:18.261,0.85416,0.85435
2013.03.18 00:04:18.801,0.85416,0.85434
2013.03.18 00:04:19.320,0.85415,0.85435
2013.03.18 00:04:19.620,0.85416,0.85437
2013.03.18 00:04:19.740,0.85419,0.85438
2013.03.18 00:04:19.801,0.85422,0.85439
2013.03.18 00:04:19.861,0.85422,0.85439
2013.03.18 00:04:20.882,0.85422,0.85439
2013.03.18 00:04:21.242,0.85421,0.85436
2013.03.18 00:04:21.422,0.85416,0.85434
2013.03.18 00:04:21.542,0.85415,0.85432
2013.03.18 00:04:22.352,0.85414,0.85432
2013.03.18 00:04:22.424,0.85415,0.85434
2013.03.18 00:04:22.673,0.85415,0.85434
2013.03.18 00:04:22.801,0.85414,0.85434
2013.03.18 00:04:22.983,0.85412,0.85432
2013.03.18 00:04:23.051,0.85412,0.85432
2013.03.18 00:04:23.443,0.85412,0.85432
2013.03.18 00:04:23.991,0.85411,0.85431
2013.03.18 00:04:24.171,0.85411,0.85431
2013.03.18 00:04:24.472,0.85411,0.85431
2013.03.18 00:04:24.831,0.85411,0.85431
2013.03.18 00:04:27.101,0.85411,0.85428
2013.03.18 00:04:27.162,0.85408,0.85426
2013.03.18 00:04:27.411,0.85407,0.85426
2013.03.18 00:04:28.272,0.85408,0.85425
2013.03.18 00:04:28.349,0.85407,0.85425
2013.03.18 00:04:28.891,0.85407,0.85426
2013.03.18 00:04:29.192,0.85409,0.85426
2013.03.18 00:04:29.551,0.85406,0.85424
2013.03.18 00:04:29.672,0.85409,0.85426
2013.03.18 00:04:29.731,0.85409,0.85427
2013.03.18 00:04:29.791,0.85411,0.85427
2013.03.18 00:04:30.032,0.85415,0.85431
2013.03.18 00:04:30.151,0.85415,0.85435
2013.03.18 00:04:30.630,0.85417,0.85438
2013.03.18 00:04:31.151,0.85417,0.85438
2013.03.18 00:04:31.450,0.85417,0.85438
2013.03.18 00:04:31.631,0.85417,0.85438
2013.03.18 00:04:32.051,0.85417,0.85436
2013.03.18 00:04:32.112,0.85416,0.85435
2013.03.18 00:04:32.531,0.85416,0.85438
2013.03.18 00:04:32.592,0.85417,0.85438
2013.03.18 00:04:33.131,0.85418,0.85438
2013.03.18 00:04:33.491,0.85416,0.85436
2013.03.18 00:04:33.671,0.85416,0.85436
2013.03.18 00:04:33.861,0.85416,0.85436
2013.03.18 00:04:33.932,0.85416,0.85436
2013.03.18 00:04:34.292,0.85416,0.85438
2013.03.18 00:04:34.541,0.85416,0.85438
2013.03.18 00:04:35.083,0.85417,0.85439
2013.03.18 00:04:35.633,0.85419,0.85439
2013.03.18 00:04:35.822,0.85417,0.85437
2013.03.18 00:04:37.122,0.85415,0.85436
2013.03.18 00:04:37.432,0.85414,0.85434
2013.03.18 00:04:38.191,0.85414,0.85435
2013.03.18 00:04:38.252,0.85416,0.85436
2013.03.18 00:04:38.791,0.85416,0.85435
2013.03.18 00:04:39.672,0.85416,0.85435
2013.03.18 00:04:40.268,0.85417,0.85435
2013.03.18 00:04:40.671,0.85419,0.85437
2013.03.18 00:04:41.171,0.85419,0.85438
2013.03.18 00:04:41.714,0.85419,0.85438
2013.03.18 00:04:42.100,0.85416,0.85437
2013.03.18 00:04:42.161,0.85416,0.85436
2013.03.18 00:04:43.523,0.85417,0.85436
2013.03.18 00:04:43.592,0.85417,0.85437
2013.03.18 00:04:43.897,0.85415,0.85436
2013.03.18 00:04:44.901,0.85414,0.85436
2013.03.18 00:04:47.841,0.85417,0.85437
2013.03.18 00:04:48.083,0.85416,0.85435
2013.03.18 00:04:48.151,0.85416,0.85435
2013.03.18 00:04:49.931,0.85416,0.85435
2013.03.18 00:04:50.152,0.85417,0.85438
2013.03.18 00:04:50.662,0.8542,0.85439
2013.03.18 00:04:51.211,0.85419,0.85438
2013.03.18 00:04:51.752,0.8542,0.8544
2013.03.18 00:04:53.018,0.8542,0.8544
2013.03.18 00:04:53.541,0.8542,0.8544
2013.03.18 00:04:54.081,0.85418,0.85439
2013.03.18 00:04:54.342,0.85418,0.85435
2013.03.18 00:04:54.685,0.85418,0.85435
2013.03.18 00:04:55.081,0.85418,0.85435
2013.03.18 00:04:55.200,0.85418,0.85434
2013.03.18 00:04:55.501,0.8541,0.85428
2013.03.18 00:04:55.620,0.85408,0.85428
2013.03.18 00:04:55.861,0.85407,0.85426
2013.03.18 00:04:55.982,0.85406,0.85418
2013.03.18 00:04:56.992,0.85402,0.85418
2013.03.18 00:04:59.921,0.85405,0.85418
2013.03.18 00:05:01.420,0.85402,0.85418
2013.03.18 00:05:02.560,0.85404,0.85418
2013.03.18 00:05:02.680,0.85403,0.85418
2013.03.18 00:05:02.863,0.85401,0.85418
2013.03.18 00:05:03.781,0.85401,0.85418
2013.03.18 00:05:04.140,0.854,0.85415
2013.03.18 00:05:07.071,0.85399,0.85418
2013.03.18 00:05:07.250,0.85406,0.85418
2013.03.18 00:05:08.052,0.85405,0.85421
2013.03.18 00:05:14.261,0.85405,0.85421
2013.03.18 00:05:16.461,0.85405,0.85419
2013.03.18 00:05:16.821,0.85405,0.85419
2013.03.18 00:05:17.090,0.85405,0.85419
2013.03.18 00:05:17.811,0.85405,0.85421
2013.03.18 00:05:18.389,0.85405,0.85421
2013.03.18 00:05:18.661,0.85405,0.85421
2013.03.18 00:05:21.975,0.85406,0.85423
2013.03.18 00:05:23.771,0.85408,0.85422
2013.03.18 00:05:23.831,0.85408,0.85422
2013.03.18 00:05:23.964,0.85409,0.85425
2013.03.18 00:05:24.211,0.85411,0.85425
2013.03.18 00:05:24.271,0.85411,0.85427
2013.03.18 00:05:24.773,0.85414,0.85428
2013.03.18 00:05:24.961,0.8542,0.85428
2013.03.18 00:05:25.203,0.85419,0.85429
2013.03.18 00:05:25.391,0.85417,0.85429
2013.03.18 00:05:25.931,0.85416,0.85429
2013.03.18 00:05:26.470,0.85417,0.85433
2013.03.18 00:05:27.481,0.85417,0.85433
2013.03.18 00:05:27.661,0.85416,0.85433
2013.03.18 00:05:28.081,0.85415,0.85429
2013.03.18 00:05:28.800,0.85415,0.85429
2013.03.18 00:05:29.013,0.85409,0.85428
2013.03.18 00:05:29.140,0.85409,0.85429
2013.03.18 00:05:29.441,0.85409,0.85424
2013.03.18 00:05:31.412,0.85409,0.85424
2013.03.18 00:05:31.772,0.85408,0.85428
2013.03.18 00:05:31.890,0.85409,0.85428
2013.03.18 00:05:32.425,0.85412,0.85428
2013.03.18 00:05:32.931,0.85412,0.85428
2013.03.18 00:05:34.760,0.85412,0.8543
2013.03.18 00:05:35.322,0.8541,0.8543
2013.03.18 00:05:36.841,0.8541,0.8543
2013.03.18 00:05:39.151,0.85409,0.8543
2013.03.18 00:05:39.682,0.85413,0.8543
2013.03.18 00:05:40.232,0.8541,0.8543
2013.03.18 00:05:40.650,0.85409,0.8543
2013.03.18 00:05:40.711,0.85408,0.85427
2013.03.18 00:05:41.031,0.85408,0.85426
2013.03.18 00:05:41.561,0.85408,0.85427
2013.03.18 00:05:42.120,0.85408,0.85427
2013.03.18 00:05:46.871,0.85407,0.85427
2013.03.18 00:05:51.251,0.85407,0.85427
2013.03.18 00:05:52.251,0.85409,0.85427
2013.03.18 00:05:52.431,0.85409,0.85428
2013.03.18 00:05:52.610,0.85409,0.8543
2013.03.18 00:05:53.691,0.8541,0.8543
2013.03.18 00:05:53.812,0.85409,0.85427
2013.03.18 00:05:53.871,0.85409,0.85427
2013.03.18 00:05:54.111,0.85409,0.85427
2013.03.18 00:05:54.351,0.85406,0.85426
2013.03.18 00:05:54.472,0.85406,0.85423
2013.03.18 00:05:54.592,0.85407,0.85426
2013.03.18 00:05:54.662,0.85409,0.85427
2013.03.18 00:05:54.781,0.85407,0.85426
2013.03.18 00:05:55.321,0.85408,0.85427
2013.03.18 00:05:55.870,0.85407,0.85427
2013.03.18 00:05:55.930,0.85408,0.85427
2013.03.18 00:05:56.231,0.85412,0.85428
2013.03.18 00:05:56.651,0.85412,0.85427
2013.03.18 00:05:56.952,0.85414,0.8543
2013.03.18 00:05:57.371,0.85412,0.85428
2013.03.18 00:05:57.911,0.85409,0.85429
2013.03.18 00:05:58.521,0.85409,0.85429
2013.03.18 00:05:58.642,0.85409,0.8543
2013.03.18 00:06:01.812,0.85409,0.8543
2013.03.18 00:06:04.682,0.85411,0.8543
2013.03.18 00:06:05.357,0.85412,0.85432
2013.03.18 00:06:05.601,0.85416,0.85433
2013.03.18 00:06:05.722,0.85418,0.85437
2013.03.18 00:06:05.912,0.85418,0.85437
2013.03.18 00:06:06.271,0.85421,0.85444
2013.03.18 00:06:06.810,0.85423,0.85443
2013.03.18 00:06:07.171,0.85423,0.85445
2013.03.18 00:06:07.290,0.85425,0.85447
2013.03.18 00:06:07.532,0.85425,0.85448
2013.03.18 00:06:07.651,0.85426,0.85448
2013.03.18 00:06:08.131,0.85425,0.85448
2013.03.18 00:06:08.651,0.8543,0.85448
2013.03.18 00:06:09.202,0.8543,0.85449
2013.03.18 00:06:09.441,0.85428,0.85449
2013.03.18 00:06:09.982,0.85428,0.85447
2013.03.18 00:06:10.521,0.85428,0.85447
2013.03.18 00:06:10.701,0.85428,0.85447
2013.03.18 00:06:11.185,0.85425,0.85445
2013.03.18 00:06:11.252,0.85425,0.8544
2013.03.18 00:06:11.801,0.85424,0.8544
2013.03.18 00:06:12.112,0.85423,0.8544
2013.03.18 00:06:13.561,0.85423,0.85438
2013.03.18 00:06:14.041,0.85422,0.85438
2013.03.18 00:06:14.221,0.85422,0.85438
2013.03.18 00:06:14.764,0.85422,0.85438
2013.03.18 00:06:14.891,0.85421,0.85438
2013.03.18 00:06:15.431,0.85424,0.85438
2013.03.18 00:06:15.770,0.85426,0.85445
2013.03.18 00:06:16.253,0.85422,0.85442
2013.03.18 00:06:16.323,0.85422,0.85441
2013.03.18 00:06:17.186,0.8542,0.85436
2013.03.18 00:06:19.267,0.8542,0.85435
2013.03.18 00:06:19.800,0.8542,0.85435
2013.03.18 00:06:20.340,0.85417,0.85435
2013.03.18 00:06:20.710,0.85417,0.85432
2013.03.18 00:06:21.211,0.85417,0.85432
2013.03.18 00:06:23.134,0.85417,0.8543
2013.03.18 00:06:23.261,0.85415,0.8543
2013.03.18 00:06:23.800,0.85416,0.8543
2013.03.18 00:06:28.833,0.85417,0.85432
2013.03.18 00:06:38.160,0.85417,0.8543
2013.03.18 00:06:46.838,0.85416,0.85429
2013.03.18 00:06:47.402,0.85415,0.85431
2013.03.18 00:06:47.761,0.85413,0.85426
2013.03.18 00:06:47.821,0.8541,0.85422
2013.03.18 00:06:47.883,0.8541,0.85422
2013.03.18 00:06:47.952,0.85407,0.85419
2013.03.18 00:06:48.012,0.85406,0.85419
2013.03.18 00:06:48.132,0.85407,0.85419
2013.03.18 00:06:48.550,0.85408,0.8542
2013.03.18 00:06:48.670,0.85408,0.8542
2013.03.18 00:06:48.972,0.85403,0.85415
2013.03.18 00:06:49.093,0.85403,0.85415
2013.03.18 00:06:49.962,0.85398,0.85415
2013.03.18 00:06:50.083,0.85398,0.85411
2013.03.18 00:06:51.091,0.85399,0.85411
2013.03.18 00:06:51.402,0.854,0.85416
2013.03.18 00:06:52.382,0.85401,0.85416
2013.03.18 00:06:52.502,0.85402,0.85416
2013.03.18 00:06:53.221,0.85399,0.85416
2013.03.18 00:06:53.462,0.85401,0.8542
2013.03.18 00:06:53.641,0.85403,0.8542
2013.03.18 00:06:55.171,0.85404,0.8542
2013.03.18 00:06:55.472,0.85409,0.8542
2013.03.18 00:06:55.651,0.85409,0.85419
2013.03.18 00:06:56.252,0.85405,0.85419
2013.03.18 00:06:56.501,0.85401,0.85417
2013.03.18 00:06:57.314,0.85407,0.85417
2013.03.18 00:06:57.383,0.85403,0.85417
2013.03.18 00:06:58.592,0.85402,0.85417
2013.03.18 00:06:59.795,0.85402,0.85418
2013.03.18 00:07:00.407,0.85402,0.85418
2013.03.18 00:07:01.321,0.85402,0.85418
2013.03.18 00:07:01.380,0.85402,0.85418
2013.03.18 00:07:01.922,0.85398,0.85413
2013.03.18 00:07:02.110,0.85398,0.85413
2013.03.18 00:07:02.651,0.85396,0.8541
2013.03.18 00:07:03.376,0.85396,0.8541
2013.03.18 00:07:04.071,0.85396,0.8541
2013.03.18 00:07:05.931,0.85398,0.8541
2013.03.18 00:07:06.551,0.85397,0.8541
2013.03.18 00:07:07.092,0.85398,0.8541
2013.03.18 00:07:07.151,0.85396,0.8541
2013.03.18 00:07:07.452,0.85396,0.8541
2013.03.18 00:07:08.371,0.85397,0.8541
2013.03.18 00:07:08.552,0.854,0.85412
2013.03.18 00:07:09.091,0.854,0.85412
2013.03.18 00:07:09.933,0.854,0.85412
2013.03.18 00:07:10.361,0.85399,0.85412
2013.03.18 00:07:10.662,0.854,0.85412
2013.03.18 00:07:16.400,0.85396,0.85412
2013.03.18 00:07:16.521,0.85396,0.8541
2013.03.18 00:07:16.641,0.85396,0.8541
2013.03.18 00:07:17.471,0.85396,0.8541
2013.03.18 00:07:18.061,0.85397,0.8541
2013.03.18 00:07:18.620,0.85397,0.8541
2013.03.18 00:07:21.422,0.85397,0.85413
2013.03.18 00:07:22.167,0.85397,0.85413
2013.03.18 00:07:23.520,0.854,0.85415
2013.03.18 00:07:24.070,0.85397,0.8541
2013.03.18 00:07:25.721,0.85398,0.85414
2013.03.18 00:07:26.391,0.85401,0.85414
2013.03.18 00:07:27.392,0.85402,0.85414
2013.03.18 00:07:27.691,0.85402,0.85419
2013.03.18 00:07:27.932,0.85403,0.85419
2013.03.18 00:07:29.117,0.85403,0.85421
2013.03.18 00:07:29.371,0.85412,0.85421
2013.03.18 00:07:29.672,0.85408,0.85425
2013.03.18 00:07:30.091,0.85406,0.85422
2013.03.18 00:07:30.605,0.85407,0.85422
2013.03.18 00:07:30.796,0.85408,0.85422
2013.03.18 00:07:30.923,0.85408,0.85424
2013.03.18 00:07:31.462,0.85408,0.85424
2013.03.18 00:07:31.522,0.85407,0.85419
2013.03.18 00:07:31.592,0.85403,0.85419
2013.03.18 00:07:31.962,0.854,0.85419
2013.03.18 00:07:32.562,0.854,0.85415
2013.03.18 00:07:34.082,0.85401,0.85415
2013.03.18 00:07:34.713,0.85403,0.85417
2013.03.18 00:07:38.392,0.85403,0.85417
2013.03.18 00:07:38.512,0.85404,0.85421
2013.03.18 00:07:40.894,0.85406,0.85421
2013.03.18 00:07:42.240,0.85406,0.85422
2013.03.18 00:07:43.671,0.85404,0.85422
2013.03.18 00:07:45.341,0.85403,0.85421
2013.03.18 00:07:50.083,0.85404,0.85421
2013.03.18 00:07:50.691,0.85403,0.85421
2013.03.18 00:07:50.931,0.85402,0.85421
2013.03.18 00:07:51.802,0.85402,0.8542
2013.03.18 00:07:52.663,0.85405,0.85418
2013.03.18 00:07:52.971,0.85408,0.85418
2013.03.18 00:07:53.571,0.85409,0.85426
2013.03.18 00:07:55.891,0.85408,0.85426
2013.03.18 00:07:56.073,0.85408,0.85421
2013.03.18 00:07:56.202,0.85406,0.85421
2013.03.18 00:07:57.522,0.85409,0.85426
2013.03.18 00:07:57.641,0.85412,0.85426
2013.03.18 00:07:58.601,0.85414,0.85427
2013.03.18 00:07:59.375,0.85413,0.85427
2013.03.18 00:07:59.881,0.85409,0.85427
2013.03.18 00:08:00.799,0.85409,0.85431
2013.03.18 00:08:01.041,0.85411,0.85431
2013.03.18 00:08:02.291,0.85411,0.85431
2013.03.18 00:08:03.277,0.85413,0.85433
2013.03.18 00:08:03.821,0.85413,0.85433
2013.03.18 00:08:04.161,0.85412,0.8543
2013.03.18 00:08:09.032,0.85415,0.8543
2013.03.18 00:08:09.570,0.85413,0.85431
2013.03.18 00:08:09.691,0.85413,0.85431
2013.03.18 00:08:09.751,0.85412,0.8543
2013.03.18 00:08:10.171,0.85411,0.85427
2013.03.18 00:08:10.416,0.85409,0.85427
2013.03.18 00:08:11.140,0.85409,0.85423
2013.03.18 00:08:12.061,0.85409,0.85423
2013.03.18 00:08:12.511,0.85406,0.8542
2013.03.18 00:08:12.631,0.85404,0.8542
2013.03.18 00:08:12.691,0.85403,0.8542
2013.03.18 00:08:13.051,0.85402,0.8542
2013.03.18 00:08:13.444,0.85402,0.85419
2013.03.18 00:08:13.761,0.85403,0.8542
2013.03.18 00:08:14.004,0.85404,0.8542
2013.03.18 00:08:14.492,0.85404,0.8542
2013.03.18 00:08:15.103,0.85406,0.85421
2013.03.18 00:08:16.961,0.85405,0.85422
2013.03.18 00:08:19.932,0.8541,0.85422
2013.03.18 00:08:20.233,0.8541,0.85422
2013.03.18 00:08:21.101,0.85413,0.85426
2013.03.18 00:08:22.304,0.85415,0.85426
2013.03.18 00:08:22.433,0.85415,0.85433
2013.03.18 00:08:22.623,0.85416,0.85433
2013.03.18 00:08:22.812,0.85418,0.85433
2013.03.18 00:08:23.172,0.85417,0.85433
2013.03.18 00:08:23.301,0.85419,0.85436
2013.03.18 00:08:23.421,0.85419,0.85436
2013.03.18 00:08:23.721,0.85415,0.85435
2013.03.18 00:08:24.261,0.85416,0.85432
2013.03.18 00:08:25.271,0.85416,0.85436
2013.03.18 00:08:25.452,0.85417,0.85437
2013.03.18 00:08:25.763,0.85422,0.85437
2013.03.18 00:08:25.953,0.85423,0.85441
2013.03.18 00:08:26.144,0.85423,0.85441
2013.03.18 00:08:26.332,0.85423,0.85441
2013.03.18 00:08:26.691,0.85422,0.85441
2013.03.18 00:08:27.051,0.85422,0.85436
2013.03.18 00:08:27.591,0.85423,0.85436
2013.03.18 00:08:27.943,0.85424,0.85444
2013.03.18 00:08:28.013,0.85423,0.85445
2013.03.18 00:08:28.491,0.85422,0.85443
2013.03.18 00:08:28.552,0.85422,0.85443
2013.03.18 00:08:28.612,0.85422,0.85445
2013.03.18 00:08:28.684,0.85427,0.85445
2013.03.18 00:08:29.232,0.85427,0.85444
2013.03.18 00:08:29.351,0.85425,0.85444
2013.03.18 00:08:29.412,0.85424,0.85439
2013.03.18 00:08:30.132,0.85424,0.85439
2013.03.18 00:08:32.441,0.85423,0.85439
2013.03.18 00:08:34.192,0.85422,0.85436
2013.03.18 00:08:34.252,0.85422,0.85436
2013.03.18 00:08:34.383,0.85424,0.85436
2013.03.18 00:08:34.632,0.85425,0.85442
2013.03.18 00:08:34.931,0.85425,0.85442
2013.03.18 00:08:35.480,0.85424,0.85442
2013.03.18 00:08:36.872,0.85425,0.85442
2013.03.18 00:08:36.992,0.85429,0.85442
2013.03.18 00:08:37.053,0.85429,0.85447
2013.03.18 00:08:37.112,0.85432,0.85447
2013.03.18 00:08:37.652,0.85429,0.85447
2013.03.18 00:08:37.772,0.85427,0.85447
2013.03.18 00:08:38.131,0.85427,0.85441
2013.03.18 00:08:38.432,0.8543,0.85441
2013.03.18 00:08:38.791,0.85429,0.85446
2013.03.18 00:08:39.341,0.85428,0.85446
2013.03.18 00:08:40.181,0.85427,0.85446
2013.03.18 00:08:40.842,0.85427,0.85445
2013.03.18 00:08:41.381,0.85427,0.85445
2013.03.18 00:08:42.700,0.85427,0.85445
2013.03.18 00:08:43.241,0.85428,0.85445
2013.03.18 00:08:43.636,0.85429,0.85446
2013.03.18 00:08:44.181,0.85426,0.85445
2013.03.18 00:08:44.301,0.85426,0.85441
2013.03.18 00:08:48.440,0.85429,0.85441
2013.03.18 00:08:48.753,0.85431,0.85441
2013.03.18 00:08:49.224,0.85431,0.85445
2013.03.18 00:08:51.333,0.8543,0.85445
2013.03.18 00:08:52.301,0.85425,0.85445
2013.03.18 00:08:52.601,0.85425,0.85445
2013.03.18 00:08:52.991,0.85425,0.85443
2013.03.18 00:08:57.751,0.85425,0.8544
2013.03.18 00:08:58.741,0.85427,0.8544
2013.03.18 00:08:59.301,0.85427,0.85442
2013.03.18 00:09:00.082,0.85427,0.85442
2013.03.18 00:09:03.206,0.85427,0.85443
2013.03.18 00:09:04.191,0.85425,0.85443
2013.03.18 00:09:04.742,0.85424,0.85443
2013.03.18 00:09:05.773,0.85424,0.85443
2013.03.18 00:09:05.961,0.85424,0.85443
2013.03.18 00:09:06.512,0.85424,0.85442
2013.03.18 00:09:07.021,0.85426,0.85442
2013.03.18 00:09:07.083,0.85428,0.85446
2013.03.18 00:09:07.392,0.85433,0.85446
2013.03.18 00:09:08.073,0.85436,0.85456
2013.03.18 00:09:08.144,0.85436,0.85456
2013.03.18 00:09:08.272,0.85436,0.85452
2013.03.18 00:09:09.372,0.85436,0.85452
2013.03.18 00:09:11.141,0.85436,0.8545
2013.03.18 00:09:11.501,0.85434,0.85455
2013.03.18 00:09:11.802,0.85439,0.85458
2013.03.18 00:09:12.662,0.85442,0.85458
2013.03.18 00:09:13.532,0.85445,0.85462
2013.03.18 00:09:14.201,0.85445,0.85462
2013.03.18 00:09:14.383,0.8545,0.85462
2013.03.18 00:09:14.751,0.8545,0.85465
2013.03.18 00:09:18.522,0.85445,0.85465
2013.03.18 00:09:19.612,0.85446,0.8546
2013.03.18 00:09:20.580,0.85446,0.8546
2013.03.18 00:09:21.572,0.85446,0.85466
2013.03.18 00:09:21.691,0.85448,0.85466
2013.03.18 00:09:22.012,0.85452,0.85466
2013.03.18 00:09:23.393,0.85451,0.85466
2013.03.18 00:09:23.931,0.85453,0.85466
2013.03.18 00:09:26.602,0.8545,0.85467
2013.03.18 00:09:27.859,0.85451,0.85467
2013.03.18 00:09:28.712,0.85452,0.85471
2013.03.18 00:09:29.593,0.85453,0.85471
2013.03.18 00:09:30.331,0.85452,0.85471
2013.03.18 00:09:31.701,0.85451,0.85469
2013.03.18 00:09:32.082,0.85452,0.85469
2013.03.18 00:09:33.811,0.85452,0.85467
2013.03.18 00:09:35.403,0.85453,0.85467
2013.03.18 00:09:35.991,0.85453,0.85471
2013.03.18 00:09:36.052,0.85452,0.85471
2013.03.18 00:09:36.411,0.85453,0.85468
2013.03.18 00:09:37.352,0.85451,0.85467
2013.03.18 00:09:37.472,0.85451,0.85467
2013.03.18 00:09:40.462,0.85447,0.85466
2013.03.18 00:09:40.712,0.85447,0.85465
2013.03.18 00:09:41.371,0.85443,0.85459
2013.03.18 00:09:41.711,0.85444,0.85459
2013.03.18 00:09:42.251,0.85443,0.85459
2013.03.18 00:09:43.262,0.85443,0.85457
2013.03.18 00:09:48.801,0.8544,0.85455
2013.03.18 00:09:53.971,0.8544,0.85456
2013.03.18 00:10:05.696,0.85438,0.85455
2013.03.18 00:10:07.422,0.85437,0.85455
2013.03.18 00:10:07.661,0.85437,0.85455
2013.03.18 00:10:08.261,0.8544,0.85457
2013.03.18 00:10:10.211,0.85441,0.85457
2013.03.18 00:10:10.571,0.85438,0.85454
2013.03.18 00:10:10.870,0.85438,0.85454
2013.03.18 00:10:12.282,0.8544,0.85456
2013.03.18 00:10:12.847,0.8544,0.85458
2013.03.18 00:10:24.691,0.85439,0.85458
2013.03.18 00:10:25.354,0.85438,0.85457
2013.03.18 00:10:32.062,0.85438,0.85456
2013.03.18 00:10:33.963,0.85438,0.85455
2013.03.18 00:10:36.182,0.85437,0.85455
2013.03.18 00:10:36.721,0.85433,0.85452
2013.03.18 00:10:41.221,0.85433,0.85449
2013.03.18 00:10:41.872,0.85433,0.85453
2013.03.18 00:10:42.231,0.85435,0.85453
2013.03.18 00:10:42.894,0.85439,0.85453
2013.03.18 00:10:44.161,0.85439,0.85453
2013.03.18 00:10:44.828,0.85436,0.85454
2013.03.18 00:10:45.631,0.85439,0.85456
2013.03.18 00:10:46.481,0.8544,0.85458
2013.03.18 00:10:49.391,0.8544,0.85459
2013.03.18 00:10:50.228,0.85443,0.85461
2013.03.18 00:10:51.430,0.85441,0.85461
2013.03.18 00:10:51.873,0.85441,0.85458
2013.03.18 00:10:52.560,0.85439,0.85458
2013.03.18 00:10:53.249,0.85441,0.85458
2013.03.18 00:10:54.641,0.85441,0.85458
2013.03.18 00:10:54.820,0.85439,0.85457
2013.03.18 00:10:55.121,0.85439,0.85457
2013.03.18 00:10:55.422,0.85433,0.85451
2013.03.18 00:10:55.664,0.85432,0.85448
2013.03.18 00:10:56.792,0.8543,0.85448
2013.03.18 00:10:59.493,0.85434,0.85449
2013.03.18 00:11:00.152,0.85434,0.85449
2013.03.18 00:11:02.083,0.85437,0.85449
2013.03.18 00:11:02.442,0.85438,0.85451
2013.03.18 00:11:03.102,0.85438,0.85453
2013.03.18 00:11:03.582,0.85439,0.85453
2013.03.18 00:11:03.821,0.85434,0.85448
2013.03.18 00:11:04.064,0.85433,0.85447
2013.03.18 00:11:04.134,0.85433,0.85449
2013.03.18 00:11:04.693,0.85431,0.85448
2013.03.18 00:11:05.301,0.85432,0.85448
2013.03.18 00:11:05.782,0.85432,0.8545
2013.03.18 00:11:07.303,0.85433,0.8545
2013.03.18 00:11:07.433,0.85434,0.8545
2013.03.18 00:11:07.853,0.85434,0.85453
2013.03.18 00:11:08.103,0.85433,0.85452
2013.03.18 00:11:08.234,0.85429,0.85449
2013.03.18 00:11:08.782,0.85431,0.85449
2013.03.18 00:11:09.803,0.85435,0.85451
2013.03.18 00:11:10.051,0.85434,0.85452
2013.03.18 00:11:10.171,0.85433,0.85452
2013.03.18 00:11:10.594,0.85431,0.85449
2013.03.18 00:11:10.663,0.85431,0.85448
2013.03.18 00:11:11.141,0.85428,0.85446
2013.03.18 00:11:16.682,0.85427,0.85445
2013.03.18 00:11:17.842,0.85426,0.85444
2013.03.18 00:11:18.412,0.85424,0.85444
2013.03.18 00:11:19.151,0.85423,0.85441
2013.03.18 00:11:20.351,0.85424,0.8544
2013.03.18 00:11:21.336,0.85422,0.8544
2013.03.18 00:11:21.409,0.85422,0.85439
2013.03.18 00:11:21.662,0.85424,0.85439
2013.03.18 00:11:22.021,0.85424,0.85441
2013.03.18 00:11:22.203,0.85424,0.85441
2013.03.18 00:11:22.382,0.85424,0.85441
2013.03.18 00:11:23.382,0.85423,0.85441
2013.03.18 00:11:23.681,0.85423,0.8544
2013.03.18 00:11:25.061,0.8542,0.85439
2013.03.18 00:11:25.362,0.85419,0.85434
2013.03.18 00:11:25.422,0.85417,0.85433
2013.03.18 00:11:25.483,0.85417,0.85433
2013.03.18 00:11:25.722,0.85417,0.85434
2013.03.18 00:11:26.284,0.85419,0.85434
2013.03.18 00:11:26.352,0.85419,0.85436
2013.03.18 00:11:26.891,0.85419,0.85437
2013.03.18 00:11:28.210,0.85419,0.85436
2013.03.18 00:11:28.812,0.85422,0.85439
2013.03.18 00:11:28.874,0.85421,0.85439
2013.03.18 00:11:29.408,0.85422,0.8544
2013.03.18 00:11:30.126,0.8542,0.85439
2013.03.18 00:11:30.472,0.8542,0.85437
2013.03.18 00:11:31.545,0.85419,0.85435
2013.03.18 00:11:32.091,0.85419,0.85435
2013.03.18 00:11:34.012,0.85419,0.85434
2013.03.18 00:11:35.351,0.85419,0.85435
2013.03.18 00:11:36.611,0.85419,0.85437
2013.03.18 00:11:37.152,0.85421,0.85437
2013.03.18 00:11:37.753,0.8542,0.85437
2013.03.18 00:11:39.131,0.8542,0.85437
2013.03.18 00:11:39.655,0.8542,0.85437
2013.03.18 00:11:41.562,0.85418,0.85434
2013.03.18 00:11:41.681,0.85423,0.85437
2013.03.18 00:11:41.742,0.85425,0.8544
2013.03.18 00:11:42.232,0.85421,0.85438
2013.03.18 00:11:42.591,0.8542,0.85437
2013.03.18 00:11:44.661,0.85422,0.85437
2013.03.18 00:11:44.785,0.85423,0.85441
2013.03.18 00:11:45.333,0.85428,0.85444
2013.03.18 00:11:45.400,0.85428,0.85444
2013.03.18 00:11:46.522,0.8543,0.85444
2013.03.18 00:11:49.156,0.8543,0.85442
2013.03.18 00:11:49.481,0.85427,0.8544
2013.03.18 00:11:50.464,0.85426,0.8544
2013.03.18 00:11:52.851,0.85426,0.8544
2013.03.18 00:11:56.322,0.85429,0.85443
2013.03.18 00:12:00.001,0.85429,0.85443
2013.03.18 00:12:05.061,0.85431,0.85443
2013.03.18 00:12:11.241,0.85431,0.85446
2013.03.18 00:12:11.582,0.85429,0.85443
2013.03.18 00:12:14.602,0.85425,0.85444
2013.03.18 00:12:15.111,0.85425,0.85444
2013.03.18 00:12:16.181,0.85426,0.85444
2013.03.18 00:12:21.681,0.85427,0.85444
2013.03.18 00:12:27.560,0.85426,0.85442
2013.03.18 00:12:28.201,0.85426,0.85443
2013.03.18 00:12:29.922,0.85428,0.85443
2013.03.18 00:12:31.411,0.85428,0.85443
2013.03.18 00:12:33.041,0.85429,0.85443
2013.03.18 00:12:36.631,0.85429,0.85443
2013.03.18 00:12:46.211,0.85431,0.85444
2013.03.18 00:12:46.391,0.85434,0.85446
2013.03.18 00:12:46.752,0.85434,0.8545
2013.03.18 00:12:47.256,0.85434,0.8545
2013.03.18 00:12:47.972,0.85434,0.8545
2013.03.18 00:12:52.671,0.85436,0.8545
2013.03.18 00:12:52.852,0.85437,0.85453
2013.03.18 00:12:57.221,0.85437,0.85453
2013.03.18 00:12:59.401,0.85437,0.85456
2013.03.18 00:12:59.761,0.85441,0.85457
2013.03.18 00:13:00.361,0.85441,0.85458
2013.03.18 00:13:01.881,0.85445,0.85463
2013.03.18 00:13:02.061,0.85447,0.85464
2013.03.18 00:13:02.601,0.85448,0.85468
2013.03.18 00:13:02.660,0.85448,0.85468
2013.03.18 00:13:02.842,0.85451,0.85471
2013.03.18 00:13:03.201,0.85453,0.85473
2013.03.18 00:13:03.441,0.85453,0.85473
2013.03.18 00:13:04.121,0.85454,0.85473
2013.03.18 00:13:04.184,0.85453,0.85473
2013.03.18 00:13:06.127,0.85456,0.85476
2013.03.18 00:13:07.431,0.85458,0.85476
2013.03.18 00:13:07.995,0.85458,0.85477
2013.03.18 00:13:10.003,0.85455,0.85476
2013.03.18 00:13:10.182,0.85455,0.85474
2013.03.18 00:13:10.362,0.85453,0.85473
2013.03.18 00:13:10.901,0.85453,0.85473
2013.03.18 00:13:11.381,0.85453,0.85473
2013.03.18 00:13:12.491,0.8545,0.8547
2013.03.18 00:13:12.671,0.85449,0.85468
2013.03.18 00:13:13.211,0.85449,0.85466
2013.03.18 00:13:13.760,0.85449,0.85465
2013.03.18 00:13:19.492,0.85449,0.85465
2013.03.18 00:13:19.731,0.85445,0.85465
2013.03.18 00:13:21.679,0.85445,0.85465
2013.03.18 00:13:22.908,0.85444,0.85463
2013.03.18 00:13:22.978,0.85443,0.85463
2013.03.18 00:13:23.642,0.85442,0.8546
2013.03.18 00:13:24.042,0.85442,0.8546
2013.03.18 00:13:24.104,0.85442,0.85458
2013.03.18 00:13:24.472,0.85442,0.8546
2013.03.18 00:13:24.833,0.85442,0.8546
2013.03.18 00:13:25.963,0.85442,0.8546
2013.03.18 00:13:26.093,0.85442,0.85462
2013.03.18 00:13:26.941,0.85442,0.85462
2013.03.18 00:13:27.602,0.85442,0.85462
2013.03.18 00:13:27.782,0.85444,0.85462
2013.03.18 00:13:28.259,0.85446,0.85464
2013.03.18 00:13:28.332,0.85448,0.85466
2013.03.18 00:13:28.751,0.85446,0.85466
2013.03.18 00:13:32.122,0.85446,0.85467
2013.03.18 00:13:32.791,0.85446,0.85465
2013.03.18 00:13:34.231,0.85446,0.85467
2013.03.18 00:13:36.245,0.85445,0.85465
2013.03.18 00:13:36.313,0.85446,0.85466
2013.03.18 00:13:39.233,0.85446,0.85465
2013.03.18 00:13:39.482,0.85446,0.85463
2013.03.18 00:13:39.541,0.85443,0.85463
2013.03.18 00:13:39.902,0.85443,0.85463
2013.03.18 00:13:39.962,0.85443,0.85463
2013.03.18 00:13:42.075,0.85444,0.85464
2013.03.18 00:13:43.761,0.85444,0.85465
2013.03.18 00:13:45.872,0.85447,0.85465
2013.03.18 00:13:47.391,0.85447,0.85465
2013.03.18 00:13:47.631,0.85448,0.85467
2013.03.18 00:13:47.691,0.85448,0.85467
2013.03.18 00:13:49.624,0.8545,0.85468
2013.03.18 00:13:50.143,0.8545,0.85468
2013.03.18 00:13:50.562,0.85451,0.85469
2013.03.18 00:13:51.101,0.85453,0.85471
2013.03.18 00:13:51.160,0.85456,0.85472
2013.03.18 00:13:51.222,0.85457,0.85474
2013.03.18 00:13:51.402,0.85457,0.85477
2013.03.18 00:13:51.461,0.85459,0.85478
2013.03.18 00:13:52.002,0.85459,0.85479
2013.03.18 00:13:54.121,0.85459,0.85478
2013.03.18 00:13:54.601,0.85459,0.85479
2013.03.18 00:13:54.721,0.8546,0.85481
2013.03.18 00:13:55.028,0.85465,0.85483
2013.03.18 00:13:55.571,0.85467,0.85487
2013.03.18 00:13:55.631,0.85467,0.85487
2013.03.18 00:13:56.311,0.85467,0.85487
2013.03.18 00:13:56.861,0.85467,0.85485
2013.03.18 00:13:57.841,0.85465,0.85485
2013.03.18 00:13:58.081,0.85465,0.85483
2013.03.18 00:14:00.903,0.85464,0.85482
2013.03.18 00:14:01.280,0.85464,0.85482
2013.03.18 00:14:01.801,0.85464,0.85482
2013.03.18 00:14:03.681,0.85464,0.85482
2013.03.18 00:14:03.981,0.85464,0.85482
2013.03.18 00:14:05.661,0.85462,0.85479
2013.03.18 00:14:14.992,0.85458,0.85478
2013.03.18 00:14:15.413,0.85463,0.85479
2013.03.18 00:14:15.534,0.85465,0.85481
2013.03.18 00:14:15.843,0.85479,0.85488
2013.03.18 00:14:15.902,0.85479,0.85495
2013.03.18 00:14:16.441,0.85481,0.85497
2013.03.18 00:14:16.862,0.85483,0.85497
2013.03.18 00:14:17.221,0.85484,0.85497
2013.03.18 00:14:17.581,0.85486,0.85501
2013.03.18 00:14:18.946,0.85486,0.85499
2013.03.18 00:14:19.535,0.85488,0.85501
2013.03.18 00:14:21.671,0.85489,0.85503
2013.03.18 00:14:21.731,0.85489,0.85504
2013.03.18 00:14:21.911,0.85489,0.85504
2013.03.18 00:14:21.971,0.85489,0.85505
2013.03.18 00:14:23.610,0.85489,0.85505
2013.03.18 00:14:27.232,0.85489,0.85504
2013.03.18 00:14:29.618,0.85489,0.85504
2013.03.18 00:14:30.941,0.85489,0.85506
2013.03.18 00:14:32.182,0.85489,0.85505
2013.03.18 00:14:33.302,0.85489,0.85504
2013.03.18 00:14:33.492,0.85491,0.85508
2013.03.18 00:14:33.674,0.85496,0.85509
2013.03.18 00:14:33.741,0.85496,0.85509
2013.03.18 00:14:34.291,0.85496,0.85511
2013.03.18 00:14:34.472,0.85495,0.85511
2013.03.18 00:14:35.621,0.85495,0.85512
2013.03.18 00:14:35.681,0.85495,0.85511
2013.03.18 00:14:37.331,0.855,0.85511
2013.03.18 00:14:37.852,0.855,0.8551
2013.03.18 00:14:37.973,0.855,0.85513
2013.03.18 00:14:38.511,0.855,0.85517
2013.03.18 00:14:39.102,0.85502,0.85517
2013.03.18 00:14:39.161,0.85503,0.85521
2013.03.18 00:14:39.281,0.8551,0.85525
2013.03.18 00:14:39.583,0.85523,0.85559
2013.03.18 00:14:39.655,0.85534,0.85567
2013.03.18 00:14:39.963,0.8556,0.85568
2013.03.18 00:14:40.151,0.85559,0.85576
2013.03.18 00:14:40.212,0.85561,0.85577
2013.03.18 00:14:40.274,0.85562,0.85578
2013.03.18 00:14:40.344,0.85564,0.85578
2013.03.18 00:14:40.652,0.85563,0.85578
2013.03.18 00:14:40.952,0.85561,0.85578
2013.03.18 00:14:42.903,0.85566,0.85581
2013.03.18 00:14:43.205,0.85566,0.85584
2013.03.18 00:14:43.963,0.85567,0.85584
2013.03.18 00:14:44.442,0.85566,0.85581
2013.03.18 00:14:46.234,0.85568,0.85581
2013.03.18 00:14:46.437,0.8557,0.85584
2013.03.18 00:14:46.683,0.8557,0.85588
2013.03.18 00:14:47.222,0.85571,0.85586
2013.03.18 00:14:47.402,0.85572,0.85586
2013.03.18 00:14:49.782,0.85571,0.85587
2013.03.18 00:14:50.153,0.85574,0.85587
2013.03.18 00:14:51.444,0.85577,0.85587
2013.03.18 00:14:51.991,0.85577,0.85587
2013.03.18 00:14:52.653,0.85576,0.85586
2013.03.18 00:14:53.211,0.85577,0.85586
2013.03.18 00:14:53.961,0.85571,0.85587
2013.03.18 00:14:54.141,0.8557,0.85587
2013.03.18 00:14:54.442,0.85567,0.85585
2013.03.18 00:14:54.682,0.85568,0.85584
2013.03.18 00:14:55.042,0.85572,0.85586
2013.03.18 00:14:55.222,0.85568,0.85586
2013.03.18 00:14:55.641,0.85564,0.85585
2013.03.18 00:14:55.892,0.85563,0.85579
2013.03.18 00:14:56.192,0.85563,0.85578
2013.03.18 00:14:56.502,0.85557,0.85575
2013.03.18 00:14:56.962,0.85562,0.85576
2013.03.18 00:14:57.141,0.85563,0.85577
2013.03.18 00:14:57.322,0.85561,0.85576
2013.03.18 00:14:57.861,0.85559,0.85574
2013.03.18 00:14:58.342,0.85559,0.85574
2013.03.18 00:14:58.701,0.85559,0.85574
2013.03.18 00:14:59.420,0.85555,0.85569
2013.03.18 00:15:00.631,0.85556,0.85569
2013.03.18 00:15:00.871,0.85554,0.85569
2013.03.18 00:15:01.411,0.85554,0.85569
2013.03.18 00:15:01.712,0.85553,0.85569
2013.03.18 00:15:01.892,0.85553,0.85567
2013.03.18 00:15:02.373,0.85549,0.85564
2013.03.18 00:15:02.445,0.85549,0.85563
2013.03.18 00:15:02.512,0.85549,0.85565
2013.03.18 00:15:02.631,0.85549,0.85566
2013.03.18 00:15:02.752,0.8555,0.85563
2013.03.18 00:15:06.241,0.85546,0.85562
2013.03.18 00:15:06.491,0.8554,0.85559
2013.03.18 00:15:06.552,0.85535,0.85559
2013.03.18 00:15:06.671,0.85535,0.85559
2013.03.18 00:15:06.912,0.85535,0.85558
2013.03.18 00:15:07.032,0.85538,0.85558
2013.03.18 00:15:07.412,0.85538,0.85558
2013.03.18 00:15:07.772,0.85533,0.85554
2013.03.18 00:15:08.072,0.85533,0.85554
2013.03.18 00:15:08.253,0.85533,0.85555
2013.03.18 00:15:08.773,0.85533,0.85553
2013.03.18 00:15:08.953,0.85529,0.85551
2013.03.18 00:15:09.023,0.85529,0.85551
2013.03.18 00:15:09.331,0.85529,0.85552
2013.03.18 00:15:09.641,0.85531,0.85551
2013.03.18 00:15:10.094,0.85531,0.85551
2013.03.18 00:15:10.472,0.85531,0.85553
2013.03.18 00:15:10.712,0.8553,0.8555
2013.03.18 00:15:10.953,0.85532,0.8555
2013.03.18 00:15:11.014,0.85532,0.85554
2013.03.18 00:15:11.143,0.85533,0.85555
2013.03.18 00:15:11.503,0.85531,0.85552
2013.03.18 00:15:11.811,0.8553,0.85551
2013.03.18 00:15:11.932,0.8553,0.85549
2013.03.18 00:15:11.992,0.85525,0.85549
2013.03.18 00:15:12.171,0.85526,0.8555
2013.03.18 00:15:12.712,0.85529,0.85545
2013.03.18 00:15:13.442,0.85529,0.85545
2013.03.18 00:15:13.682,0.85525,0.85542
2013.03.18 00:15:14.222,0.85526,0.85542
2013.03.18 00:15:18.041,0.85527,0.85542
2013.03.18 00:15:20.321,0.85525,0.85538
2013.03.18 00:15:25.251,0.85521,0.85535
2013.03.18 00:15:25.311,0.8552,0.85535
2013.03.18 00:15:25.492,0.8552,0.85534
2013.03.18 00:15:25.793,0.85516,0.8553
2013.03.18 00:15:25.971,0.85509,0.85527
2013.03.18 00:15:26.846,0.85501,0.85524
2013.03.18 00:15:27.154,0.85501,0.85524
2013.03.18 00:15:27.281,0.85501,0.85523
2013.03.18 00:15:27.402,0.85502,0.85523
2013.03.18 00:15:27.462,0.85502,0.85524
2013.03.18 00:15:27.582,0.85503,0.85524
2013.03.18 00:15:27.941,0.85501,0.85522
2013.03.18 00:15:28.183,0.85498,0.8552
2013.03.18 00:15:28.361,0.85497,0.8552
2013.03.18 00:15:28.781,0.85496,0.85519
2013.03.18 00:15:29.322,0.8549,0.85514
2013.03.18 00:15:29.382,0.85489,0.85514
2013.03.18 00:15:29.445,0.85489,0.8551
2013.03.18 00:15:29.582,0.85489,0.8551
2013.03.18 00:15:29.942,0.85483,0.85505
2013.03.18 00:15:30.121,0.85483,0.85505
2013.03.18 00:15:30.722,0.8548,0.85502
2013.03.18 00:15:30.902,0.8548,0.85501
2013.03.18 00:15:30.961,0.85481,0.85501
2013.03.18 00:15:31.321,0.85482,0.85503
2013.03.18 00:15:31.642,0.85484,0.85503
2013.03.18 00:15:31.702,0.85484,0.85506
2013.03.18 00:15:31.883,0.85484,0.85506
2013.03.18 00:15:32.422,0.85484,0.85507
2013.03.18 00:15:32.483,0.85484,0.85507
2013.03.18 00:15:32.612,0.85486,0.85507
2013.03.18 00:15:33.091,0.8549,0.85511
2013.03.18 00:15:33.151,0.8549,0.85511
2013.03.18 00:15:33.211,0.85494,0.85512
2013.03.18 00:15:33.453,0.85495,0.85516
2013.03.18 00:15:33.512,0.85495,0.85517
2013.03.18 00:15:33.631,0.85495,0.85517
2013.03.18 00:15:33.871,0.85497,0.85517
2013.03.18 00:15:34.232,0.85496,0.85517
2013.03.18 00:15:34.411,0.85496,0.85516
2013.03.18 00:15:34.472,0.85496,0.85516
2013.03.18 00:15:34.717,0.85495,0.85516
2013.03.18 00:15:35.021,0.85496,0.85514
2013.03.18 00:15:35.142,0.85495,0.85517
2013.03.18 00:15:35.381,0.85495,0.85518
2013.03.18 00:15:35.682,0.85494,0.85518
2013.03.18 00:15:35.982,0.85496,0.8552
2013.03.18 00:15:36.663,0.85499,0.85522
2013.03.18 00:15:37.211,0.85501,0.85524
2013.03.18 00:15:37.570,0.85504,0.85524
2013.03.18 00:15:37.931,0.85504,0.85527
2013.03.18 00:15:41.541,0.85505,0.8553
2013.03.18 00:15:41.601,0.85512,0.8553
2013.03.18 00:15:41.721,0.85515,0.8553
2013.03.18 00:15:42.202,0.8552,0.85534
2013.03.18 00:15:42.262,0.85519,0.85535
2013.03.18 00:15:42.801,0.85517,0.85534
2013.03.18 00:15:46.102,0.85517,0.85535
2013.03.18 00:15:47.801,0.85516,0.85536
2013.03.18 00:15:49.191,0.85521,0.85536
2013.03.18 00:15:49.371,0.85521,0.8554
2013.03.18 00:15:49.731,0.85521,0.85542
2013.03.18 00:15:50.092,0.85521,0.85544
2013.03.18 00:15:50.631,0.85526,0.85544
2013.03.18 00:15:52.141,0.85529,0.85544
2013.03.18 00:15:54.422,0.85525,0.85543
2013.03.18 00:15:54.961,0.85525,0.8554
2013.03.18 00:15:55.141,0.85525,0.85538
2013.03.18 00:15:55.691,0.85525,0.85538
2013.03.18 00:15:56.472,0.8552,0.85537
2013.03.18 00:15:57.902,0.8552,0.85538
2013.03.18 00:15:59.471,0.8552,0.85538
2013.03.18 00:16:00.773,0.8552,0.85537
2013.03.18 00:16:01.312,0.85524,0.85541
2013.03.18 00:16:02.454,0.85524,0.85539
2013.03.18 00:16:03.001,0.85524,0.85541
2013.03.18 00:16:03.541,0.85525,0.85541
2013.03.18 00:16:03.991,0.85523,0.8554
2013.03.18 00:16:04.411,0.85522,0.85537
2013.03.18 00:16:05.243,0.8552,0.85537
2013.03.18 00:16:05.423,0.85521,0.85538
2013.03.18 00:16:05.933,0.85524,0.85543
2013.03.18 00:16:06.182,0.85526,0.85543
2013.03.18 00:16:07.407,0.85527,0.85544
2013.03.18 00:16:07.672,0.85526,0.85544
2013.03.18 00:16:08.211,0.85527,0.85543
2013.03.18 00:16:08.575,0.85527,0.85543
2013.03.18 00:16:09.125,0.85527,0.85539
2013.03.18 00:16:09.371,0.85521,0.85537
2013.03.18 00:16:09.553,0.85521,0.85536
2013.03.18 00:16:10.153,0.85522,0.85536
2013.03.18 00:16:10.671,0.85522,0.85539
2013.03.18 00:16:13.023,0.85522,0.85539
2013.03.18 00:16:18.272,0.85524,0.85539
2013.03.18 00:16:18.454,0.85525,0.85541
2013.03.18 00:16:19.001,0.85525,0.85542
2013.03.18 00:16:19.432,0.85525,0.85541
2013.03.18 00:16:21.221,0.85526,0.85544
2013.03.18 00:16:21.862,0.85526,0.85544
2013.03.18 00:16:22.638,0.85529,0.85544
2013.03.18 00:16:23.286,0.85529,0.85544
2013.03.18 00:16:25.992,0.85529,0.85544
2013.03.18 00:16:26.411,0.85531,0.85545
2013.03.18 00:16:26.652,0.85535,0.8555
2013.03.18 00:16:27.164,0.85534,0.85551
2013.03.18 00:16:27.592,0.85538,0.85553
2013.03.18 00:16:30.462,0.85538,0.85551
2013.03.18 00:16:30.762,0.85538,0.85553
2013.03.18 00:16:30.822,0.85538,0.85551
2013.03.18 00:16:31.062,0.85538,0.85552
2013.03.18 00:16:31.122,0.85538,0.85552
2013.03.18 00:16:32.321,0.85538,0.85553
2013.03.18 00:16:32.442,0.85534,0.85554
2013.03.18 00:16:32.622,0.85534,0.85554
2013.03.18 00:16:32.981,0.85534,0.85552
2013.03.18 00:16:43.001,0.85536,0.85553
2013.03.18 00:16:44.296,0.8554,0.85554
2013.03.18 00:16:44.844,0.8554,0.85554
2013.03.18 00:16:44.911,0.8554,0.85554
2013.03.18 00:16:45.463,0.8554,0.85555
2013.03.18 00:16:45.642,0.8554,0.85555
2013.03.18 00:16:46.181,0.8554,0.85556
2013.03.18 00:16:46.685,0.85541,0.85557
2013.03.18 00:16:47.171,0.85541,0.85559
2013.03.18 00:16:48.892,0.85541,0.85559
2013.03.18 00:16:49.215,0.85541,0.85558
2013.03.18 00:16:50.641,0.85541,0.85557
2013.03.18 00:16:58.121,0.85542,0.85559
2013.03.18 00:16:58.182,0.85544,0.85559
2013.03.18 00:16:58.661,0.85545,0.85561
2013.03.18 00:16:58.901,0.85545,0.8556
2013.03.18 00:16:58.962,0.85546,0.8556
2013.03.18 00:16:59.481,0.85546,0.85561
2013.03.18 00:17:01.131,0.85546,0.85561
2013.03.18 00:17:04.642,0.85546,0.85561
2013.03.18 00:17:06.723,0.85546,0.85561
2013.03.18 00:17:07.492,0.85547,0.85564
2013.03.18 00:17:07.972,0.8555,0.85565
2013.03.18 00:17:09.470,0.8555,0.85564
2013.03.18 00:17:11.592,0.85549,0.85564
2013.03.18 00:17:11.952,0.85549,0.85562
2013.03.18 00:17:12.994,0.85546,0.85562
2013.03.18 00:17:13.603,0.85546,0.85562
2013.03.18 00:17:14.204,0.85546,0.85562
2013.03.18 00:17:14.453,0.85551,0.85567
2013.03.18 00:17:14.931,0.85549,0.85565
2013.03.18 00:17:15.401,0.85549,0.85568
2013.03.18 00:17:15.943,0.8555,0.85568
2013.03.18 00:17:16.362,0.85553,0.85571
2013.03.18 00:17:16.732,0.85553,0.85573
2013.03.18 00:17:16.792,0.85556,0.85575
2013.03.18 00:17:16.852,0.85556,0.85576
2013.03.18 00:17:16.912,0.85556,0.85576
2013.03.18 00:17:18.232,0.85556,0.85573
2013.03.18 00:17:18.971,0.85555,0.85573
2013.03.18 00:17:19.522,0.85554,0.85571
2013.03.18 00:17:19.882,0.85554,0.8557
2013.03.18 00:17:20.301,0.85554,0.8557
2013.03.18 00:17:20.427,0.85554,0.8557
2013.03.18 00:17:20.863,0.85553,0.8557
2013.03.18 00:17:22.172,0.8555,0.8557
2013.03.18 00:17:22.694,0.85552,0.85573
2013.03.18 00:17:23.242,0.85552,0.85573
2013.03.18 00:17:23.602,0.85552,0.85569
2013.03.18 00:17:24.684,0.85552,0.85572
2013.03.18 00:17:25.113,0.85554,0.85572
2013.03.18 00:17:25.667,0.85554,0.85574
2013.03.18 00:17:26.754,0.85553,0.85573
2013.03.18 00:17:27.368,0.85552,0.85573
2013.03.18 00:17:27.912,0.85552,0.85573
2013.03.18 00:17:28.212,0.85553,0.8557
2013.03.18 00:17:28.572,0.85551,0.85568
2013.03.18 00:17:29.092,0.85552,0.85568
2013.03.18 00:17:29.422,0.85552,0.85571
2013.03.18 00:17:29.902,0.85554,0.85573
2013.03.18 00:17:31.081,0.85554,0.85573
2013.03.18 00:17:31.382,0.85554,0.85568
2013.03.18 00:17:31.443,0.85554,0.85568
2013.03.18 00:17:32.003,0.85552,0.85568
2013.03.18 00:17:32.542,0.85553,0.85568
2013.03.18 00:17:32.605,0.85552,0.85572
2013.03.18 00:17:32.672,0.8555,0.85571
2013.03.18 00:17:32.912,0.85551,0.85568
2013.03.18 00:17:33.451,0.85553,0.85573
2013.03.18 00:17:34.012,0.85553,0.85571
2013.03.18 00:17:34.551,0.85553,0.85572
2013.03.18 00:17:39.341,0.85556,0.85574
2013.03.18 00:17:39.462,0.85557,0.85574
2013.03.18 00:17:39.711,0.85558,0.85576
2013.03.18 00:17:40.503,0.85561,0.85576
2013.03.18 00:17:40.692,0.85562,0.85579
2013.03.18 00:17:40.812,0.85562,0.8558
2013.03.18 00:17:44.991,0.85563,0.8558
2013.03.18 00:17:45.293,0.85562,0.85572
2013.03.18 00:17:45.417,0.8556,0.85572
2013.03.18 00:17:45.542,0.85555,0.85572
2013.03.18 00:17:45.961,0.85555,0.85572
2013.03.18 00:17:47.404,0.85557,0.85571
2013.03.18 00:17:47.473,0.85558,0.85571
2013.03.18 00:17:47.593,0.85556,0.85576
2013.03.18 00:17:47.712,0.8556,0.85579
2013.03.18 00:17:48.074,0.8556,0.85576
2013.03.18 00:17:53.596,0.8556,0.85576
2013.03.18 00:17:56.662,0.85558,0.85576
2013.03.18 00:17:59.591,0.8556,0.85576
2013.03.18 00:18:02.781,0.85559,0.85577
2013.03.18 00:18:07.024,0.8556,0.85579
2013.03.18 00:18:07.092,0.85561,0.85579
2013.03.18 00:18:07.633,0.8556,0.85577
2013.03.18 00:18:07.693,0.8556,0.85577
2013.03.18 00:18:17.144,0.85559,0.85577
2013.03.18 00:18:22.512,0.8556,0.85577
2013.03.18 00:18:24.325,0.85559,0.85577
2013.03.18 00:18:25.756,0.85559,0.85575
2013.03.18 00:18:28.603,0.85559,0.85576
2013.03.18 00:18:29.623,0.85559,0.85575
2013.03.18 00:18:30.603,0.85559,0.85572
2013.03.18 00:18:31.774,0.85559,0.85572
2013.03.18 00:18:34.248,0.85559,0.85576
2013.03.18 00:18:34.492,0.85559,0.85574
2013.03.18 00:18:34.853,0.85558,0.85572
2013.03.18 00:18:35.092,0.85557,0.85577
2013.03.18 00:18:35.641,0.85557,0.85575
2013.03.18 00:18:39.302,0.8556,0.85576
2013.03.18 00:18:40.141,0.8556,0.85576
2013.03.18 00:18:40.645,0.8556,0.85576
2013.03.18 00:18:41.272,0.8556,0.85576
2013.03.18 00:18:41.812,0.8556,0.85575
2013.03.18 00:18:42.371,0.8556,0.85575
2013.03.18 00:18:43.111,0.8556,0.85575
2013.03.18 00:18:43.648,0.8556,0.85576
2013.03.18 00:18:44.112,0.85559,0.85576
2013.03.18 00:18:45.192,0.85559,0.85575
2013.03.18 00:18:45.671,0.8556,0.85576
2013.03.18 00:18:51.142,0.85559,0.85575
2013.03.18 00:18:51.561,0.85559,0.85575
2013.03.18 00:18:52.082,0.8556,0.85578
2013.03.18 00:18:55.232,0.85562,0.85578
2013.03.18 00:18:55.771,0.85562,0.85576
2013.03.18 00:18:56.852,0.85562,0.85578
2013.03.18 00:18:57.451,0.85562,0.85574
2013.03.18 00:18:57.631,0.85559,0.85574
2013.03.18 00:18:58.403,0.85559,0.85574
2013.03.18 00:19:00.212,0.85559,0.85577
2013.03.18 00:19:00.453,0.85559,0.85575
2013.03.18 00:19:01.941,0.85559,0.85574
2013.03.18 00:19:04.083,0.85559,0.85572
2013.03.18 00:19:04.441,0.85559,0.85571
2013.03.18 00:19:04.852,0.85557,0.85571
2013.03.18 00:19:05.162,0.85557,0.85571
2013.03.18 00:19:05.522,0.85551,0.85571
2013.03.18 00:19:06.433,0.85551,0.85571
2013.03.18 00:19:08.263,0.85549,0.85569
2013.03.18 00:19:08.901,0.85549,0.85569
2013.03.18 00:19:10.230,0.85549,0.85565
2013.03.18 00:19:10.353,0.85546,0.85565
2013.03.18 00:19:10.893,0.85545,0.85565
2013.03.18 00:19:14.022,0.85546,0.85565
2013.03.18 00:19:14.321,0.85544,0.85563
2013.03.18 00:19:18.644,0.85545,0.85564
2013.03.18 00:19:19.388,0.85545,0.85564
2013.03.18 00:19:19.862,0.85558,0.85565
2013.03.18 00:19:19.923,0.85559,0.85569
2013.03.18 00:19:20.609,0.85559,0.8557
2013.03.18 00:19:20.992,0.85554,0.85569
2013.03.18 00:19:23.142,0.85551,0.85572
2013.03.18 00:19:24.172,0.85551,0.85569
2013.03.18 00:19:25.082,0.85551,0.85569
2013.03.18 00:19:25.145,0.85559,0.85569
2013.03.18 00:19:25.331,0.85559,0.85575
2013.03.18 00:19:25.932,0.85559,0.85572
2013.03.18 00:19:26.111,0.85558,0.85571
2013.03.18 00:19:26.233,0.85554,0.85573
2013.03.18 00:19:27.173,0.8556,0.85573
2013.03.18 00:19:27.475,0.85567,0.85576
2013.03.18 00:19:27.662,0.85565,0.8558
2013.03.18 00:19:27.723,0.85565,0.85579
2013.03.18 00:19:27.962,0.85565,0.85578
2013.03.18 00:19:28.502,0.8556,0.85577
2013.03.18 00:19:28.923,0.85563,0.85578
2013.03.18 00:19:29.222,0.85564,0.85575
2013.03.18 00:19:29.403,0.85561,0.85577
2013.03.18 00:19:29.463,0.8556,0.85577
2013.03.18 00:19:30.002,0.85558,0.85574
2013.03.18 00:19:30.362,0.85561,0.85574
2013.03.18 00:19:30.602,0.85567,0.85579
2013.03.18 00:19:30.723,0.85567,0.85581
2013.03.18 00:19:30.842,0.85562,0.85579
2013.03.18 00:19:30.961,0.85561,0.85577
2013.03.18 00:19:31.153,0.85559,0.85575
2013.03.18 00:19:32.282,0.85558,0.85575
2013.03.18 00:19:32.403,0.85558,0.85575
2013.03.18 00:19:32.522,0.85558,0.85576
2013.03.18 00:19:33.003,0.85558,0.85577
2013.03.18 00:19:33.573,0.8556,0.85575
2013.03.18 00:19:34.112,0.85559,0.85575
2013.03.18 00:19:34.913,0.85557,0.85575
2013.03.18 00:19:35.272,0.85556,0.85573
2013.03.18 00:19:35.638,0.85559,0.85577
2013.03.18 00:19:35.952,0.85568,0.85578
2013.03.18 00:19:38.341,0.85569,0.85581
2013.03.18 00:19:38.463,0.8557,0.85583
2013.03.18 00:19:38.642,0.8557,0.85581
2013.03.18 00:19:38.883,0.8557,0.85581
2013.03.18 00:19:39.716,0.8557,0.85582
2013.03.18 00:19:40.084,0.8557,0.85582
2013.03.18 00:19:40.993,0.85568,0.85581
2013.03.18 00:19:42.102,0.85566,0.8558
2013.03.18 00:19:42.222,0.85567,0.85578
2013.03.18 00:19:42.952,0.85567,0.85581
2013.03.18 00:19:43.491,0.85567,0.85581
2013.03.18 00:19:43.733,0.8557,0.85581
2013.03.18 00:19:44.833,0.8557,0.85584
2013.03.18 00:19:45.252,0.8557,0.85587
2013.03.18 00:19:45.373,0.85574,0.85586
2013.03.18 00:19:45.731,0.85574,0.85588
2013.03.18 00:19:47.102,0.85574,0.85589
2013.03.18 00:19:47.163,0.85574,0.85588
2013.03.18 00:19:47.224,0.85574,0.8559
2013.03.18 00:19:51.732,0.85574,0.85589
2013.03.18 00:19:52.462,0.85573,0.85589
2013.03.18 00:19:53.060,0.85575,0.85589
2013.03.18 00:19:54.442,0.85575,0.85589
2013.03.18 00:19:55.164,0.85579,0.85593
2013.03.18 00:19:56.892,0.85581,0.85593
2013.03.18 00:19:57.252,0.85581,0.85596
2013.03.18 00:19:57.613,0.85582,0.85593
2013.03.18 00:19:57.982,0.85582,0.85593
2013.03.18 00:19:58.282,0.85581,0.85592
2013.03.18 00:19:58.543,0.85579,0.85592
2013.03.18 00:20:00.313,0.85579,0.85591
2013.03.18 00:20:00.435,0.85579,0.85594
2013.03.18 00:20:02.411,0.85581,0.85594
2013.03.18 00:20:07.272,0.8558,0.85594
2013.03.18 00:20:07.573,0.8558,0.85595
2013.03.18 00:20:08.122,0.8558,0.856
2013.03.18 00:20:12.422,0.8558,0.85596
2013.03.18 00:20:12.961,0.85581,0.85597
2013.03.18 00:20:16.691,0.85581,0.85597
2013.03.18 00:20:16.991,0.85581,0.85596
2013.03.18 00:20:18.334,0.85581,0.85596
2013.03.18 00:20:19.051,0.8558,0.85595
2013.03.18 00:20:21.872,0.8558,0.85595
2013.03.18 00:20:21.991,0.8558,0.85595
2013.03.18 00:20:22.794,0.8558,0.85598
2013.03.18 00:20:23.422,0.85586,0.85597
2013.03.18 00:20:23.781,0.85586,0.85595
2013.03.18 00:20:24.082,0.8558,0.85594
2013.03.18 00:20:24.204,0.8558,0.85595
2013.03.18 00:20:25.282,0.8558,0.85594
2013.03.18 00:20:25.642,0.8558,0.85594
2013.03.18 00:20:26.832,0.85584,0.85595
2013.03.18 00:20:26.954,0.85588,0.85598
2013.03.18 00:20:27.149,0.85588,0.85597
2013.03.18 00:20:27.752,0.85588,0.85598
2013.03.18 00:20:27.932,0.85582,0.85597
2013.03.18 00:20:28.111,0.85582,0.85596
2013.03.18 00:20:28.673,0.85582,0.85596
2013.03.18 00:20:29.033,0.85582,0.85596
2013.03.18 00:20:31.422,0.85582,0.85598
2013.03.18 00:20:31.482,0.85582,0.856
2013.03.18 00:20:31.905,0.85583,0.85602
2013.03.18 00:20:32.413,0.85586,0.85602
2013.03.18 00:20:33.013,0.85586,0.85603
2013.03.18 00:20:34.432,0.85588,0.85603
2013.03.18 00:20:34.783,0.85588,0.85603
2013.03.18 00:20:35.314,0.85588,0.85605
2013.03.18 00:20:39.712,0.85588,0.85604
2013.03.18 00:20:41.112,0.85587,0.85604
2013.03.18 00:20:42.442,0.85585,0.85603
2013.03.18 00:20:42.562,0.85585,0.85603
2013.03.18 00:20:43.245,0.85583,0.85602
2013.03.18 00:20:47.931,0.85582,0.856
2013.03.18 00:20:48.171,0.85582,0.85602
2013.03.18 00:20:49.112,0.85582,0.85602
2013.03.18 00:20:49.833,0.85587,0.85604
2013.03.18 00:20:50.742,0.85587,0.85607
2013.03.18 00:20:54.013,0.85587,0.85606
2013.03.18 00:20:55.503,0.85587,0.85606
2013.03.18 00:20:55.804,0.85588,0.85606
2013.03.18 00:20:56.342,0.85588,0.85605
2013.03.18 00:20:57.222,0.85588,0.85605
2013.03.18 00:20:57.796,0.85588,0.85607
2013.03.18 00:20:58.603,0.85588,0.85605
2013.03.18 00:20:59.792,0.85588,0.85605
2013.03.18 00:20:59.853,0.85588,0.85603
2013.03.18 00:21:01.433,0.85587,0.85601
2013.03.18 00:21:01.792,0.85587,0.85601
2013.03.18 00:21:02.092,0.85587,0.85601
2013.03.18 00:21:02.403,0.85587,0.85602
2013.03.18 00:21:02.465,0.85587,0.85603
2013.03.18 00:21:02.895,0.85587,0.85601
2013.03.18 00:21:03.203,0.85587,0.85599
2013.03.18 00:21:03.924,0.85583,0.85599
2013.03.18 00:21:04.232,0.85585,0.85598
2013.03.18 00:21:04.533,0.85585,0.85597
2013.03.18 00:21:04.953,0.85585,0.85595
2013.03.18 00:21:05.492,0.85583,0.85595
2013.03.18 00:21:05.797,0.85583,0.8559
2013.03.18 00:21:07.552,0.85583,0.85591
2013.03.18 00:21:08.099,0.85583,0.85593
2013.03.18 00:21:08.893,0.85583,0.85593
2013.03.18 00:21:10.253,0.85583,0.85592
2013.03.18 00:21:10.492,0.8558,0.85593
2013.03.18 00:21:10.772,0.8558,0.85593
2013.03.18 00:21:11.812,0.85583,0.85593
2013.03.18 00:21:14.463,0.85583,0.85595
2013.03.18 00:21:14.942,0.85583,0.85597
2013.03.18 00:21:23.232,0.85584,0.85597
2013.03.18 00:21:23.783,0.85582,0.85596
2013.03.18 00:21:24.351,0.85582,0.85596
2013.03.18 00:21:26.124,0.85582,0.85596
2013.03.18 00:21:26.242,0.85582,0.85596
2013.03.18 00:21:27.403,0.85584,0.85596
2013.03.18 00:21:28.851,0.85584,0.85598
2013.03.18 00:21:29.871,0.85584,0.856
2013.03.18 00:21:34.193,0.85584,0.85598
2013.03.18 00:21:34.686,0.85584,0.85599
2013.03.18 00:21:36.016,0.85588,0.85598
2013.03.18 00:21:36.384,0.85585,0.85598
2013.03.18 00:21:36.933,0.85584,0.85597
2013.03.18 00:21:37.064,0.85579,0.85595
2013.03.18 00:21:37.139,0.85579,0.85595
2013.03.18 00:21:37.693,0.85577,0.8559
2013.03.18 00:21:37.994,0.85577,0.8559
2013.03.18 00:21:38.543,0.85577,0.85585
2013.03.18 00:21:39.023,0.85573,0.85585
2013.03.18 00:21:39.984,0.85571,0.85589
2013.03.18 00:21:40.434,0.85572,0.85583
2013.03.18 00:21:40.493,0.85568,0.85583
2013.03.18 00:21:40.672,0.85572,0.85583
2013.03.18 00:21:41.281,0.85572,0.85584
2013.03.18 00:21:41.357,0.85572,0.85585
2013.03.18 00:21:41.902,0.85573,0.85589
2013.03.18 00:21:42.826,0.85574,0.85588
2013.03.18 00:21:43.192,0.85573,0.85588
2013.03.18 00:21:43.592,0.85572,0.85588
2013.03.18 00:21:43.836,0.85571,0.85586
2013.03.18 00:21:43.964,0.85572,0.85585
2013.03.18 00:21:44.035,0.85571,0.85586
2013.03.18 00:21:44.223,0.85569,0.85583
2013.03.18 00:21:44.413,0.85571,0.85583
2013.03.18 00:21:44.654,0.85574,0.85589
2013.03.18 00:21:44.724,0.85575,0.85589
2013.03.18 00:21:46.892,0.85575,0.85592
2013.03.18 00:21:48.234,0.85575,0.85591
2013.03.18 00:21:48.543,0.85572,0.85585
2013.03.18 00:21:48.724,0.85572,0.85587
2013.03.18 00:21:48.963,0.85571,0.85589
2013.03.18 00:21:49.323,0.85574,0.85592
2013.03.18 00:21:49.862,0.85574,0.85592
2013.03.18 00:21:50.403,0.85574,0.85592
2013.03.18 00:21:51.565,0.85573,0.85591
2013.03.18 00:21:52.123,0.85573,0.85588
2013.03.18 00:21:52.663,0.85573,0.85587
2013.03.18 00:21:53.778,0.85573,0.85589
2013.03.18 00:21:54.333,0.85573,0.85589
2013.03.18 00:21:54.454,0.85573,0.85585
2013.03.18 00:21:54.582,0.85573,0.85586
2013.03.18 00:21:55.146,0.85572,0.85586
2013.03.18 00:21:55.672,0.85572,0.85586
2013.03.18 00:21:56.295,0.85572,0.85589
2013.03.18 00:21:56.363,0.85572,0.85588
2013.03.18 00:21:56.603,0.85568,0.85585
2013.03.18 00:21:56.664,0.85571,0.85586
2013.03.18 00:21:56.733,0.85572,0.85588
2013.03.18 00:21:57.339,0.85572,0.85588
2013.03.18 00:21:57.852,0.85572,0.85588
2013.03.18 00:21:58.862,0.85572,0.85588
2013.03.18 00:21:59.442,0.85572,0.85588
2013.03.18 00:21:59.892,0.85572,0.85588
2013.03.18 00:22:00.902,0.85574,0.8559
2013.03.18 00:22:01.393,0.85576,0.85591
2013.03.18 00:22:01.514,0.85571,0.85588
2013.03.18 00:22:03.613,0.85572,0.85588
2013.03.18 00:22:03.674,0.85577,0.8559
2013.03.18 00:22:03.742,0.85577,0.85591
2013.03.18 00:22:03.862,0.85577,0.85592
2013.03.18 00:22:04.103,0.85574,0.85591
2013.03.18 00:22:04.823,0.85574,0.85588
2013.03.18 00:22:05.184,0.85572,0.8558
2013.03.18 00:22:05.244,0.85568,0.8558
2013.03.18 00:22:05.314,0.85567,0.8558
2013.03.18 00:22:05.684,0.85567,0.85581
2013.03.18 00:22:05.813,0.85568,0.85584
2013.03.18 00:22:06.001,0.85567,0.85584
2013.03.18 00:22:06.122,0.85567,0.85585
2013.03.18 00:22:06.183,0.85568,0.85587
2013.03.18 00:22:07.202,0.85566,0.85585
2013.03.18 00:22:09.102,0.85565,0.85585
2013.03.18 00:22:09.522,0.85567,0.85585
2013.03.18 00:22:10.164,0.85567,0.85584
2013.03.18 00:22:11.093,0.85567,0.85584
2013.03.18 00:22:12.782,0.85567,0.85584
2013.03.18 00:22:13.142,0.85567,0.85578
2013.03.18 00:22:13.445,0.85566,0.85576
2013.03.18 00:22:13.573,0.85562,0.85576
2013.03.18 00:22:14.882,0.85572,0.85579
2013.03.18 00:22:15.063,0.85571,0.85582
2013.03.18 00:22:15.183,0.85572,0.85584
2013.03.18 00:22:15.543,0.85571,0.85587
2013.03.18 00:22:15.602,0.85571,0.8559
2013.03.18 00:22:15.723,0.85572,0.85584
2013.03.18 00:22:15.849,0.85572,0.85588
2013.03.18 00:22:16.213,0.85571,0.85586
2013.03.18 00:22:16.274,0.85568,0.85585
2013.03.18 00:22:18.092,0.85569,0.85585
2013.03.18 00:22:18.760,0.8557,0.85588
2013.03.18 00:22:18.943,0.85569,0.85586
2013.03.18 00:22:19.062,0.85568,0.85584
2013.03.18 00:22:19.362,0.85567,0.85579
2013.03.18 00:22:19.663,0.85567,0.85584
2013.03.18 00:22:19.843,0.85567,0.85585
2013.03.18 00:22:20.695,0.85568,0.85585
2013.03.18 00:22:20.902,0.85569,0.85587
2013.03.18 00:22:21.283,0.8557,0.85587
2013.03.18 00:22:22.662,0.85572,0.85587
2013.03.18 00:22:22.963,0.85572,0.8559
2013.03.18 00:22:23.526,0.85573,0.85591
2013.03.18 00:22:28.272,0.85575,0.85589
2013.03.18 00:22:28.513,0.85575,0.85591
2013.03.18 00:22:28.753,0.85575,0.85591
2013.03.18 00:22:28.932,0.85573,0.85589
2013.03.18 00:22:29.374,0.85573,0.85589
2013.03.18 00:22:30.362,0.85573,0.85587
2013.03.18 00:22:31.027,0.85573,0.85591
2013.03.18 00:22:32.249,0.85574,0.85591
2013.03.18 00:22:32.402,0.85575,0.85591
2013.03.18 00:22:32.472,0.85575,0.85591
2013.03.18 00:22:32.792,0.85574,0.85589
2013.03.18 00:22:33.153,0.85575,0.85588
2013.03.18 00:22:34.185,0.85575,0.85588
2013.03.18 00:22:34.680,0.85576,0.8559
2013.03.18 00:22:35.231,0.85577,0.8559
2013.03.18 00:22:35.973,0.85575,0.8559
2013.03.18 00:22:36.394,0.85576,0.8559
2013.03.18 00:22:41.552,0.85577,0.8559
2013.03.18 00:22:42.203,0.85577,0.8559
2013.03.18 00:22:47.103,0.85576,0.8559
2013.03.18 00:22:47.234,0.85579,0.85597
2013.03.18 00:22:47.302,0.85579,0.85597
2013.03.18 00:22:49.653,0.85581,0.85597
2013.03.18 00:22:50.552,0.85581,0.85597
2013.03.18 00:22:50.912,0.85579,0.8559
2013.03.18 00:22:51.052,0.85576,0.8559
2013.03.18 00:22:51.174,0.85581,0.85596
2013.03.18 00:22:51.236,0.85581,0.85593
2013.03.18 00:22:51.303,0.85581,0.85591
2013.03.18 00:22:51.842,0.85582,0.85591
2013.03.18 00:22:52.602,0.85581,0.85591
2013.03.18 00:22:53.144,0.85582,0.85591
2013.03.18 00:22:53.382,0.8558,0.85587
2013.03.18 00:22:53.563,0.8558,0.85587
2013.03.18 00:22:53.862,0.85575,0.85587
2013.03.18 00:22:54.546,0.85577,0.85587
2013.03.18 00:22:54.616,0.85582,0.85592
2013.03.18 00:22:54.803,0.85582,0.85596
2013.03.18 00:22:54.865,0.85583,0.85596
2013.03.18 00:22:58.622,0.85583,0.85594
2013.03.18 00:22:58.802,0.85574,0.85592
2013.03.18 00:22:58.862,0.85574,0.85591
2013.03.18 00:22:59.404,0.85574,0.85592
2013.03.18 00:22:59.462,0.85575,0.85592
2013.03.18 00:23:00.002,0.85577,0.85595
2013.03.18 00:23:04.673,0.85577,0.85595
2013.03.18 00:23:04.793,0.85577,0.85596
2013.03.18 00:23:04.912,0.85578,0.85596
2013.03.18 00:23:05.273,0.8558,0.85597
2013.03.18 00:23:05.814,0.8558,0.85595
2013.03.18 00:23:06.372,0.8558,0.85592
2013.03.18 00:23:12.272,0.85582,0.856
2013.03.18 00:23:12.573,0.85582,0.85599
2013.03.18 00:23:13.372,0.8558,0.85598
2013.03.18 00:23:14.493,0.85581,0.85599
2013.03.18 00:23:14.732,0.85583,0.85601
2013.03.18 00:23:14.972,0.85584,0.85602
2013.03.18 00:23:15.273,0.85582,0.85596
2013.03.18 00:23:17.733,0.85581,0.85596
2013.03.18 00:23:17.913,0.85579,0.85596
2013.03.18 00:23:18.453,0.85579,0.85595
2013.03.18 00:23:21.112,0.85579,0.85596
2013.03.18 00:23:21.174,0.85582,0.85596
2013.03.18 00:23:21.713,0.85583,0.856
2013.03.18 00:23:35.051,0.85583,0.856
2013.03.18 00:23:40.582,0.85583,0.856
2013.03.18 00:23:43.164,0.85585,0.856
2013.03.18 00:23:43.522,0.85586,0.85603
2013.03.18 00:23:48.152,0.85583,0.85601
2013.03.18 00:23:52.394,0.85583,0.85599
2013.03.18 00:23:52.532,0.85582,0.85598
2013.03.18 00:23:52.592,0.85581,0.85596
2013.03.18 00:23:52.652,0.85577,0.85596
2013.03.18 00:23:52.953,0.85575,0.85592
2013.03.18 00:23:53.493,0.85576,0.85592
2013.03.18 00:23:54.033,0.85577,0.85592
2013.03.18 00:23:55.774,0.85574,0.8559
2013.03.18 00:23:56.133,0.85574,0.8559
2013.03.18 00:23:57.292,0.85575,0.8559
2013.03.18 00:23:58.174,0.85575,0.85587
2013.03.18 00:23:58.414,0.85573,0.85587
2013.03.18 00:23:58.544,0.8557,0.85587
2013.03.18 00:23:58.844,0.85567,0.85585
2013.03.18 00:24:01.413,0.85566,0.85584
2013.03.18 00:24:01.952,0.85562,0.8558
2013.03.18 00:24:02.072,0.85559,0.85579
2013.03.18 00:24:03.702,0.85559,0.85579
2013.03.18 00:24:04.333,0.85558,0.85578
2013.03.18 00:24:04.692,0.85556,0.85575
2013.03.18 00:24:04.754,0.85554,0.85575
2013.03.18 00:24:05.132,0.85558,0.85575
2013.03.18 00:24:05.472,0.85564,0.85579
2013.03.18 00:24:06.086,0.85564,0.85579
2013.03.18 00:24:06.872,0.85564,0.85579
2013.03.18 00:24:07.438,0.85568,0.85579
2013.03.18 00:24:07.515,0.85568,0.85581
2013.03.18 00:24:07.893,0.85571,0.85584
2013.03.18 00:24:08.014,0.85572,0.85584
2013.03.18 00:24:08.323,0.85571,0.85589
2013.03.18 00:24:13.823,0.85579,0.85593
2013.03.18 00:24:13.945,0.8558,0.85595
2013.03.18 00:24:14.012,0.85583,0.85595
2013.03.18 00:24:14.192,0.85583,0.85596
2013.03.18 00:24:14.493,0.85582,0.85598
2013.03.18 00:24:14.553,0.8558,0.85598
2013.03.18 00:24:16.473,0.85582,0.85601
2013.03.18 00:24:16.723,0.85582,0.85601
2013.03.18 00:24:16.863,0.85584,0.856
2013.03.18 00:24:17.172,0.85581,0.856
2013.03.18 00:24:17.953,0.85579,0.85599
2013.03.18 00:24:21.553,0.8558,0.85598
2013.03.18 00:24:21.912,0.85584,0.85601
2013.03.18 00:24:22.152,0.85583,0.85601
2013.03.18 00:24:22.214,0.85582,0.85601
2013.03.18 00:24:22.537,0.8558,0.85598
2013.03.18 00:24:23.752,0.85578,0.85597
2013.03.18 00:24:28.253,0.85577,0.85592
2013.03.18 00:24:28.444,0.85576,0.85591
2013.03.18 00:24:28.632,0.85579,0.85594
2013.03.18 00:24:29.412,0.85579,0.85593
2013.03.18 00:24:29.772,0.8558,0.85595
2013.03.18 00:24:32.602,0.8558,0.85594
2013.03.18 00:24:39.683,0.85577,0.85594
2013.03.18 00:24:39.743,0.85576,0.85591
2013.03.18 00:24:40.272,0.85574,0.85594
2013.03.18 00:24:46.183,0.85575,0.85594
2013.03.18 00:24:46.442,0.85574,0.85589
2013.03.18 00:24:47.592,0.85574,0.85591
2013.03.18 00:24:49.422,0.85575,0.85591
2013.03.18 00:24:49.482,0.85577,0.85591
2013.03.18 00:24:50.032,0.85577,0.85591
2013.03.18 00:24:50.572,0.85577,0.85592
2013.03.18 00:24:51.083,0.85577,0.85592
2013.03.18 00:24:51.263,0.85574,0.85592
2013.03.18 00:24:51.331,0.85575,0.85592
2013.03.18 00:24:52.092,0.85575,0.85591
2013.03.18 00:24:57.964,0.85575,0.85591
2013.03.18 00:24:58.393,0.85574,0.85586
2013.03.18 00:24:58.632,0.85573,0.85586
2013.03.18 00:24:59.292,0.85572,0.85586
2013.03.18 00:24:59.712,0.85573,0.85586
2013.03.18 00:25:00.497,0.85573,0.85586
2013.03.18 00:25:01.212,0.85573,0.85586
2013.03.18 00:25:01.516,0.85581,0.8559
2013.03.18 00:25:01.643,0.85581,0.85593
2013.03.18 00:25:01.943,0.85582,0.85594
2013.03.18 00:25:02.063,0.85577,0.85594
2013.03.18 00:25:02.605,0.85577,0.85599
2013.03.18 00:25:02.672,0.85577,0.85599
2013.03.18 00:25:02.855,0.85577,0.85597
2013.03.18 00:25:03.289,0.85577,0.85599
2013.03.18 00:25:04.452,0.85577,0.85596
2013.03.18 00:25:05.232,0.85576,0.85595
2013.03.18 00:25:06.422,0.85579,0.85595
2013.03.18 00:25:07.183,0.85579,0.85595
2013.03.18 00:25:19.362,0.85579,0.85593
2013.03.18 00:25:19.422,0.85579,0.85594
2013.03.18 00:25:19.961,0.8558,0.85598
2013.03.18 00:25:20.462,0.85583,0.85598
2013.03.18 00:25:30.845,0.85586,0.856
2013.03.18 00:25:31.888,0.85583,0.85599
2013.03.18 00:25:33.012,0.85583,0.85596
2013.03.18 00:25:33.721,0.85583,0.85598
2013.03.18 00:25:34.233,0.85584,0.85599
2013.03.18 00:25:34.652,0.85584,0.85599
2013.03.18 00:25:35.188,0.85584,0.85599
2013.03.18 00:25:35.895,0.85584,0.85592
2013.03.18 00:25:36.403,0.85583,0.85592
2013.03.18 00:25:36.882,0.85583,0.85594
2013.03.18 00:25:39.503,0.85581,0.85594
2013.03.18 00:25:42.477,0.85581,0.85597
2013.03.18 00:25:42.797,0.85582,0.85599
2013.03.18 00:25:42.863,0.85581,0.85599
2013.03.18 00:25:43.402,0.85581,0.85594
2013.03.18 00:25:44.924,0.85581,0.85593
2013.03.18 00:25:45.054,0.85579,0.85598
2013.03.18 00:25:47.932,0.8558,0.85598
2013.03.18 00:25:48.532,0.8558,0.85592
2013.03.18 00:26:01.383,0.8558,0.85593
2013.03.18 00:26:09.253,0.85578,0.85593
2013.03.18 00:26:09.314,0.85578,0.85595
2013.03.18 00:26:09.852,0.8558,0.85595
2013.03.18 00:26:10.684,0.85579,0.85593
2013.03.18 00:26:11.753,0.85579,0.85593
2013.03.18 00:26:13.463,0.85578,0.85593
2013.03.18 00:26:13.705,0.85577,0.85589
2013.03.18 00:26:13.884,0.85577,0.85589
2013.03.18 00:26:14.004,0.85575,0.85587
2013.03.18 00:26:14.303,0.85572,0.8559
2013.03.18 00:26:14.364,0.85572,0.8559
2013.03.18 00:26:15.083,0.85573,0.85589
2013.03.18 00:26:16.040,0.85574,0.85589
2013.03.18 00:26:28.012,0.85573,0.8559
2013.03.18 00:26:29.655,0.85574,0.85591
2013.03.18 00:26:29.725,0.85574,0.85591
2013.03.18 00:26:29.974,0.85576,0.85591
2013.03.18 00:26:30.494,0.85575,0.85591
2013.03.18 00:26:31.012,0.85576,0.85591
2013.03.18 00:26:32.479,0.85576,0.85591
2013.03.18 00:26:34.444,0.85575,0.85591
2013.03.18 00:26:44.543,0.85574,0.85591
2013.03.18 00:26:45.211,0.85574,0.85591
2013.03.18 00:26:51.483,0.85574,0.85591
2013.03.18 00:26:57.144,0.85574,0.85588
2013.03.18 00:26:57.705,0.85573,0.85588
2013.03.18 00:26:58.558,0.85573,0.85591
2013.03.18 00:26:59.090,0.85574,0.85591
2013.03.18 00:27:00.723,0.85574,0.85591
2013.03.18 00:27:02.333,0.85574,0.85591
2013.03.18 00:27:02.453,0.85574,0.85592
2013.03.18 00:27:03.663,0.85575,0.85592
2013.03.18 00:27:04.203,0.85574,0.85592
2013.03.18 00:27:04.323,0.85573,0.85591
2013.03.18 00:27:05.627,0.85573,0.85591
2013.03.18 00:27:06.367,0.85574,0.85591
2013.03.18 00:27:06.913,0.85574,0.85591
2013.03.18 00:27:07.423,0.85574,0.85591
2013.03.18 00:27:07.963,0.85574,0.85591
2013.03.18 00:27:09.863,0.85574,0.85591
2013.03.18 00:27:10.403,0.85574,0.85592
2013.03.18 00:27:10.763,0.85574,0.85591
2013.03.18 00:27:11.014,0.85574,0.85591
2013.03.18 00:27:11.193,0.85573,0.85591
2013.03.18 00:27:11.372,0.85573,0.85591
2013.03.18 00:27:12.414,0.85573,0.85591
2013.03.18 00:27:12.958,0.85572,0.85591
2013.03.18 00:27:15.133,0.85572,0.85586
2013.03.18 00:27:15.638,0.85572,0.85584
2013.03.18 00:27:16.243,0.85571,0.85584
2013.03.18 00:27:16.783,0.85572,0.85583
2013.03.18 00:27:17.327,0.85572,0.85584
2013.03.18 00:27:17.453,0.85572,0.85587
2013.03.18 00:27:17.992,0.85572,0.85586
2013.03.18 00:27:18.173,0.85572,0.85586
2013.03.18 00:27:18.293,0.85569,0.85583
2013.03.18 00:27:18.413,0.8557,0.85586
2013.03.18 00:27:18.473,0.85572,0.85587
2013.03.18 00:27:19.719,0.85572,0.85582
2013.03.18 00:27:19.806,0.85572,0.85588
2013.03.18 00:27:20.353,0.85571,0.85589
2013.03.18 00:27:20.893,0.85573,0.85589
2013.03.18 00:27:21.443,0.85573,0.85589
2013.03.18 00:27:21.972,0.85573,0.85589
2013.03.18 00:27:25.895,0.85573,0.85586
2013.03.18 00:27:26.385,0.85572,0.85588
2013.03.18 00:27:26.933,0.85573,0.85588
2013.03.18 00:27:27.473,0.85572,0.85586
2013.03.18 00:27:28.013,0.85572,0.85588
2013.03.18 00:27:28.376,0.85572,0.85588
2013.03.18 00:27:28.562,0.85567,0.85582
2013.03.18 00:27:28.743,0.85569,0.85581
2013.03.18 00:27:28.863,0.85566,0.85581
2013.03.18 00:27:28.925,0.8557,0.85585
2013.03.18 00:27:29.053,0.85571,0.85586
2013.03.18 00:27:29.173,0.85571,0.85586
2013.03.18 00:27:29.482,0.8557,0.85588
2013.03.18 00:27:29.664,0.85572,0.85588
2013.03.18 00:27:29.724,0.8557,0.85583
2013.03.18 00:27:29.783,0.8557,0.85582
2013.03.18 00:27:29.904,0.8557,0.85582
2013.03.18 00:27:29.963,0.85572,0.85588
2013.03.18 00:27:30.322,0.85572,0.85589
2013.03.18 00:27:30.622,0.85572,0.85589
2013.03.18 00:27:36.903,0.85572,0.85587
2013.03.18 00:27:37.412,0.85572,0.85588
2013.03.18 00:27:37.744,0.85568,0.85584
2013.03.18 00:27:37.864,0.85566,0.85584
2013.03.18 00:27:40.212,0.85565,0.85584
2013.03.18 00:27:40.273,0.85569,0.85584
2013.03.18 00:27:40.393,0.85569,0.85584
2013.03.18 00:27:40.932,0.85567,0.85587
2013.03.18 00:27:41.343,0.85567,0.85587
2013.03.18 00:27:43.139,0.85567,0.85586
2013.03.18 00:27:43.692,0.85565,0.85583
2013.03.18 00:27:48.155,0.85565,0.85583
2013.03.18 00:27:48.950,0.85566,0.85583
2013.03.18 00:27:49.155,0.85566,0.85582
2013.03.18 00:27:49.842,0.85565,0.85583
2013.03.18 00:27:50.443,0.85565,0.85583
2013.03.18 00:27:50.863,0.85565,0.85583
2013.03.18 00:27:53.003,0.85565,0.85583
2013.03.18 00:27:56.155,0.85565,0.85583
2013.03.18 00:27:56.403,0.85565,0.85583
2013.03.18 00:27:56.523,0.85565,0.85582
2013.03.18 00:27:56.583,0.85565,0.85582
2013.03.18 00:27:56.823,0.85564,0.85582
2013.03.18 00:27:57.183,0.85564,0.85582
2013.03.18 00:27:57.483,0.85564,0.85583
2013.03.18 00:28:08.918,0.85564,0.85582
2013.03.18 00:28:09.113,0.85564,0.85581
2013.03.18 00:28:16.783,0.85564,0.85581
2013.03.18 00:28:17.433,0.85565,0.85581
2013.03.18 00:28:19.422,0.85564,0.85581
2013.03.18 00:28:19.932,0.85563,0.85581
2013.03.18 00:28:21.883,0.85563,0.85581
2013.03.18 00:28:22.243,0.85562,0.85575
2013.03.18 00:28:22.363,0.85562,0.85575
2013.03.18 00:28:24.689,0.85561,0.85575
2013.03.18 00:28:32.754,0.85562,0.85575
2013.03.18 00:28:33.186,0.85562,0.85575
2013.03.18 00:28:34.463,0.85557,0.85575
2013.03.18 00:28:34.703,0.85556,0.85574
2013.03.18 00:28:34.883,0.85554,0.85574
2013.03.18 00:28:34.944,0.85554,0.85571
2013.03.18 00:28:35.898,0.85552,0.85567
2013.03.18 00:28:35.963,0.85551,0.85569
2013.03.18 00:28:36.444,0.85549,0.85566
2013.03.18 00:28:36.504,0.85548,0.85563
2013.03.18 00:28:36.755,0.85546,0.85561
2013.03.18 00:28:36.945,0.85543,0.85558
2013.03.18 00:28:38.898,0.85542,0.85558
2013.03.18 00:28:39.904,0.8554,0.85556
2013.03.18 00:28:40.443,0.8554,0.85555
2013.03.18 00:28:42.874,0.85542,0.85555
2013.03.18 00:28:43.174,0.85543,0.85559
2013.03.18 00:28:43.415,0.85543,0.85559
2013.03.18 00:28:43.724,0.85543,0.85556
2013.03.18 00:28:44.273,0.85543,0.85556
2013.03.18 00:28:44.454,0.85541,0.85556
2013.03.18 00:28:44.633,0.85539,0.85556
2013.03.18 00:28:44.813,0.85539,0.85556
2013.03.18 00:28:44.934,0.85538,0.85552
2013.03.18 00:28:45.414,0.85536,0.8555
2013.03.18 00:28:45.953,0.85536,0.8555
2013.03.18 00:28:46.425,0.85539,0.85554
2013.03.18 00:28:46.784,0.85541,0.85555
2013.03.18 00:28:46.984,0.85543,0.85558
2013.03.18 00:28:48.269,0.85543,0.85558
2013.03.18 00:28:49.415,0.85542,0.85558
2013.03.18 00:28:49.604,0.85541,0.85558
2013.03.18 00:28:50.136,0.85539,0.85557
2013.03.18 00:28:50.384,0.8554,0.85558
2013.03.18 00:28:50.923,0.85539,0.85555
2013.03.18 00:28:51.104,0.85538,0.85555
2013.03.18 00:28:51.583,0.85536,0.85554
2013.03.18 00:28:52.267,0.85535,0.85554
2013.03.18 00:28:52.823,0.85535,0.85552
2013.03.18 00:28:54.384,0.85535,0.85553
2013.03.18 00:28:55.404,0.85536,0.85553
2013.03.18 00:28:55.704,0.85536,0.85551
2013.03.18 00:28:57.812,0.85536,0.85551
2013.03.18 00:29:03.384,0.85537,0.85551
2013.03.18 00:29:03.684,0.85536,0.85553
2013.03.18 00:29:03.995,0.85536,0.85551
2013.03.18 00:29:06.024,0.85534,0.85548
2013.03.18 00:29:06.265,0.85532,0.85548
2013.03.18 00:29:06.444,0.8553,0.85547
2013.03.18 00:29:06.756,0.8553,0.85546
2013.03.18 00:29:07.094,0.8553,0.85546
2013.03.18 00:29:07.154,0.8553,0.85546
2013.03.18 00:29:07.454,0.85531,0.85545
2013.03.18 00:29:08.015,0.85531,0.85546
2013.03.18 00:29:09.804,0.85532,0.85548
2013.03.18 00:29:11.395,0.85534,0.85553
2013.03.18 00:29:21.223,0.85533,0.8555
2013.03.18 00:29:21.803,0.85532,0.8555
2013.03.18 00:29:24.116,0.85533,0.85553
2013.03.18 00:29:24.425,0.85535,0.8555
2013.03.18 00:29:24.485,0.85534,0.8555
2013.03.18 00:29:24.664,0.85533,0.8555
2013.03.18 00:29:25.024,0.85535,0.85552
2013.03.18 00:29:25.385,0.85534,0.85548
2013.03.18 00:29:25.504,0.8553,0.85547
2013.03.18 00:29:25.744,0.85528,0.85544
2013.03.18 00:29:26.173,0.85524,0.8554
2013.03.18 00:29:26.353,0.85522,0.8554
2013.03.18 00:29:26.414,0.85522,0.85538
2013.03.18 00:29:26.774,0.85523,0.85541
2013.03.18 00:29:26.894,0.85523,0.85538
2013.03.18 00:29:27.194,0.85522,0.85538
2013.03.18 00:29:27.554,0.85522,0.85541
2013.03.18 00:29:27.795,0.85522,0.85538
2013.03.18 00:29:28.413,0.85522,0.85539
2013.03.18 00:29:28.714,0.85522,0.85538
2013.03.18 00:29:29.074,0.85521,0.85538
2013.03.18 00:29:29.313,0.85521,0.85538
2013.03.18 00:29:29.674,0.85524,0.85538
2013.03.18 00:29:30.241,0.85523,0.85538
2013.03.18 00:29:31.695,0.85525,0.85541
2013.03.18 00:29:31.995,0.85525,0.85542
2013.03.18 00:29:32.413,0.85527,0.85542
2013.03.18 00:29:33.785,0.85527,0.85542
2013.03.18 00:29:34.384,0.85524,0.85542
2013.03.18 00:29:36.424,0.85527,0.85545
2013.03.18 00:29:37.364,0.85527,0.85543
2013.03.18 00:29:37.544,0.85527,0.85542
2013.03.18 00:29:38.144,0.85527,0.85544
2013.03.18 00:29:42.754,0.85526,0.85544
2013.03.18 00:29:42.876,0.85527,0.85544
2013.03.18 00:29:43.184,0.85526,0.85542
2013.03.18 00:29:54.433,0.85523,0.85541
2013.03.18 00:29:56.713,0.85523,0.85542
2013.03.18 00:30:04.664,0.85525,0.85542
2013.03.18 00:30:06.306,0.85529,0.85545
2013.03.18 00:30:06.374,0.85529,0.85545
2013.03.18 00:30:06.913,0.85529,0.85548
2013.03.18 00:30:10.134,0.85532,0.85548
2013.03.18 00:30:10.994,0.85529,0.85548
2013.03.18 00:30:11.476,0.85528,0.85546
2013.03.18 00:30:11.904,0.85528,0.85545
2013.03.18 00:30:12.204,0.85528,0.85547
2013.03.18 00:30:13.714,0.85528,0.85545
2013.03.18 00:30:14.733,0.85528,0.85547
2013.03.18 00:30:15.274,0.85529,0.85548
2013.03.18 00:30:15.874,0.85529,0.85546
2013.03.18 00:30:25.223,0.85529,0.85548
2013.03.18 00:30:35.114,0.85529,0.85548
2013.03.18 00:30:36.665,0.85532,0.85548
2013.03.18 00:30:37.333,0.8553,0.85547
2013.03.18 00:30:38.204,0.85532,0.85548
2013.03.18 00:30:38.564,0.85533,0.85548
2013.03.18 00:30:38.924,0.85535,0.85548
2013.03.18 00:30:43.434,0.85537,0.85554
2013.03.18 00:30:43.510,0.85537,0.85554
2013.03.18 00:30:47.164,0.85535,0.85555
2013.03.18 00:30:49.195,0.85537,0.85555
2013.03.18 00:30:50.185,0.85535,0.85553
2013.03.18 00:30:50.546,0.85532,0.85551
2013.03.18 00:30:50.975,0.85531,0.85549
2013.03.18 00:30:51.279,0.85532,0.85548
2013.03.18 00:30:55.425,0.85534,0.85548
2013.03.18 00:30:55.555,0.85534,0.85548
2013.03.18 00:30:55.795,0.85535,0.8555
2013.03.18 00:30:55.915,0.85536,0.8555
2013.03.18 00:30:56.156,0.85536,0.8555
2013.03.18 00:30:56.524,0.85536,0.85555
2013.03.18 00:30:57.005,0.85536,0.85555
2013.03.18 00:30:57.125,0.85536,0.85556
2013.03.18 00:30:57.865,0.85536,0.85555
2013.03.18 00:31:00.078,0.85539,0.85556
2013.03.18 00:31:00.624,0.85539,0.85556
2013.03.18 00:31:01.046,0.85539,0.85557
2013.03.18 00:31:01.563,0.85539,0.85557
2013.03.18 00:31:02.348,0.85539,0.85559
2013.03.18 00:31:02.550,0.85542,0.85559
2013.03.18 00:31:03.294,0.85542,0.8556
2013.03.18 00:31:04.235,0.85542,0.8556
2013.03.18 00:31:04.365,0.8554,0.85558
2013.03.18 00:31:05.003,0.85538,0.85558
2013.03.18 00:31:05.556,0.85537,0.85555
2013.03.18 00:31:06.114,0.85536,0.85554
2013.03.18 00:31:06.634,0.85537,0.85555
2013.03.18 00:31:13.263,0.85538,0.85556
2013.03.18 00:31:15.329,0.85537,0.85556
2013.03.18 00:31:20.414,0.85538,0.85556
2013.03.18 00:31:22.614,0.85536,0.85555
2013.03.18 00:31:24.668,0.85536,0.85555
2013.03.18 00:31:25.201,0.85536,0.85555
2013.03.18 00:31:25.937,0.85535,0.85553
2013.03.18 00:31:26.064,0.85535,0.85553
2013.03.18 00:31:26.795,0.85538,0.85556
2013.03.18 00:31:27.444,0.85539,0.85558
2013.03.18 00:31:34.484,0.85539,0.85558
2013.03.18 00:31:35.002,0.85539,0.85558
2013.03.18 00:31:35.625,0.85544,0.85558
2013.03.18 00:31:36.163,0.85542,0.8556
2013.03.18 00:31:36.756,0.85542,0.8556
2013.03.18 00:31:38.813,0.85542,0.8556
2013.03.18 00:31:39.319,0.85542,0.8556
2013.03.18 00:31:44.834,0.85542,0.85559
2013.03.18 00:31:47.164,0.85542,0.85559
2013.03.18 00:31:52.594,0.85539,0.85556
2013.03.18 00:31:53.655,0.85538,0.85552
2013.03.18 00:31:55.237,0.85536,0.85552
2013.03.18 00:31:55.785,0.85534,0.8555
2013.03.18 00:31:56.385,0.85535,0.8555
2013.03.18 00:31:57.183,0.85532,0.85549
2013.03.18 00:31:57.844,0.85528,0.85548
2013.03.18 00:31:58.024,0.85528,0.85547
2013.03.18 00:31:58.595,0.85526,0.85545
2013.03.18 00:31:58.655,0.85526,0.85545
2013.03.18 00:32:02.845,0.85525,0.85543
2013.03.18 00:32:02.904,0.85521,0.85541
2013.03.18 00:32:03.205,0.85519,0.85537
2013.03.18 00:32:03.335,0.85518,0.85537
2013.03.18 00:32:03.694,0.85517,0.85537
2013.03.18 00:32:04.004,0.85516,0.85536
2013.03.18 00:32:04.124,0.85516,0.85535
2013.03.18 00:32:04.425,0.85519,0.85535
2013.03.18 00:32:04.785,0.85521,0.85536
2013.03.18 00:32:04.904,0.85517,0.85539
2013.03.18 00:32:05.443,0.85518,0.85538
2013.03.18 00:32:07.174,0.85518,0.85538
2013.03.18 00:32:13.934,0.85516,0.85535
2013.03.18 00:32:19.154,0.85516,0.85535
2013.03.18 00:32:26.203,0.85515,0.85535
2013.03.18 00:32:26.745,0.85515,0.85535
2013.03.18 00:32:27.136,0.85515,0.85535
2013.03.18 00:32:27.444,0.85511,0.8553
2013.03.18 00:32:29.986,0.85511,0.85533
2013.03.18 00:32:30.504,0.85512,0.85533
2013.03.18 00:32:33.482,0.85505,0.85525
2013.03.18 00:32:34.155,0.85506,0.85526
2013.03.18 00:32:35.455,0.85506,0.85526
2013.03.18 00:32:35.634,0.85503,0.85525
2013.03.18 00:32:35.814,0.85502,0.85524
2013.03.18 00:32:38.675,0.85501,0.85524
2013.03.18 00:32:43.043,0.85502,0.85524
2013.03.18 00:32:46.624,0.85503,0.85524
2013.03.18 00:32:46.925,0.85508,0.85527
2013.03.18 00:32:47.466,0.8551,0.85525
2013.03.18 00:32:47.704,0.85511,0.85529
2013.03.18 00:32:47.944,0.8551,0.85529
2013.03.18 00:32:48.127,0.8551,0.85531
2013.03.18 00:32:48.994,0.8551,0.8553
2013.03.18 00:32:49.128,0.8551,0.8553
2013.03.18 00:32:49.674,0.85509,0.85529
2013.03.18 00:32:49.916,0.85507,0.85528
2013.03.18 00:32:50.650,0.85507,0.85528
2013.03.18 00:32:52.103,0.85507,0.85528
2013.03.18 00:32:57.566,0.85509,0.85529
2013.03.18 00:32:57.635,0.85509,0.85529
2013.03.18 00:32:58.142,0.85509,0.8553
2013.03.18 00:32:59.174,0.85508,0.8553
2013.03.18 00:33:00.708,0.85509,0.85529
2013.03.18 00:33:00.896,0.85508,0.8553
2013.03.18 00:33:01.144,0.85506,0.8553
2013.03.18 00:33:01.265,0.85508,0.8553
2013.03.18 00:33:01.565,0.85509,0.85529
2013.03.18 00:33:01.805,0.85511,0.8553
2013.03.18 00:33:02.310,0.85513,0.8553
2013.03.18 00:33:03.756,0.85513,0.85533
2013.03.18 00:33:04.358,0.85513,0.85533
2013.03.18 00:33:05.735,0.85513,0.85535
2013.03.18 00:33:06.914,0.85513,0.8553
2013.03.18 00:33:07.316,0.85511,0.85532
2013.03.18 00:33:08.643,0.85512,0.85534
2013.03.18 00:33:09.634,0.85513,0.85531
2013.03.18 00:33:10.154,0.85513,0.85531
2013.03.18 00:33:10.214,0.85513,0.85531
2013.03.18 00:33:11.134,0.85513,0.85531
2013.03.18 00:33:11.885,0.85514,0.85532
2013.03.18 00:33:12.132,0.85514,0.85531
2013.03.18 00:33:12.874,0.85514,0.85531
2013.03.18 00:33:13.380,0.85514,0.85531
2013.03.18 00:33:13.686,0.85514,0.85532
2013.03.18 00:33:14.345,0.85516,0.85533
2013.03.18 00:33:14.645,0.85515,0.85535
2013.03.18 00:33:14.826,0.85517,0.85535
2013.03.18 00:33:15.134,0.85519,0.85539
2013.03.18 00:33:15.495,0.85519,0.85539
2013.03.18 00:33:18.646,0.85519,0.85539
2013.03.18 00:33:20.256,0.85519,0.85539
2013.03.18 00:33:20.843,0.85519,0.85538
2013.03.18 00:33:22.378,0.85518,0.85538
2013.03.18 00:33:22.925,0.85518,0.85536
2013.03.18 00:33:23.465,0.85519,0.85536
2013.03.18 00:33:24.014,0.85518,0.85539
2013.03.18 00:33:25.594,0.85519,0.85539
2013.03.18 00:33:26.414,0.85521,0.85539
2013.03.18 00:33:26.474,0.85523,0.85539
2013.03.18 00:33:26.654,0.85524,0.85543
2013.03.18 00:33:28.004,0.85523,0.85542
2013.03.18 00:33:28.974,0.85524,0.85543
2013.03.18 00:33:32.744,0.85525,0.85544
2013.03.18 00:33:33.616,0.85524,0.85544
2013.03.18 00:33:36.315,0.85526,0.85543
2013.03.18 00:33:36.447,0.85526,0.85542
2013.03.18 00:33:36.694,0.85526,0.85545
2013.03.18 00:33:37.379,0.85526,0.85544
2013.03.18 00:33:37.954,0.8553,0.85547
2013.03.18 00:33:38.195,0.85529,0.85545
2013.03.18 00:33:38.374,0.85532,0.85546
2013.03.18 00:33:38.434,0.85532,0.85548
2013.03.18 00:33:38.674,0.85532,0.85549
2013.03.18 00:33:38.917,0.85534,0.85552
2013.03.18 00:33:39.224,0.85538,0.85554
2013.03.18 00:33:39.285,0.85542,0.85559
2013.03.18 00:33:39.405,0.85544,0.8556
2013.03.18 00:33:39.764,0.85546,0.85568
2013.03.18 00:33:40.124,0.85549,0.85568
2013.03.18 00:33:48.784,0.85549,0.85568
2013.03.18 00:33:54.206,0.85549,0.85569
2013.03.18 00:33:57.004,0.8555,0.85569
2013.03.18 00:33:57.136,0.85555,0.85572
2013.03.18 00:33:57.207,0.85555,0.85573
2013.03.18 00:33:57.576,0.85557,0.85576
2013.03.18 00:33:57.756,0.85558,0.85578
2013.03.18 00:33:57.816,0.85558,0.85578
2013.03.18 00:33:57.995,0.8556,0.85581
2013.03.18 00:33:58.534,0.85559,0.85582
2013.03.18 00:33:59.073,0.85561,0.85585
2013.03.18 00:34:00.473,0.85561,0.85585
2013.03.18 00:34:01.950,0.85561,0.85585
2013.03.18 00:34:03.095,0.85561,0.85583
2013.03.18 00:34:03.634,0.85563,0.85582
2013.03.18 00:34:04.646,0.85562,0.8558
2013.03.18 00:34:05.207,0.8556,0.8558
2013.03.18 00:34:05.514,0.85564,0.85583
2013.03.18 00:34:05.634,0.85564,0.85581
2013.03.18 00:34:05.813,0.85564,0.85581
2013.03.18 00:34:06.174,0.85558,0.85581
2013.03.18 00:34:08.825,0.85558,0.85578
2013.03.18 00:34:08.945,0.85557,0.85577
2013.03.18 00:34:09.364,0.85556,0.85576
2013.03.18 00:34:09.914,0.85555,0.85572
2013.03.18 00:34:10.454,0.85553,0.85572
2013.03.18 00:34:14.051,0.85553,0.85572
2013.03.18 00:34:17.384,0.85553,0.85574
2013.03.18 00:34:21.774,0.85554,0.85575
2013.03.18 00:34:22.344,0.85554,0.85574
2013.03.18 00:34:27.236,0.85555,0.85576
2013.03.18 00:34:27.307,0.85556,0.85578
2013.03.18 00:34:28.084,0.85561,0.85578
2013.03.18 00:34:28.144,0.85562,0.85581
2013.03.18 00:34:29.936,0.85562,0.85581
2013.03.18 00:34:31.486,0.85562,0.85582
2013.03.18 00:34:33.314,0.8556,0.85582
2013.03.18 00:34:33.576,0.85565,0.85582
2013.03.18 00:34:34.135,0.85566,0.85588
2013.03.18 00:34:34.194,0.85566,0.85588
2013.03.18 00:34:34.315,0.85567,0.85586
2013.03.18 00:34:34.735,0.85567,0.85588
2013.03.18 00:34:34.975,0.85567,0.85588
2013.03.18 00:34:35.394,0.85567,0.85588
2013.03.18 00:34:35.694,0.85569,0.8559
2013.03.18 00:34:36.234,0.85571,0.85591
2013.03.18 00:34:36.655,0.85573,0.85592
2013.03.18 00:34:36.834,0.85572,0.85593
2013.03.18 00:34:37.134,0.85573,0.85595
2013.03.18 00:34:37.194,0.85574,0.85595
2013.03.18 00:34:37.434,0.85573,0.85595
2013.03.18 00:34:37.925,0.85575,0.85593
2013.03.18 00:34:38.224,0.85571,0.8559
2013.03.18 00:34:38.645,0.85569,0.85589
2013.03.18 00:34:38.824,0.85569,0.85587
2013.03.18 00:34:39.444,0.85565,0.85585
2013.03.18 00:34:39.685,0.85564,0.85585
2013.03.18 00:34:40.165,0.85559,0.85578
2013.03.18 00:34:40.406,0.85559,0.85578
2013.03.18 00:34:40.895,0.85557,0.85576
2013.03.18 00:34:41.195,0.85556,0.85574
2013.03.18 00:34:41.436,0.85554,0.85574
2013.03.18 00:34:41.675,0.85551,0.85572
2013.03.18 00:34:42.220,0.85553,0.85572
2013.03.18 00:34:43.685,0.85549,0.85571
2013.03.18 00:34:44.674,0.85551,0.8557
2013.03.18 00:34:45.097,0.85555,0.85575
2013.03.18 00:34:45.673,0.85554,0.85576
2013.03.18 00:34:47.205,0.85554,0.85576
2013.03.18 00:34:48.496,0.85557,0.85578
2013.03.18 00:34:53.544,0.85557,0.85577
2013.03.18 00:34:54.885,0.85557,0.85577
2013.03.18 00:34:56.195,0.85555,0.85573
2013.03.18 00:34:56.315,0.85554,0.85574
2013.03.18 00:34:56.625,0.85554,0.85574
2013.03.18 00:34:56.926,0.85558,0.85574
2013.03.18 00:34:56.986,0.8556,0.85575
2013.03.18 00:34:57.047,0.8556,0.8558
2013.03.18 00:34:57.355,0.8556,0.85577
2013.03.18 00:34:58.495,0.85557,0.85577
2013.03.18 00:35:00.287,0.85563,0.85581
2013.03.18 00:35:00.536,0.85564,0.85582
2013.03.18 00:35:00.606,0.85564,0.85582
2013.03.18 00:35:03.674,0.85563,0.85583
2013.03.18 00:35:05.904,0.85567,0.85585
2013.03.18 00:35:06.026,0.85567,0.85586
2013.03.18 00:35:06.144,0.85567,0.85586
2013.03.18 00:35:06.566,0.85568,0.85588
2013.03.18 00:35:06.874,0.85568,0.85588
2013.03.18 00:35:08.977,0.85572,0.8559
2013.03.18 00:35:09.286,0.85579,0.85594
2013.03.18 00:35:09.406,0.85579,0.85597
2013.03.18 00:35:09.466,0.85583,0.85597
2013.03.18 00:35:09.656,0.85582,0.85597
2013.03.18 00:35:09.846,0.85576,0.85596
2013.03.18 00:35:10.154,0.85575,0.85595
2013.03.18 00:35:10.394,0.85573,0.85593
2013.03.18 00:35:10.904,0.85573,0.8559
2013.03.18 00:35:11.858,0.85569,0.85589
2013.03.18 00:35:11.925,0.85568,0.85588
2013.03.18 00:35:12.404,0.85568,0.85586
2013.03.18 00:35:15.446,0.85567,0.85587
2013.03.18 00:35:15.937,0.85564,0.85584
2013.03.18 00:35:18.426,0.85562,0.85581
2013.03.18 00:35:18.985,0.85562,0.85579
2013.03.18 00:35:19.293,0.85566,0.85579
2013.03.18 00:35:19.427,0.85565,0.85579
2013.03.18 00:35:19.496,0.85567,0.85586
2013.03.18 00:35:19.915,0.85566,0.85584
2013.03.18 00:35:20.694,0.85567,0.85584
2013.03.18 00:35:21.234,0.85568,0.85586
2013.03.18 00:35:21.757,0.85567,0.85586
2013.03.18 00:35:22.647,0.85568,0.85586
2013.03.18 00:35:22.715,0.85569,0.85586
2013.03.18 00:35:23.512,0.85568,0.85586
2013.03.18 00:35:24.285,0.85569,0.85586
2013.03.18 00:35:24.644,0.85569,0.85586
2013.03.18 00:35:27.365,0.8557,0.85586
2013.03.18 00:35:28.194,0.8557,0.85586
2013.03.18 00:35:28.254,0.8557,0.85586
2013.03.18 00:35:28.376,0.8557,0.85586
2013.03.18 00:35:28.684,0.85574,0.85591
2013.03.18 00:35:29.194,0.85574,0.85591
2013.03.18 00:35:29.654,0.85574,0.85591
2013.03.18 00:35:34.006,0.85574,0.85591
2013.03.18 00:35:34.524,0.85574,0.85591
2013.03.18 00:35:34.884,0.85575,0.85591
2013.03.18 00:35:35.562,0.85576,0.85591
2013.03.18 00:35:36.435,0.85575,0.85591
2013.03.18 00:35:36.974,0.85575,0.85591
2013.03.18 00:35:37.575,0.85575,0.85591
2013.03.18 00:35:39.855,0.85574,0.85592
2013.03.18 00:35:40.214,0.85573,0.85591
2013.03.18 00:35:42.454,0.85573,0.85591
2013.03.18 00:35:43.084,0.8557,0.85591
2013.03.18 00:35:43.384,0.85567,0.85589
2013.03.18 00:35:43.976,0.85567,0.85587
2013.03.18 00:35:47.170,0.85567,0.85586
2013.03.18 00:35:48.155,0.85567,0.85586
2013.03.18 00:35:48.695,0.85566,0.85586
2013.03.18 00:35:48.885,0.85565,0.85585
2013.03.18 00:35:48.944,0.85565,0.85582
2013.03.18 00:35:54.195,0.85564,0.85581
2013.03.18 00:35:56.056,0.85562,0.85581
2013.03.18 00:35:56.128,0.85558,0.85581
2013.03.18 00:35:56.494,0.85558,0.85577
2013.03.18 00:35:57.091,0.85558,0.85575
2013.03.18 00:35:58.165,0.85557,0.85575
2013.03.18 00:35:58.665,0.8556,0.85575
2013.03.18 00:35:59.885,0.85559,0.85575
2013.03.18 00:35:59.945,0.85557,0.85573
2013.03.18 00:36:00.064,0.85555,0.85573
2013.03.18 00:36:00.544,0.85556,0.85573
2013.03.18 00:36:01.075,0.85557,0.85573
2013.03.18 00:36:01.615,0.85559,0.85575
2013.03.18 00:36:04.668,0.85559,0.85577
2013.03.18 00:36:05.154,0.85558,0.85576
2013.03.18 00:36:06.126,0.85558,0.85575
2013.03.18 00:36:06.256,0.85556,0.85575
2013.03.18 00:36:06.878,0.85556,0.85575
2013.03.18 00:36:07.867,0.85555,0.85577
2013.03.18 00:36:08.864,0.85555,0.85577
2013.03.18 00:36:09.165,0.85557,0.85577
2013.03.18 00:36:09.225,0.85557,0.85577
2013.03.18 00:36:09.406,0.85559,0.85577
2013.03.18 00:36:09.595,0.85559,0.85578
2013.03.18 00:36:11.165,0.85559,0.85578
2013.03.18 00:36:14.547,0.85564,0.85582
2013.03.18 00:36:14.615,0.85563,0.85582
2013.03.18 00:36:15.155,0.85563,0.85582
2013.03.18 00:36:15.430,0.85563,0.85581
2013.03.18 00:36:16.035,0.85561,0.8558
2013.03.18 00:36:19.125,0.8556,0.85577
2013.03.18 00:36:19.425,0.8556,0.85577
2013.03.18 00:36:19.939,0.8556,0.85577
2013.03.18 00:36:20.645,0.8556,0.85577
2013.03.18 00:36:23.575,0.85559,0.85575
2013.03.18 00:36:24.117,0.85557,0.85575
2013.03.18 00:36:27.645,0.85559,0.85573
2013.03.18 00:36:27.955,0.8556,0.85578
2013.03.18 00:36:28.134,0.85563,0.85578
2013.03.18 00:36:28.375,0.85567,0.85583
2013.03.18 00:36:29.645,0.85568,0.85583
2013.03.18 00:36:29.776,0.85568,0.85583
2013.03.18 00:36:32.375,0.85571,0.85584
2013.03.18 00:36:32.915,0.85571,0.85584
2013.03.18 00:36:33.274,0.85571,0.85586
2013.03.18 00:36:33.794,0.85572,0.85586
2013.03.18 00:36:34.403,0.85571,0.85586
2013.03.18 00:36:34.588,0.85572,0.85587
2013.03.18 00:36:34.776,0.85574,0.85589
2013.03.18 00:36:35.316,0.85574,0.85589
2013.03.18 00:36:35.866,0.85573,0.85591
2013.03.18 00:36:36.230,0.85573,0.85591
2013.03.18 00:36:38.136,0.85573,0.85591
2013.03.18 00:36:38.375,0.85574,0.85591
2013.03.18 00:36:39.386,0.85573,0.8559
2013.03.18 00:36:39.449,0.85572,0.8559
2013.03.18 00:36:40.465,0.85572,0.8559
2013.03.18 00:36:41.005,0.85573,0.8559
2013.03.18 00:36:42.573,0.85568,0.85586
2013.03.18 00:36:42.775,0.85568,0.85586
2013.03.18 00:36:44.166,0.85566,0.85585
2013.03.18 00:36:44.595,0.85565,0.85582
2013.03.18 00:36:46.945,0.85565,0.8558
2013.03.18 00:36:47.945,0.85567,0.8558
2013.03.18 00:36:49.344,0.85567,0.85581
2013.03.18 00:36:52.186,0.85568,0.85584
2013.03.18 00:36:52.256,0.85569,0.85584
2013.03.18 00:36:55.311,0.85569,0.85584
2013.03.18 00:36:55.379,0.85568,0.85584
2013.03.18 00:36:55.923,0.85567,0.85584
2013.03.18 00:36:58.016,0.85567,0.85584
2013.03.18 00:36:58.555,0.85567,0.85584
2013.03.18 00:36:59.246,0.85566,0.8558
2013.03.18 00:36:59.575,0.85561,0.85582
2013.03.18 00:37:00.206,0.85561,0.85578
2013.03.18 00:37:00.445,0.85561,0.85578
2013.03.18 00:37:01.005,0.85561,0.85578
2013.03.18 00:37:02.424,0.85561,0.85578
2013.03.18 00:37:05.426,0.85562,0.85578
2013.03.18 00:37:06.586,0.85559,0.85577
2013.03.18 00:37:07.010,0.85561,0.85575
2013.03.18 00:37:19.747,0.85559,0.85575
2013.03.18 00:37:24.874,0.85559,0.85577
2013.03.18 00:37:25.668,0.8556,0.85579
2013.03.18 00:37:26.214,0.85559,0.85579
2013.03.18 00:37:26.665,0.85559,0.85579
2013.03.18 00:37:26.904,0.85559,0.85579
2013.03.18 00:37:27.445,0.85562,0.8558
2013.03.18 00:37:29.084,0.85564,0.8558
2013.03.18 00:37:29.205,0.85566,0.85583
2013.03.18 00:37:29.385,0.85568,0.85585
2013.03.18 00:37:29.445,0.85568,0.85585
2013.03.18 00:37:29.504,0.8557,0.85587
2013.03.18 00:37:29.753,0.8557,0.85589
2013.03.18 00:37:30.304,0.85569,0.85589
2013.03.18 00:37:32.986,0.85568,0.85589
2013.03.18 00:37:33.525,0.85567,0.85586
2013.03.18 00:37:36.940,0.85568,0.85586
2013.03.18 00:37:43.055,0.85568,0.85586
2013.03.18 00:37:43.114,0.85568,0.85586
