Time,Bid,Ask
2013.03.06 00:00:00.821,0.86194,0.86211
2013.03.06 00:00:01.120,0.86195,0.86211
2013.03.06 00:00:03.390,0.86196,0.86213
2013.03.06 00:00:03.879,0.86196,0.86213
2013.03.06 00:00:07.970,0.86196,0.86213
2013.03.06 00:00:08.510,0.86196,0.86212
2013.03.06 00:00:09.170,0.86196,0.86213
2013.03.06 00:00:09.740,0.86196,0.86212
2013.03.06 00:00:09.950,0.86196,0.86213
2013.03.06 00:00:10.252,0.86197,0.86213
2013.03.06 00:00:10.380,0.86197,0.86212
2013.03.06 00:00:12.101,0.86197,0.86213
2013.03.06 00:00:12.651,0.86197,0.86212
2013.03.06 00:00:13.191,0.86197,0.86212
2013.03.06 00:00:13.780,0.86197,0.86215
2013.03.06 00:00:14.101,0.86197,0.86215
2013.03.06 00:00:14.292,0.86197,0.86212
2013.03.06 00:00:14.900,0.86197,0.86212
2013.03.06 00:00:15.454,0.86197,0.86213
2013.03.06 00:00:16.000,0.86197,0.86213
2013.03.06 00:00:16.541,0.86197,0.86213
2013.03.06 00:00:17.450,0.86197,0.86213
2013.03.06 00:00:17.971,0.86197,0.86212
2013.03.06 00:00:22.919,0.86197,0.86212
2013.03.06 00:00:23.279,0.86197,0.86213
2013.03.06 00:00:23.820,0.86197,0.86213
2013.03.06 00:00:24.340,0.86197,0.86213
2013.03.06 00:00:24.881,0.86197,0.86213
2013.03.06 00:00:39.110,0.86197,0.86212
2013.03.06 00:00:42.180,0.86197,0.86211
2013.03.06 00:00:44.930,0.86198,0.86212
2013.03.06 00:00:45.432,0.86198,0.86213
2013.03.06 00:00:47.230,0.86198,0.86213
2013.03.06 00:00:49.370,0.86199,0.86216
2013.03.06 00:00:49.670,0.86199,0.86217
2013.03.06 00:00:51.382,0.86201,0.86216
2013.03.06 00:00:54.802,0.86201,0.86216
2013.03.06 00:00:55.701,0.86202,0.86218
2013.03.06 00:00:56.002,0.86202,0.8622
2013.03.06 00:00:56.251,0.86209,0.86221
2013.03.06 00:00:56.383,0.86208,0.86223
2013.03.06 00:00:56.513,0.86208,0.86224
2013.03.06 00:00:56.893,0.86208,0.86224
2013.03.06 00:00:57.202,0.86212,0.86224
2013.03.06 00:00:57.761,0.86212,0.86225
2013.03.06 00:00:57.941,0.86209,0.86224
2013.03.06 00:00:59.302,0.86209,0.86225
2013.03.06 00:00:59.432,0.86209,0.86225
2013.03.06 00:00:59.682,0.86208,0.86223
2013.03.06 00:01:00.497,0.86208,0.86223
2013.03.06 00:01:02.391,0.86207,0.86222
2013.03.06 00:01:14.411,0.86206,0.86222
2013.03.06 00:01:19.792,0.86208,0.86222
2013.03.06 00:01:25.423,0.86206,0.86222
2013.03.06 00:01:25.761,0.86212,0.86227
2013.03.06 00:01:25.831,0.86212,0.86227
2013.03.06 00:01:25.953,0.86216,0.86229
2013.03.06 00:01:26.200,0.86215,0.86231
2013.03.06 00:01:26.321,0.86215,0.86231
2013.03.06 00:01:26.441,0.86217,0.86231
2013.03.06 00:01:26.621,0.86217,0.86231
2013.03.06 00:01:27.132,0.86217,0.86232
2013.03.06 00:01:27.443,0.86217,0.86233
2013.03.06 00:01:28.003,0.86217,0.86232
2013.03.06 00:01:30.781,0.86217,0.86232
2013.03.06 00:01:31.563,0.86218,0.86232
2013.03.06 00:01:34.262,0.86218,0.86234
2013.03.06 00:01:34.510,0.8622,0.86234
2013.03.06 00:01:35.921,0.8622,0.86238
2013.03.06 00:01:36.222,0.86223,0.8624
2013.03.06 00:01:36.977,0.86223,0.86241
2013.03.06 00:01:42.371,0.86223,0.86241
2013.03.06 00:01:43.201,0.86223,0.8624
2013.03.06 00:01:43.442,0.86222,0.8624
2013.03.06 00:01:43.632,0.86222,0.8624
2013.03.06 00:01:45.994,0.86223,0.86239
2013.03.06 00:01:46.121,0.86223,0.8624
2013.03.06 00:01:58.272,0.86223,0.8624
2013.03.06 00:02:08.032,0.86222,0.8624
2013.03.06 00:02:08.521,0.86223,0.8624
2013.03.06 00:02:09.050,0.86223,0.8624
2013.03.06 00:02:11.485,0.86223,0.8624
2013.03.06 00:02:14.455,0.86223,0.8624
2013.03.06 00:02:23.441,0.86225,0.86241
2013.03.06 00:02:23.863,0.86227,0.86243
2013.03.06 00:02:24.412,0.86231,0.86244
2013.03.06 00:02:24.472,0.86231,0.86248
2013.03.06 00:02:24.601,0.86232,0.86248
2013.03.06 00:02:24.723,0.86234,0.86249
2013.03.06 00:02:25.271,0.86235,0.86249
2013.03.06 00:02:25.512,0.86237,0.86253
2013.03.06 00:02:26.331,0.86237,0.86255
2013.03.06 00:02:26.891,0.86237,0.86255
2013.03.06 00:02:30.601,0.86237,0.86255
2013.03.06 00:02:40.422,0.86236,0.86254
2013.03.06 00:02:41.046,0.86237,0.86256
2013.03.06 00:02:41.703,0.86237,0.86255
2013.03.06 00:02:41.903,0.86237,0.86255
2013.03.06 00:02:43.881,0.86237,0.86253
2013.03.06 00:02:44.430,0.86237,0.86252
2013.03.06 00:02:51.726,0.86234,0.86251
2013.03.06 00:03:41.996,0.86232,0.86251
2013.03.06 00:03:45.871,0.86233,0.86251
2013.03.06 00:03:46.175,0.86235,0.86253
2013.03.06 00:03:46.483,0.86238,0.86253
2013.03.06 00:03:46.613,0.86238,0.86255
2013.03.06 00:03:47.142,0.86238,0.86255
2013.03.06 00:03:52.316,0.86241,0.86255
2013.03.06 00:03:52.561,0.86242,0.86257
2013.03.06 00:03:53.122,0.8624,0.86257
2013.03.06 00:03:53.877,0.8624,0.86257
2013.03.06 00:03:55.433,0.8624,0.86257
2013.03.06 00:03:56.061,0.8624,0.86257
2013.03.06 00:03:56.432,0.86238,0.86255
2013.03.06 00:03:57.523,0.86235,0.86252
2013.03.06 00:03:57.892,0.86234,0.86251
2013.03.06 00:03:58.262,0.86232,0.86249
2013.03.06 00:03:58.950,0.86232,0.86249
2013.03.06 00:04:00.982,0.86232,0.86249
2013.03.06 00:04:02.282,0.86232,0.86249
2013.03.06 00:04:22.402,0.86229,0.86247
2013.03.06 00:04:24.492,0.86229,0.86248
2013.03.06 00:04:29.291,0.86232,0.86248
2013.03.06 00:04:29.846,0.86232,0.86249
2013.03.06 00:04:30.821,0.86232,0.86249
2013.03.06 00:04:31.546,0.86232,0.86248
2013.03.06 00:04:32.942,0.8623,0.86248
2013.03.06 00:04:33.015,0.8623,0.86247
2013.03.06 00:04:33.204,0.8623,0.86245
2013.03.06 00:04:33.992,0.86225,0.86244
2013.03.06 00:04:39.972,0.86224,0.86243
2013.03.06 00:04:42.895,0.86225,0.86243
2013.03.06 00:04:48.971,0.86225,0.86243
2013.03.06 00:05:04.791,0.86225,0.86243
2013.03.06 00:05:14.996,0.86226,0.86244
2013.03.06 00:05:21.763,0.86226,0.86244
2013.03.06 00:05:29.012,0.86228,0.86244
2013.03.06 00:05:46.781,0.86227,0.86245
2013.03.06 00:06:01.144,0.86228,0.86245
2013.03.06 00:06:12.976,0.86229,0.86245
2013.03.06 00:06:14.322,0.86228,0.86245
2013.03.06 00:06:14.391,0.86229,0.86245
2013.03.06 00:06:15.212,0.86232,0.86245
2013.03.06 00:06:23.430,0.8623,0.86246
2013.03.06 00:06:26.821,0.8623,0.86246
2013.03.06 00:06:27.366,0.86228,0.86244
2013.03.06 00:06:27.493,0.86225,0.86244
2013.03.06 00:06:27.563,0.86225,0.86244
2013.03.06 00:06:28.134,0.86225,0.86243
2013.03.06 00:06:28.201,0.86225,0.86243
2013.03.06 00:06:29.313,0.86225,0.86243
2013.03.06 00:06:31.851,0.86224,0.86239
2013.03.06 00:06:32.211,0.86224,0.86238
2013.03.06 00:06:54.632,0.86224,0.86239
2013.03.06 00:06:55.173,0.86224,0.86239
2013.03.06 00:06:58.256,0.86225,0.8624
2013.03.06 00:06:58.812,0.86227,0.86239
2013.03.06 00:07:03.665,0.86227,0.86239
2013.03.06 00:07:05.268,0.86227,0.86239
2013.03.06 00:07:05.811,0.86227,0.86239
2013.03.06 00:07:05.931,0.86227,0.86241
2013.03.06 00:07:06.232,0.86227,0.86239
2013.03.06 00:07:06.403,0.86228,0.86241
2013.03.06 00:07:06.472,0.86228,0.86241
2013.03.06 00:07:06.772,0.86228,0.8624
2013.03.06 00:07:06.971,0.86228,0.86241
2013.03.06 00:07:07.212,0.86228,0.8624
2013.03.06 00:07:07.573,0.86228,0.86241
2013.03.06 00:07:07.701,0.86228,0.86239
2013.03.06 00:07:07.922,0.86228,0.86241
2013.03.06 00:07:08.351,0.86228,0.86239
2013.03.06 00:07:08.471,0.86228,0.86241
2013.03.06 00:07:08.712,0.86228,0.8624
2013.03.06 00:07:08.951,0.86228,0.86241
2013.03.06 00:07:09.253,0.86228,0.86239
2013.03.06 00:07:09.431,0.86228,0.86241
2013.03.06 00:07:09.675,0.86228,0.8624
2013.03.06 00:07:09.932,0.86228,0.8624
2013.03.06 00:07:10.122,0.86228,0.8624
2013.03.06 00:07:10.462,0.86228,0.86241
2013.03.06 00:07:10.661,0.86228,0.86239
2013.03.06 00:07:10.931,0.86228,0.86241
2013.03.06 00:07:11.172,0.86228,0.8624
2013.03.06 00:07:11.533,0.86228,0.86241
2013.03.06 00:07:11.662,0.86228,0.8624
2013.03.06 00:07:11.963,0.86228,0.86241
2013.03.06 00:07:19.994,0.86229,0.86242
2013.03.06 00:07:21.193,0.86228,0.86242
2013.03.06 00:07:24.142,0.86227,0.86241
2013.03.06 00:07:24.682,0.86227,0.86241
2013.03.06 00:07:25.363,0.86227,0.86241
2013.03.06 00:07:33.732,0.86226,0.86241
2013.03.06 00:07:33.862,0.86226,0.86241
2013.03.06 00:07:34.376,0.86226,0.86239
2013.03.06 00:07:34.741,0.86227,0.86239
2013.03.06 00:07:35.771,0.86226,0.86239
2013.03.06 00:07:36.881,0.86226,0.86239
2013.03.06 00:07:39.651,0.86228,0.86239
2013.03.06 00:07:46.856,0.86226,0.86239
2013.03.06 00:07:47.886,0.86227,0.86239
2013.03.06 00:07:57.955,0.86228,0.86239
2013.03.06 00:08:06.166,0.86226,0.8624
2013.03.06 00:08:16.848,0.86226,0.8624
2013.03.06 00:08:32.237,0.86223,0.8624
2013.03.06 00:08:33.501,0.86223,0.86238
2013.03.06 00:08:34.191,0.86223,0.86238
2013.03.06 00:08:34.731,0.86223,0.86238
2013.03.06 00:08:35.241,0.86223,0.86238
2013.03.06 00:08:35.791,0.86223,0.86238
2013.03.06 00:08:36.422,0.86223,0.86238
2013.03.06 00:08:36.981,0.86221,0.86238
2013.03.06 00:08:37.221,0.86221,0.86238
2013.03.06 00:08:37.535,0.86222,0.86237
2013.03.06 00:08:38.081,0.86219,0.86237
2013.03.06 00:08:38.621,0.86219,0.86237
2013.03.06 00:08:50.591,0.86219,0.86237
2013.03.06 00:08:51.121,0.8622,0.86237
2013.03.06 00:08:55.462,0.86219,0.86237
2013.03.06 00:09:13.652,0.86218,0.86236
2013.03.06 00:09:15.208,0.86218,0.86237
2013.03.06 00:09:24.318,0.86218,0.86236
2013.03.06 00:09:37.472,0.86219,0.86237
2013.03.06 00:09:43.960,0.8622,0.86237
2013.03.06 00:09:45.521,0.8622,0.86238
2013.03.06 00:09:46.049,0.86222,0.86238
2013.03.06 00:09:46.113,0.86221,0.86238
2013.03.06 00:09:46.642,0.8622,0.86238
2013.03.06 00:09:48.532,0.86219,0.86238
2013.03.06 00:09:53.462,0.86219,0.86237
2013.03.06 00:09:55.092,0.86219,0.86237
2013.03.06 00:09:57.711,0.86219,0.86236
2013.03.06 00:09:58.894,0.86219,0.86236
2013.03.06 00:10:00.472,0.8622,0.86235
2013.03.06 00:10:01.022,0.86221,0.86237
2013.03.06 00:10:01.262,0.86223,0.86238
2013.03.06 00:10:01.403,0.86223,0.86238
2013.03.06 00:10:01.474,0.86223,0.86238
2013.03.06 00:10:01.961,0.86221,0.86238
2013.03.06 00:10:02.502,0.86221,0.86237
2013.03.06 00:10:08.651,0.8622,0.86237
2013.03.06 00:10:09.013,0.86222,0.86237
2013.03.06 00:10:09.432,0.86222,0.86239
2013.03.06 00:10:09.493,0.86222,0.86239
2013.03.06 00:10:10.011,0.86222,0.86239
2013.03.06 00:10:10.562,0.86223,0.86238
2013.03.06 00:10:11.341,0.86223,0.86238
2013.03.06 00:10:11.879,0.86223,0.86238
2013.03.06 00:10:12.405,0.86222,0.86238
2013.03.06 00:10:12.472,0.86222,0.86237
2013.03.06 00:10:13.754,0.86219,0.86235
2013.03.06 00:10:14.011,0.86219,0.86235
2013.03.06 00:10:14.742,0.86217,0.86236
2013.03.06 00:10:14.933,0.86217,0.86236
2013.03.06 00:10:15.185,0.86216,0.86233
2013.03.06 00:10:15.700,0.86214,0.86232
2013.03.06 00:10:15.835,0.86214,0.86231
2013.03.06 00:10:17.502,0.86214,0.86231
2013.03.06 00:10:18.102,0.86216,0.86234
2013.03.06 00:10:18.462,0.86216,0.86233
2013.03.06 00:10:26.847,0.86213,0.86229
2013.03.06 00:10:26.929,0.86214,0.86229
2013.03.06 00:10:27.483,0.86209,0.86229
2013.03.06 00:10:30.363,0.86211,0.86229
2013.03.06 00:10:30.999,0.86211,0.86229
2013.03.06 00:10:31.722,0.86211,0.86229
2013.03.06 00:10:36.211,0.86209,0.86229
2013.03.06 00:10:42.711,0.86209,0.86229
2013.03.06 00:10:43.634,0.86209,0.86228
2013.03.06 00:10:47.324,0.86209,0.86228
2013.03.06 00:10:49.692,0.8621,0.86229
2013.03.06 00:11:03.539,0.8621,0.86228
2013.03.06 00:11:04.973,0.8621,0.86229
2013.03.06 00:11:06.842,0.8621,0.86228
2013.03.06 00:11:21.294,0.8621,0.86229
2013.03.06 00:11:25.432,0.86212,0.8623
2013.03.06 00:11:30.402,0.86212,0.8623
2013.03.06 00:11:32.416,0.86212,0.8623
2013.03.06 00:11:46.856,0.86212,0.86229
2013.03.06 00:12:01.454,0.86212,0.8623
2013.03.06 00:12:05.682,0.86212,0.8623
2013.03.06 00:12:11.773,0.86212,0.8623
2013.03.06 00:12:12.972,0.86212,0.8623
2013.03.06 00:12:13.981,0.86212,0.8623
2013.03.06 00:12:15.454,0.8621,0.86228
2013.03.06 00:12:15.768,0.86208,0.86227
2013.03.06 00:12:16.192,0.86209,0.86228
2013.03.06 00:12:16.252,0.86209,0.86228
2013.03.06 00:12:41.863,0.86213,0.8623
2013.03.06 00:12:42.174,0.86214,0.86231
2013.03.06 00:12:42.494,0.86215,0.86234
2013.03.06 00:12:42.863,0.8622,0.86237
2013.03.06 00:12:43.052,0.8622,0.8624
2013.03.06 00:12:43.773,0.86222,0.86241
2013.03.06 00:12:44.756,0.86223,0.86241
2013.03.06 00:12:56.732,0.86225,0.86243
2013.03.06 00:12:57.222,0.86227,0.86245
2013.03.06 00:12:58.578,0.86227,0.86246
2013.03.06 00:12:59.327,0.86227,0.86245
2013.03.06 00:13:02.552,0.86227,0.86245
2013.03.06 00:13:07.452,0.86228,0.86246
2013.03.06 00:13:16.204,0.86228,0.86245
2013.03.06 00:13:17.422,0.86227,0.86245
2013.03.06 00:13:17.923,0.86227,0.86245
2013.03.06 00:13:18.463,0.86225,0.86242
2013.03.06 00:13:18.763,0.86223,0.86239
2013.03.06 00:13:43.002,0.8622,0.86239
2013.03.06 00:13:43.555,0.8622,0.86239
2013.03.06 00:13:44.984,0.8622,0.86239
2013.03.06 00:13:48.882,0.8622,0.86238
2013.03.06 00:13:54.774,0.8622,0.86238
2013.03.06 00:13:58.383,0.8622,0.86238
2013.03.06 00:14:01.954,0.8622,0.86237
2013.03.06 00:14:05.512,0.8622,0.86238
2013.03.06 00:14:06.873,0.8622,0.86238
2013.03.06 00:14:11.443,0.8622,0.86238
2013.03.06 00:14:14.182,0.8622,0.86238
2013.03.06 00:14:17.254,0.86221,0.86237
2013.03.06 00:14:24.203,0.86219,0.86236
2013.03.06 00:14:26.404,0.86219,0.86236
2013.03.06 00:14:29.465,0.86219,0.86236
2013.03.06 00:14:32.112,0.86219,0.86235
2013.03.06 00:14:32.233,0.8622,0.86236
2013.03.06 00:14:32.782,0.8622,0.86237
2013.03.06 00:14:33.713,0.8622,0.86238
2013.03.06 00:14:34.414,0.8622,0.86238
2013.03.06 00:14:37.542,0.8622,0.86238
2013.03.06 00:14:38.383,0.8622,0.86238
2013.03.06 00:14:39.474,0.8622,0.86238
2013.03.06 00:14:42.682,0.8622,0.86238
2013.03.06 00:14:47.737,0.8622,0.86238
2013.03.06 00:14:50.698,0.8622,0.86238
2013.03.06 00:14:59.194,0.8622,0.86238
2013.03.06 00:14:59.512,0.86223,0.86239
2013.03.06 00:15:01.802,0.86225,0.86239
2013.03.06 00:15:04.503,0.86224,0.86239
2013.03.06 00:15:13.094,0.86223,0.86239
2013.03.06 00:15:13.672,0.86223,0.86239
2013.03.06 00:15:15.905,0.86223,0.86239
2013.03.06 00:15:23.921,0.86223,0.86239
2013.03.06 00:15:28.262,0.86223,0.86239
2013.03.06 00:15:29.698,0.86223,0.86239
2013.03.06 00:15:41.296,0.86224,0.8624
2013.03.06 00:15:42.215,0.86221,0.8624
2013.03.06 00:15:42.823,0.8622,0.86238
2013.03.06 00:15:43.303,0.8622,0.86239
2013.03.06 00:15:43.492,0.86222,0.86239
2013.03.06 00:15:46.524,0.86222,0.86239
2013.03.06 00:15:48.533,0.8622,0.86239
2013.03.06 00:15:48.842,0.8622,0.86236
2013.03.06 00:15:49.682,0.86219,0.86235
2013.03.06 00:15:50.164,0.86219,0.86237
2013.03.06 00:15:50.473,0.86223,0.86239
2013.03.06 00:15:56.473,0.86226,0.8624
2013.03.06 00:15:57.022,0.86226,0.8624
2013.03.06 00:16:04.583,0.86228,0.86241
2013.03.06 00:16:08.113,0.86228,0.86242
2013.03.06 00:16:09.345,0.86228,0.86242
2013.03.06 00:16:11.454,0.86225,0.86241
2013.03.06 00:16:11.656,0.86228,0.86242
2013.03.06 00:16:16.143,0.86228,0.86241
2013.03.06 00:16:17.673,0.86223,0.86241
2013.03.06 00:16:21.125,0.86223,0.86241
2013.03.06 00:16:28.193,0.86223,0.86241
2013.03.06 00:16:28.442,0.86225,0.86243
2013.03.06 00:16:28.504,0.86225,0.86243
2013.03.06 00:16:38.443,0.86227,0.86244
2013.03.06 00:16:38.992,0.86225,0.86242
2013.03.06 00:16:52.301,0.86224,0.86242
2013.03.06 00:17:55.323,0.86225,0.86241
2013.03.06 00:18:01.754,0.86221,0.86239
2013.03.06 00:18:01.943,0.86221,0.86238
2013.03.06 00:18:04.003,0.86221,0.86238
2013.03.06 00:18:12.473,0.86221,0.86238
2013.03.06 00:18:22.333,0.86218,0.86237
2013.03.06 00:19:10.770,0.8622,0.86236
2013.03.06 00:19:23.523,0.86219,0.86235
2013.03.06 00:19:23.589,0.86214,0.86233
2013.03.06 00:19:23.904,0.86212,0.86227
2013.03.06 00:19:24.157,0.86211,0.8623
2013.03.06 00:19:24.225,0.86211,0.8623
2013.03.06 00:19:24.415,0.86212,0.86231
2013.03.06 00:19:24.933,0.86215,0.86232
2013.03.06 00:19:38.212,0.86214,0.86231
2013.03.06 00:19:38.454,0.86212,0.8623
2013.03.06 00:19:39.382,0.8621,0.86228
2013.03.06 00:19:51.715,0.86211,0.86228
2013.03.06 00:19:54.714,0.86211,0.86228
2013.03.06 00:20:00.822,0.8621,0.86227
2013.03.06 00:20:01.184,0.86209,0.86227
2013.03.06 00:20:10.073,0.86209,0.86227
2013.03.06 00:20:12.063,0.8621,0.86227
2013.03.06 00:20:13.603,0.86209,0.86228
2013.03.06 00:20:22.162,0.86209,0.86227
2013.03.06 00:20:22.342,0.86209,0.86228
2013.03.06 00:20:29.862,0.86209,0.86228
2013.03.06 00:20:30.418,0.86209,0.86228
2013.03.06 00:20:43.153,0.86209,0.86229
2013.03.06 00:20:52.803,0.86211,0.86229
2013.03.06 00:20:55.745,0.86211,0.86229
2013.03.06 00:21:15.243,0.86214,0.8623
2013.03.06 00:21:21.474,0.86214,0.8623
2013.03.06 00:21:29.325,0.86214,0.8623
2013.03.06 00:21:38.036,0.86214,0.8623
2013.03.06 00:21:46.803,0.86213,0.8623
2013.03.06 00:21:50.093,0.86213,0.86229
2013.03.06 00:21:53.184,0.86212,0.8623
2013.03.06 00:21:54.224,0.86213,0.8623
2013.03.06 00:21:55.452,0.86213,0.8623
2013.03.06 00:21:59.815,0.86212,0.8623
2013.03.06 00:22:03.043,0.86211,0.86228
2013.03.06 00:22:04.447,0.86209,0.86227
2013.03.06 00:22:04.823,0.86209,0.86226
2013.03.06 00:22:06.765,0.86209,0.86225
2013.03.06 00:22:07.287,0.86208,0.86224
2013.03.06 00:22:07.795,0.86208,0.86226
2013.03.06 00:22:11.347,0.8621,0.86228
2013.03.06 00:22:13.024,0.8621,0.86228
2013.03.06 00:22:18.834,0.86209,0.86227
2013.03.06 00:22:20.387,0.86211,0.86227
2013.03.06 00:22:23.484,0.86211,0.86227
2013.03.06 00:22:27.223,0.86211,0.86227
2013.03.06 00:22:30.634,0.86211,0.86227
2013.03.06 00:22:31.257,0.86211,0.86227
2013.03.06 00:22:31.791,0.86211,0.86228
2013.03.06 00:22:34.623,0.86211,0.86229
2013.03.06 00:22:35.963,0.8621,0.86227
2013.03.06 00:22:41.063,0.8621,0.86227
2013.03.06 00:22:45.087,0.86212,0.86228
2013.03.06 00:22:45.406,0.86215,0.8623
2013.03.06 00:22:45.674,0.86216,0.86232
2013.03.06 00:22:54.444,0.86216,0.86232
2013.03.06 00:23:00.042,0.86217,0.86232
2013.03.06 00:23:05.895,0.86217,0.86232
2013.03.06 00:23:06.478,0.86217,0.86233
2013.03.06 00:23:07.095,0.86217,0.86233
2013.03.06 00:23:07.284,0.86215,0.86231
2013.03.06 00:23:07.404,0.86215,0.8623
2013.03.06 00:23:07.645,0.86214,0.86228
2013.03.06 00:23:07.719,0.86212,0.86228
2013.03.06 00:23:08.235,0.86211,0.86227
2013.03.06 00:23:08.740,0.86211,0.86226
2013.03.06 00:23:10.775,0.86211,0.86226
2013.03.06 00:23:19.215,0.86211,0.86226
2013.03.06 00:23:19.764,0.86211,0.86225
2013.03.06 00:23:40.913,0.86209,0.86225
2013.03.06 00:24:19.235,0.86208,0.86226
2013.03.06 00:24:21.476,0.86208,0.86225
2013.03.06 00:24:34.353,0.86208,0.86224
2013.03.06 00:24:39.413,0.86207,0.86224
2013.03.06 00:24:45.764,0.86207,0.86224
2013.03.06 00:24:55.785,0.86207,0.86223
2013.03.06 00:24:57.213,0.86207,0.86224
2013.03.06 00:24:58.223,0.86207,0.86224
2013.03.06 00:25:01.914,0.86206,0.86224
2013.03.06 00:25:02.492,0.86209,0.86225
2013.03.06 00:25:05.995,0.86206,0.86225
2013.03.06 00:25:09.199,0.86208,0.86226
2013.03.06 00:25:12.153,0.86208,0.86226
2013.03.06 00:25:13.904,0.86208,0.86226
2013.03.06 00:25:14.035,0.86208,0.86224
2013.03.06 00:25:27.273,0.86208,0.86224
2013.03.06 00:25:35.195,0.86207,0.86224
2013.03.06 00:25:42.136,0.8621,0.86224
2013.03.06 00:25:44.643,0.86208,0.86224
2013.03.06 00:26:05.203,0.86207,0.86224
2013.03.06 00:26:12.903,0.86207,0.86224
2013.03.06 00:26:13.412,0.86207,0.86224
2013.03.06 00:26:14.014,0.86207,0.86225
2013.03.06 00:26:14.563,0.86206,0.86225
2013.03.06 00:26:15.122,0.86206,0.86225
2013.03.06 00:26:16.094,0.86206,0.86225
2013.03.06 00:26:16.226,0.86207,0.86225
2013.03.06 00:26:16.877,0.86208,0.86226
2013.03.06 00:26:19.184,0.86209,0.86226
2013.03.06 00:26:19.485,0.86214,0.86228
2013.03.06 00:26:19.613,0.86214,0.86229
2013.03.06 00:26:49.484,0.86214,0.86229
2013.03.06 00:26:49.545,0.86214,0.86229
2013.03.06 00:27:24.194,0.86213,0.86227
2013.03.06 00:27:26.966,0.86214,0.86227
2013.03.06 00:27:27.235,0.86211,0.86227
2013.03.06 00:27:27.376,0.86211,0.86227
2013.03.06 00:27:28.634,0.86209,0.86227
2013.03.06 00:27:30.294,0.86207,0.86225
2013.03.06 00:27:30.425,0.86207,0.86225
2013.03.06 00:27:31.624,0.86207,0.86225
2013.03.06 00:27:32.164,0.86207,0.86223
2013.03.06 00:27:33.804,0.86207,0.86224
2013.03.06 00:27:39.059,0.86207,0.86223
2013.03.06 00:27:44.356,0.86206,0.86223
2013.03.06 00:27:45.926,0.86207,0.86223
2013.03.06 00:27:46.474,0.86208,0.86223
2013.03.06 00:27:47.974,0.86207,0.86224
2013.03.06 00:27:54.224,0.86206,0.86223
2013.03.06 00:27:54.995,0.86207,0.86225
2013.03.06 00:27:55.534,0.86207,0.86226
2013.03.06 00:28:05.263,0.86208,0.86225
2013.03.06 00:28:06.644,0.86207,0.86226
2013.03.06 00:28:07.425,0.86207,0.86225
2013.03.06 00:28:08.764,0.86207,0.86224
2013.03.06 00:28:16.704,0.86208,0.86224
2013.03.06 00:28:17.410,0.86208,0.86224
2013.03.06 00:28:23.163,0.86208,0.86226
2013.03.06 00:28:33.890,0.86207,0.86225
2013.03.06 00:28:57.214,0.86206,0.86224
2013.03.06 00:28:57.453,0.86206,0.86224
2013.03.06 00:28:57.635,0.86206,0.86224
2013.03.06 00:29:03.315,0.86206,0.86223
2013.03.06 00:29:05.845,0.86206,0.86223
2013.03.06 00:29:07.356,0.86206,0.86223
2013.03.06 00:29:09.995,0.86206,0.86223
2013.03.06 00:29:15.493,0.86206,0.86224
2013.03.06 00:29:18.844,0.86205,0.86224
2013.03.06 00:29:19.745,0.86205,0.86223
2013.03.06 00:29:20.294,0.86205,0.86221
2013.03.06 00:29:21.696,0.86205,0.86222
2013.03.06 00:29:21.895,0.86206,0.86223
2013.03.06 00:29:22.424,0.86206,0.86223
2013.03.06 00:29:25.164,0.86206,0.86222
2013.03.06 00:29:28.177,0.86206,0.86222
2013.03.06 00:29:32.114,0.86205,0.86223
2013.03.06 00:29:34.214,0.86205,0.86223
2013.03.06 00:29:34.395,0.86207,0.86224
2013.03.06 00:29:34.755,0.86207,0.86224
2013.03.06 00:29:35.417,0.86207,0.86224
2013.03.06 00:29:35.865,0.86211,0.86226
2013.03.06 00:29:35.935,0.86211,0.86228
2013.03.06 00:29:36.008,0.86211,0.86229
2013.03.06 00:29:36.135,0.86211,0.86229
2013.03.06 00:29:36.205,0.86211,0.86229
2013.03.06 00:29:37.353,0.86211,0.86229
2013.03.06 00:29:39.807,0.86214,0.8623
2013.03.06 00:29:41.205,0.86213,0.86229
2013.03.06 00:29:41.274,0.86212,0.86228
2013.03.06 00:29:41.575,0.86212,0.86228
2013.03.06 00:29:44.983,0.8621,0.86226
2013.03.06 00:29:47.948,0.86211,0.86227
2013.03.06 00:29:49.683,0.86211,0.86227
2013.03.06 00:29:49.805,0.86213,0.86228
2013.03.06 00:29:51.054,0.8621,0.86228
2013.03.06 00:29:51.804,0.8621,0.86228
2013.03.06 00:29:55.595,0.86214,0.86228
2013.03.06 00:30:00.196,0.86213,0.86228
2013.03.06 00:30:04.383,0.86214,0.86228
2013.03.06 00:30:04.454,0.86214,0.86229
2013.03.06 00:30:04.995,0.86214,0.86229
2013.03.06 00:30:05.554,0.86214,0.86229
2013.03.06 00:30:07.015,0.86214,0.86229
2013.03.06 00:30:07.563,0.86214,0.86229
2013.03.06 00:30:08.088,0.86211,0.86229
2013.03.06 00:30:10.095,0.86211,0.86228
2013.03.06 00:30:10.475,0.86211,0.86227
2013.03.06 00:30:10.726,0.86213,0.86228
2013.03.06 00:30:11.105,0.86214,0.86228
2013.03.06 00:30:11.705,0.86217,0.8623
2013.03.06 00:30:12.438,0.86216,0.86228
2013.03.06 00:30:12.506,0.86215,0.86228
2013.03.06 00:30:13.316,0.86214,0.86227
2013.03.06 00:30:13.833,0.86213,0.86227
2013.03.06 00:30:14.325,0.86206,0.86225
2013.03.06 00:30:14.515,0.86205,0.86224
2013.03.06 00:30:14.946,0.86205,0.86223
2013.03.06 00:30:15.494,0.86204,0.86222
2013.03.06 00:30:16.435,0.86204,0.86221
2013.03.06 00:30:17.006,0.86203,0.8622
2013.03.06 00:30:17.195,0.86204,0.86216
2013.03.06 00:30:17.745,0.86204,0.86215
2013.03.06 00:30:18.686,0.86204,0.86221
2013.03.06 00:30:19.186,0.86204,0.86221
2013.03.06 00:30:19.747,0.86204,0.86221
2013.03.06 00:30:20.445,0.86203,0.86221
2013.03.06 00:30:20.994,0.86204,0.86221
2013.03.06 00:30:21.546,0.86204,0.86222
2013.03.06 00:30:23.261,0.86208,0.86225
2013.03.06 00:30:23.456,0.86208,0.86225
2013.03.06 00:30:23.885,0.86208,0.86226
2013.03.06 00:30:24.434,0.86208,0.86226
2013.03.06 00:30:24.975,0.86208,0.86226
2013.03.06 00:30:26.835,0.86209,0.86227
2013.03.06 00:30:27.335,0.86211,0.86229
2013.03.06 00:30:30.875,0.8621,0.86228
2013.03.06 00:30:34.920,0.8621,0.86228
2013.03.06 00:30:50.437,0.8621,0.86227
2013.03.06 00:30:52.564,0.86209,0.86227
2013.03.06 00:30:53.108,0.86211,0.86227
2013.03.06 00:30:53.476,0.86211,0.86227
2013.03.06 00:30:54.081,0.86211,0.86227
2013.03.06 00:30:55.144,0.86211,0.86227
2013.03.06 00:30:58.104,0.86212,0.86228
2013.03.06 00:31:02.175,0.86211,0.86227
2013.03.06 00:31:04.603,0.86211,0.86227
2013.03.06 00:31:33.114,0.8621,0.86226
2013.03.06 00:31:35.567,0.8621,0.86226
2013.03.06 00:31:36.111,0.86211,0.86228
2013.03.06 00:31:36.615,0.86211,0.86227
2013.03.06 00:31:37.134,0.86211,0.86227
2013.03.06 00:31:38.395,0.86211,0.86227
2013.03.06 00:31:38.954,0.86211,0.86227
2013.03.06 00:31:39.986,0.86213,0.86229
2013.03.06 00:31:40.534,0.86214,0.86231
2013.03.06 00:31:41.075,0.86214,0.86231
2013.03.06 00:31:45.017,0.86213,0.86229
2013.03.06 00:31:45.827,0.86214,0.86231
2013.03.06 00:31:46.412,0.86221,0.86233
2013.03.06 00:31:46.548,0.86221,0.86235
2013.03.06 00:31:46.746,0.86218,0.86234
2013.03.06 00:31:46.825,0.86218,0.86233
2013.03.06 00:31:47.377,0.86215,0.86233
2013.03.06 00:31:47.785,0.86215,0.86233
2013.03.06 00:31:48.465,0.86215,0.86233
2013.03.06 00:31:50.336,0.86215,0.86233
2013.03.06 00:31:50.988,0.86215,0.86233
2013.03.06 00:31:53.155,0.86217,0.86234
2013.03.06 00:31:55.889,0.86217,0.86234
2013.03.06 00:32:02.805,0.86218,0.86234
2013.03.06 00:32:03.335,0.86218,0.86234
2013.03.06 00:32:03.405,0.86218,0.86234
2013.03.06 00:32:03.525,0.86218,0.86233
2013.03.06 00:32:17.163,0.86215,0.86233
2013.03.06 00:32:17.585,0.86214,0.86232
2013.03.06 00:32:18.976,0.86214,0.86231
2013.03.06 00:32:19.655,0.86213,0.86231
2013.03.06 00:32:20.205,0.86211,0.86229
2013.03.06 00:32:20.755,0.86211,0.86231
2013.03.06 00:32:22.435,0.86211,0.86231
2013.03.06 00:32:23.914,0.86214,0.86231
2013.03.06 00:32:27.174,0.86214,0.86232
2013.03.06 00:32:36.745,0.86214,0.86232
2013.03.06 00:32:43.046,0.86215,0.86233
2013.03.06 00:32:44.785,0.86215,0.86232
2013.03.06 00:32:51.513,0.86215,0.86233
2013.03.06 00:32:54.205,0.86215,0.86232
2013.03.06 00:32:57.009,0.86215,0.86232
2013.03.06 00:32:57.314,0.86218,0.86234
2013.03.06 00:32:57.436,0.86218,0.86234
2013.03.06 00:32:57.685,0.86218,0.86235
2013.03.06 00:33:03.355,0.86217,0.86235
2013.03.06 00:33:14.084,0.86217,0.86234
2013.03.06 00:33:24.244,0.86217,0.86233
2013.03.06 00:33:29.234,0.86216,0.86234
2013.03.06 00:33:34.198,0.86216,0.86234
2013.03.06 00:33:41.595,0.86216,0.86233
2013.03.06 00:33:41.796,0.86215,0.86231
2013.03.06 00:33:42.135,0.86213,0.86229
2013.03.06 00:33:42.397,0.86213,0.86229
2013.03.06 00:33:46.615,0.86213,0.86229
2013.03.06 00:33:46.854,0.86212,0.86228
2013.03.06 00:33:47.364,0.86211,0.86228
2013.03.06 00:33:49.265,0.86211,0.86228
2013.03.06 00:33:52.925,0.86213,0.86228
2013.03.06 00:33:53.495,0.86214,0.86228
2013.03.06 00:33:58.571,0.86214,0.8623
2013.03.06 00:33:59.667,0.86213,0.8623
2013.03.06 00:34:00.164,0.86211,0.86228
2013.03.06 00:34:00.704,0.8621,0.86227
2013.03.06 00:34:12.994,0.86212,0.86227
2013.03.06 00:34:21.745,0.8621,0.86228
2013.03.06 00:34:27.226,0.8621,0.86226
2013.03.06 00:34:27.786,0.8621,0.86226
2013.03.06 00:34:33.665,0.86211,0.86227
2013.03.06 00:35:11.398,0.86213,0.86228
2013.03.06 00:35:11.466,0.86213,0.8623
2013.03.06 00:35:12.014,0.86213,0.8623
2013.03.06 00:35:16.763,0.86213,0.86231
2013.03.06 00:35:22.597,0.86213,0.8623
2013.03.06 00:35:23.456,0.86214,0.8623
2013.03.06 00:35:23.896,0.86214,0.8623
2013.03.06 00:35:24.284,0.86214,0.86229
2013.03.06 00:35:24.465,0.86212,0.86227
2013.03.06 00:35:24.954,0.86212,0.8623
2013.03.06 00:35:25.145,0.86212,0.8623
2013.03.06 00:35:25.754,0.86212,0.8623
2013.03.06 00:35:25.964,0.86212,0.86227
2013.03.06 00:35:26.526,0.86212,0.86227
2013.03.06 00:35:27.076,0.86211,0.86225
2013.03.06 00:35:27.206,0.86211,0.86227
2013.03.06 00:35:28.945,0.86212,0.86228
2013.03.06 00:35:32.657,0.86212,0.86229
2013.03.06 00:35:40.395,0.86214,0.86229
2013.03.06 00:35:40.634,0.86212,0.86228
2013.03.06 00:35:40.995,0.86212,0.86229
2013.03.06 00:35:41.174,0.86212,0.86229
2013.03.06 00:35:41.474,0.86212,0.86229
2013.03.06 00:35:41.715,0.86212,0.86227
2013.03.06 00:35:42.026,0.86212,0.86229
2013.03.06 00:35:42.787,0.86212,0.86229
2013.03.06 00:35:42.916,0.86212,0.86228
2013.03.06 00:35:43.165,0.86212,0.86229
2013.03.06 00:35:43.357,0.86212,0.86229
2013.03.06 00:35:43.674,0.86212,0.86229
2013.03.06 00:35:43.865,0.86212,0.86229
2013.03.06 00:35:44.216,0.86212,0.86228
2013.03.06 00:35:44.526,0.86211,0.86228
2013.03.06 00:35:44.886,0.86211,0.86228
2013.03.06 00:35:45.255,0.8621,0.86227
2013.03.06 00:35:45.445,0.8621,0.86225
2013.03.06 00:35:45.744,0.8621,0.86227
2013.03.06 00:35:46.254,0.8621,0.86227
2013.03.06 00:35:46.414,0.8621,0.86225
2013.03.06 00:35:46.655,0.8621,0.86226
2013.03.06 00:35:47.196,0.8621,0.86227
2013.03.06 00:35:47.445,0.8621,0.86226
2013.03.06 00:35:47.956,0.8621,0.86226
2013.03.06 00:35:48.126,0.8621,0.86226
2013.03.06 00:35:48.770,0.8621,0.86227
2013.03.06 00:35:48.956,0.8621,0.86225
2013.03.06 00:35:49.755,0.8621,0.86227
2013.03.06 00:35:49.946,0.8621,0.86225
2013.03.06 00:35:50.206,0.8621,0.86227
2013.03.06 00:35:50.456,0.8621,0.86225
2013.03.06 00:35:50.656,0.8621,0.86227
2013.03.06 00:35:50.725,0.8621,0.86228
2013.03.06 00:35:51.025,0.8621,0.86227
2013.03.06 00:35:51.164,0.8621,0.86228
2013.03.06 00:35:51.507,0.8621,0.86227
2013.03.06 00:35:51.695,0.8621,0.86228
2013.03.06 00:35:52.253,0.8621,0.86228
2013.03.06 00:35:52.328,0.8621,0.86228
2013.03.06 00:35:52.395,0.8621,0.86228
2013.03.06 00:35:52.694,0.8621,0.86228
2013.03.06 00:35:52.885,0.8621,0.86228
2013.03.06 00:35:53.225,0.8621,0.86228
2013.03.06 00:35:53.375,0.8621,0.86228
2013.03.06 00:35:53.720,0.8621,0.86228
2013.03.06 00:35:53.877,0.8621,0.86228
2013.03.06 00:35:54.204,0.8621,0.86228
2013.03.06 00:35:54.404,0.8621,0.86228
2013.03.06 00:35:54.705,0.8621,0.86227
2013.03.06 00:35:55.265,0.8621,0.86227
2013.03.06 00:35:55.445,0.8621,0.86225
2013.03.06 00:35:56.184,0.8621,0.86228
2013.03.06 00:35:56.505,0.8621,0.86226
2013.03.06 00:35:56.824,0.8621,0.86228
2013.03.06 00:35:56.965,0.8621,0.86225
2013.03.06 00:35:57.144,0.8621,0.86225
2013.03.06 00:35:58.900,0.86214,0.86226
2013.03.06 00:35:59.235,0.86213,0.86226
2013.03.06 00:35:59.776,0.86214,0.86226
2013.03.06 00:35:59.905,0.86214,0.86226
2013.03.06 00:36:00.265,0.86214,0.86226
2013.03.06 00:36:02.648,0.86214,0.86226
2013.03.06 00:36:02.966,0.86214,0.86226
2013.03.06 00:36:03.515,0.86213,0.86227
2013.03.06 00:36:03.875,0.86214,0.86228
2013.03.06 00:36:04.425,0.86215,0.86228
2013.03.06 00:36:04.965,0.86215,0.86228
2013.03.06 00:36:07.606,0.86215,0.8623
2013.03.06 00:36:12.315,0.86215,0.86231
2013.03.06 00:36:14.608,0.86215,0.8623
2013.03.06 00:36:14.682,0.86215,0.86231
2013.03.06 00:36:16.955,0.86215,0.86231
2013.03.06 00:36:25.545,0.86215,0.86231
2013.03.06 00:36:27.137,0.86215,0.86231
2013.03.06 00:36:27.687,0.86218,0.86234
2013.03.06 00:36:28.176,0.86221,0.86237
2013.03.06 00:36:28.675,0.86224,0.86239
2013.03.06 00:36:29.116,0.86225,0.86239
2013.03.06 00:36:35.979,0.86225,0.86238
2013.03.06 00:36:37.487,0.86225,0.86238
2013.03.06 00:36:38.006,0.86223,0.86236
2013.03.06 00:36:47.487,0.86224,0.86238
2013.03.06 00:36:47.634,0.86224,0.86238
2013.03.06 00:36:48.507,0.86225,0.86238
2013.03.06 00:36:48.575,0.86225,0.86239
2013.03.06 00:36:49.606,0.86223,0.86238
2013.03.06 00:36:52.685,0.86225,0.8624
2013.03.06 00:36:56.816,0.86225,0.86241
2013.03.06 00:36:57.626,0.86225,0.86241
2013.03.06 00:36:57.817,0.86221,0.86237
2013.03.06 00:37:09.257,0.86222,0.86236
2013.03.06 00:37:10.135,0.86221,0.86236
2013.03.06 00:37:10.678,0.86219,0.86236
2013.03.06 00:37:10.935,0.86218,0.86233
2013.03.06 00:37:11.486,0.86219,0.86233
2013.03.06 00:37:11.738,0.86217,0.86233
2013.03.06 00:37:11.927,0.86217,0.86233
2013.03.06 00:37:12.235,0.86216,0.86233
2013.03.06 00:37:12.461,0.86218,0.86233
2013.03.06 00:37:12.704,0.86216,0.86233
2013.03.06 00:37:12.925,0.86218,0.86233
2013.03.06 00:37:13.165,0.86217,0.86233
2013.03.06 00:37:13.707,0.86217,0.86233
2013.03.06 00:37:13.779,0.86217,0.86233
2013.03.06 00:37:14.006,0.86218,0.86234
2013.03.06 00:37:14.326,0.86224,0.86238
2013.03.06 00:37:14.647,0.86224,0.8624
2013.03.06 00:37:14.715,0.86224,0.86241
2013.03.06 00:37:15.147,0.86224,0.86241
2013.03.06 00:37:24.326,0.86226,0.86242
2013.03.06 00:37:24.636,0.86223,0.86239
2013.03.06 00:37:25.105,0.86221,0.86237
2013.03.06 00:37:26.104,0.86221,0.86237
2013.03.06 00:37:29.835,0.86221,0.86238
2013.03.06 00:37:30.399,0.86222,0.86238
2013.03.06 00:37:30.945,0.86221,0.86238
2013.03.06 00:37:32.641,0.86222,0.86238
2013.03.06 00:37:33.444,0.86221,0.86238
2013.03.06 00:37:34.185,0.86222,0.86238
2013.03.06 00:37:35.004,0.8622,0.86238
2013.03.06 00:37:35.514,0.86222,0.86238
2013.03.06 00:37:36.045,0.8622,0.86238
2013.03.06 00:37:36.695,0.86222,0.86238
2013.03.06 00:37:37.256,0.86222,0.86237
2013.03.06 00:37:37.864,0.86221,0.86237
2013.03.06 00:37:39.225,0.86222,0.86237
2013.03.06 00:37:39.924,0.86221,0.86237
2013.03.06 00:37:40.715,0.86222,0.86237
2013.03.06 00:37:41.270,0.86222,0.86237
2013.03.06 00:37:41.824,0.86222,0.86237
2013.03.06 00:37:42.388,0.8622,0.86237
2013.03.06 00:37:42.893,0.86222,0.86237
2013.03.06 00:37:43.446,0.86222,0.86237
2013.03.06 00:37:44.695,0.86222,0.86237
2013.03.06 00:37:45.505,0.8622,0.86237
2013.03.06 00:37:46.194,0.86222,0.86237
2013.03.06 00:37:46.715,0.86222,0.86237
2013.03.06 00:37:47.316,0.86222,0.86237
2013.03.06 00:37:47.925,0.86221,0.86237
2013.03.06 00:37:48.724,0.86222,0.86237
2013.03.06 00:37:49.407,0.86221,0.86237
2013.03.06 00:37:49.945,0.86221,0.86237
2013.03.06 00:37:50.187,0.86223,0.86239
2013.03.06 00:37:50.497,0.86221,0.86238
2013.03.06 00:37:54.914,0.86221,0.86238
2013.03.06 00:37:55.215,0.86222,0.86239
2013.03.06 00:37:58.073,0.86222,0.86239
2013.03.06 00:37:58.794,0.86222,0.86239
2013.03.06 00:37:58.979,0.86222,0.86237
2013.03.06 00:37:59.525,0.86221,0.86237
2013.03.06 00:38:07.074,0.86221,0.86237
2013.03.06 00:38:08.556,0.86221,0.86237
2013.03.06 00:38:17.496,0.86221,0.86237
2013.03.06 00:38:20.166,0.86221,0.86237
2013.03.06 00:38:22.064,0.86221,0.86236
2013.03.06 00:38:30.265,0.86221,0.86236
2013.03.06 00:38:31.587,0.86221,0.86233
2013.03.06 00:38:31.958,0.86217,0.86232
2013.03.06 00:38:32.027,0.86217,0.8623
2013.03.06 00:38:32.366,0.86219,0.8623
2013.03.06 00:38:32.496,0.86217,0.8623
2013.03.06 00:38:39.436,0.86217,0.86232
2013.03.06 00:38:41.825,0.86217,0.86233
2013.03.06 00:38:42.368,0.86219,0.86233
2013.03.06 00:38:42.884,0.86219,0.86233
2013.03.06 00:38:42.945,0.86217,0.86233
2013.03.06 00:38:43.427,0.86221,0.86234
2013.03.06 00:38:43.956,0.86219,0.86235
2013.03.06 00:38:44.150,0.8622,0.86235
2013.03.06 00:38:44.934,0.86222,0.86237
2013.03.06 00:38:45.884,0.86222,0.86237
2013.03.06 00:38:47.985,0.86222,0.86237
2013.03.06 00:38:48.536,0.86224,0.86241
2013.03.06 00:38:49.509,0.86225,0.8624
2013.03.06 00:38:50.866,0.86225,0.8624
2013.03.06 00:38:52.085,0.86225,0.86242
2013.03.06 00:38:52.936,0.86225,0.86242
2013.03.06 00:38:54.456,0.86227,0.86241
2013.03.06 00:38:54.863,0.86234,0.86243
2013.03.06 00:38:55.211,0.86239,0.86254
2013.03.06 00:38:55.517,0.86241,0.86258
2013.03.06 00:38:55.747,0.86243,0.86259
2013.03.06 00:38:55.913,0.86243,0.86259
2013.03.06 00:38:56.407,0.86242,0.86257
2013.03.06 00:38:56.536,0.86242,0.86257
2013.03.06 00:38:58.390,0.86243,0.86258
2013.03.06 00:38:58.935,0.86245,0.86258
2013.03.06 00:39:01.096,0.86244,0.86257
2013.03.06 00:39:01.228,0.86242,0.86257
2013.03.06 00:39:01.787,0.86242,0.86256
2013.03.06 00:39:05.895,0.8624,0.86255
2013.03.06 00:39:06.207,0.8624,0.86252
2013.03.06 00:39:06.695,0.86238,0.86252
2013.03.06 00:39:07.254,0.86238,0.86252
2013.03.06 00:39:07.515,0.86238,0.86251
2013.03.06 00:39:08.176,0.86238,0.86251
2013.03.06 00:39:08.246,0.86234,0.86251
2013.03.06 00:39:08.438,0.86234,0.86251
2013.03.06 00:39:08.746,0.86236,0.86251
2013.03.06 00:39:09.317,0.86238,0.86251
2013.03.06 00:39:11.418,0.86238,0.86253
2013.03.06 00:39:11.548,0.86239,0.86255
2013.03.06 00:39:11.855,0.86239,0.86257
2013.03.06 00:39:12.392,0.86242,0.86257
2013.03.06 00:39:14.915,0.86242,0.86257
2013.03.06 00:39:15.705,0.86241,0.86257
2013.03.06 00:39:17.255,0.86241,0.86256
2013.03.06 00:39:17.679,0.86239,0.86255
2013.03.06 00:39:18.235,0.86239,0.86255
2013.03.06 00:39:18.456,0.86239,0.86255
2013.03.06 00:39:19.395,0.86241,0.86257
2013.03.06 00:39:20.801,0.86242,0.8626
2013.03.06 00:39:21.355,0.86242,0.8626
2013.03.06 00:39:21.476,0.86246,0.86261
2013.03.06 00:39:24.955,0.86245,0.86261
2013.03.06 00:39:25.377,0.86244,0.86258
2013.03.06 00:39:25.625,0.86241,0.86259
2013.03.06 00:39:25.685,0.86242,0.86259
2013.03.06 00:39:25.874,0.86241,0.86259
2013.03.06 00:39:26.234,0.86242,0.86258
2013.03.06 00:39:26.414,0.86241,0.86258
2013.03.06 00:39:27.017,0.86241,0.86258
2013.03.06 00:39:27.478,0.86241,0.86256
2013.03.06 00:39:32.766,0.86239,0.86254
2013.03.06 00:39:33.146,0.86239,0.86253
2013.03.06 00:39:34.915,0.86237,0.86253
2013.03.06 00:39:36.616,0.86238,0.86252
2013.03.06 00:39:36.925,0.86238,0.86251
2013.03.06 00:39:37.464,0.86236,0.86251
2013.03.06 00:39:37.956,0.86236,0.86251
2013.03.06 00:39:38.798,0.86236,0.86251
2013.03.06 00:39:38.865,0.86236,0.86251
2013.03.06 00:39:39.285,0.86238,0.86252
2013.03.06 00:39:39.472,0.86236,0.86252
2013.03.06 00:39:39.654,0.86238,0.86252
2013.03.06 00:39:39.964,0.86236,0.86252
2013.03.06 00:39:40.178,0.86238,0.86252
2013.03.06 00:39:40.565,0.86236,0.86252
2013.03.06 00:39:41.196,0.86238,0.86252
2013.03.06 00:39:41.505,0.86236,0.86252
2013.03.06 00:39:42.185,0.86238,0.86252
2013.03.06 00:39:42.364,0.86236,0.86252
2013.03.06 00:39:42.715,0.86238,0.86252
2013.03.06 00:39:43.047,0.86235,0.86253
2013.03.06 00:39:43.118,0.86235,0.86253
2013.03.06 00:39:43.191,0.86237,0.86253
2013.03.06 00:39:43.258,0.86238,0.86253
2013.03.06 00:39:43.447,0.86235,0.86253
2013.03.06 00:39:43.635,0.86235,0.86253
2013.03.06 00:39:43.995,0.86235,0.86253
2013.03.06 00:39:44.115,0.86235,0.86253
2013.03.06 00:39:44.415,0.86235,0.86253
2013.03.06 00:39:44.654,0.86235,0.86253
2013.03.06 00:39:44.715,0.86238,0.86253
2013.03.06 00:39:44.955,0.86235,0.86253
2013.03.06 00:39:45.075,0.86235,0.86253
2013.03.06 00:39:45.194,0.86235,0.86253
2013.03.06 00:39:45.495,0.86235,0.86252
2013.03.06 00:39:45.735,0.86235,0.86252
2013.03.06 00:39:46.457,0.86235,0.86252
2013.03.06 00:39:46.766,0.86235,0.86253
2013.03.06 00:39:46.825,0.86235,0.86253
2013.03.06 00:39:47.375,0.86235,0.86253
2013.03.06 00:39:47.727,0.86235,0.86253
2013.03.06 00:39:47.916,0.86236,0.86253
2013.03.06 00:39:48.166,0.86236,0.86253
2013.03.06 00:39:48.417,0.86236,0.86253
2013.03.06 00:39:48.794,0.86236,0.86254
2013.03.06 00:39:48.975,0.86236,0.86253
2013.03.06 00:39:49.155,0.86236,0.86254
2013.03.06 00:39:49.695,0.86236,0.86254
2013.03.06 00:39:49.768,0.86236,0.86254
2013.03.06 00:39:49.837,0.8624,0.86256
2013.03.06 00:39:50.088,0.8624,0.86257
2013.03.06 00:39:50.396,0.8624,0.86257
2013.03.06 00:39:50.717,0.8624,0.86257
2013.03.06 00:39:51.615,0.8624,0.86257
2013.03.06 00:39:53.679,0.86237,0.86256
2013.03.06 00:39:54.176,0.86237,0.86255
2013.03.06 00:39:54.736,0.86237,0.86255
2013.03.06 00:39:55.286,0.86237,0.86254
2013.03.06 00:39:55.805,0.86237,0.86255
2013.03.06 00:39:57.158,0.86237,0.86256
2013.03.06 00:39:57.344,0.86238,0.86256
2013.03.06 00:40:00.087,0.86236,0.86253
2013.03.06 00:40:00.159,0.86236,0.86253
2013.03.06 00:40:00.705,0.86235,0.86253
2013.03.06 00:40:01.625,0.86235,0.86254
2013.03.06 00:40:02.175,0.86235,0.86253
2013.03.06 00:40:03.074,0.86236,0.86253
2013.03.06 00:40:03.337,0.86236,0.86254
2013.03.06 00:40:04.079,0.86236,0.86254
2013.03.06 00:40:05.316,0.86236,0.86254
2013.03.06 00:40:09.015,0.86237,0.86255
2013.03.06 00:40:10.887,0.86236,0.86254
2013.03.06 00:40:11.456,0.86236,0.86254
2013.03.06 00:40:14.658,0.86236,0.86252
2013.03.06 00:40:15.206,0.86234,0.86251
2013.03.06 00:40:28.160,0.86235,0.86253
2013.03.06 00:40:28.478,0.86239,0.86255
2013.03.06 00:40:28.906,0.86239,0.86254
2013.03.06 00:40:29.707,0.86239,0.86254
2013.03.06 00:40:29.988,0.86236,0.86252
2013.03.06 00:40:30.178,0.86236,0.86252
2013.03.06 00:40:32.296,0.86234,0.86252
2013.03.06 00:40:33.717,0.86235,0.86252
2013.03.06 00:40:34.069,0.86241,0.86254
2013.03.06 00:40:34.581,0.86241,0.86254
2013.03.06 00:40:35.607,0.86241,0.86254
2013.03.06 00:40:36.149,0.86245,0.86254
2013.03.06 00:40:37.365,0.86244,0.86254
2013.03.06 00:40:38.005,0.86244,0.86254
2013.03.06 00:40:38.985,0.86243,0.86254
2013.03.06 00:40:39.945,0.86242,0.86255
2013.03.06 00:40:40.496,0.86241,0.86255
2013.03.06 00:40:42.365,0.86238,0.86253
2013.03.06 00:40:42.425,0.86238,0.86253
2013.03.06 00:40:42.946,0.86236,0.86253
2013.03.06 00:40:44.426,0.86236,0.86252
2013.03.06 00:40:44.666,0.86234,0.86253
2013.03.06 00:40:45.175,0.86238,0.86253
2013.03.06 00:40:47.967,0.86237,0.86251
2013.03.06 00:40:48.360,0.86234,0.86251
2013.03.06 00:40:48.433,0.86234,0.86252
2013.03.06 00:40:51.757,0.8624,0.86253
2013.03.06 00:40:53.435,0.86239,0.86253
2013.03.06 00:40:58.802,0.86241,0.86252
2013.03.06 00:40:59.926,0.8624,0.86252
2013.03.06 00:41:01.614,0.86238,0.86252
2013.03.06 00:41:06.005,0.86239,0.86252
2013.03.06 00:41:06.316,0.8624,0.86252
2013.03.06 00:41:06.835,0.8624,0.86252
2013.03.06 00:41:12.505,0.86238,0.86252
2013.03.06 00:41:19.129,0.86238,0.86255
2013.03.06 00:41:20.099,0.86232,0.8625
2013.03.06 00:41:20.225,0.86232,0.8625
2013.03.06 00:41:21.018,0.8623,0.8625
2013.03.06 00:41:22.187,0.86233,0.8625
2013.03.06 00:41:22.956,0.86233,0.86249
2013.03.06 00:41:24.957,0.86236,0.86251
2013.03.06 00:41:25.476,0.86234,0.86251
2013.03.06 00:41:29.016,0.86233,0.86251
2013.03.06 00:41:29.828,0.86233,0.86251
2013.03.06 00:41:29.908,0.86231,0.86248
2013.03.06 00:41:30.695,0.86231,0.86248
2013.03.06 00:41:31.987,0.86228,0.86247
2013.03.06 00:41:32.545,0.8623,0.86248
2013.03.06 00:41:35.196,0.86231,0.86249
2013.03.06 00:41:35.386,0.86232,0.86249
2013.03.06 00:41:35.697,0.8624,0.86255
2013.03.06 00:41:36.605,0.86238,0.86255
2013.03.06 00:41:37.205,0.86235,0.86253
2013.03.06 00:41:37.266,0.86235,0.86253
2013.03.06 00:41:37.456,0.86236,0.86253
2013.03.06 00:41:37.765,0.86239,0.86253
2013.03.06 00:41:38.965,0.86236,0.86253
2013.03.06 00:41:40.466,0.86236,0.86253
2013.03.06 00:41:42.899,0.86238,0.86253
2013.03.06 00:41:44.926,0.86239,0.86254
2013.03.06 00:41:45.355,0.86242,0.86255
2013.03.06 00:41:45.909,0.86242,0.86255
2013.03.06 00:41:46.413,0.86245,0.86257
2013.03.06 00:41:46.484,0.86245,0.86257
2013.03.06 00:41:46.617,0.86246,0.86258
2013.03.06 00:41:46.746,0.86246,0.86261
2013.03.06 00:41:47.968,0.86246,0.86262
2013.03.06 00:41:48.216,0.86245,0.86262
2013.03.06 00:41:48.845,0.86246,0.86262
2013.03.06 00:41:49.923,0.86246,0.86263
2013.03.06 00:41:50.213,0.86247,0.86263
2013.03.06 00:41:51.157,0.86248,0.86264
2013.03.06 00:41:51.656,0.86249,0.86265
2013.03.06 00:41:52.340,0.86249,0.86265
2013.03.06 00:41:52.862,0.8625,0.86264
2013.03.06 00:41:58.175,0.86251,0.86264
2013.03.06 00:42:00.695,0.8625,0.86266
2013.03.06 00:42:00.756,0.86251,0.86267
2013.03.06 00:42:01.601,0.86251,0.86267
2013.03.06 00:42:02.256,0.86251,0.86268
2013.03.06 00:42:02.401,0.86253,0.8627
2013.03.06 00:42:03.357,0.86253,0.86269
2013.03.06 00:42:03.926,0.86253,0.86269
2013.03.06 00:42:04.296,0.86254,0.86272
2013.03.06 00:42:05.886,0.86257,0.86272
2013.03.06 00:42:06.517,0.86256,0.86271
2013.03.06 00:42:07.058,0.86256,0.86271
2013.03.06 00:42:07.585,0.86257,0.86272
2013.03.06 00:42:08.436,0.86257,0.86273
2013.03.06 00:42:09.166,0.86256,0.86271
2013.03.06 00:42:09.655,0.86254,0.86271
2013.03.06 00:42:14.436,0.86253,0.86269
2013.03.06 00:42:14.506,0.86252,0.86269
2013.03.06 00:42:15.066,0.86252,0.86269
2013.03.06 00:42:20.385,0.86252,0.8627
2013.03.06 00:42:24.316,0.86252,0.86269
2013.03.06 00:42:24.447,0.86251,0.86269
2013.03.06 00:42:24.966,0.86253,0.86269
2013.03.06 00:42:25.545,0.86251,0.86268
2013.03.06 00:42:27.049,0.8625,0.86268
2013.03.06 00:42:31.417,0.8625,0.86266
2013.03.06 00:42:36.975,0.8625,0.86266
2013.03.06 00:42:37.747,0.8625,0.86267
2013.03.06 00:42:39.971,0.8625,0.86267
2013.03.06 00:42:43.564,0.8625,0.86266
2013.03.06 00:42:44.706,0.86251,0.86267
2013.03.06 00:42:45.026,0.86251,0.86267
2013.03.06 00:42:45.605,0.86254,0.86267
2013.03.06 00:42:46.065,0.86255,0.8627
2013.03.06 00:42:47.033,0.86256,0.8627
2013.03.06 00:42:47.586,0.86255,0.8627
2013.03.06 00:42:48.735,0.86253,0.86269
2013.03.06 00:42:52.138,0.86253,0.86269
2013.03.06 00:42:54.440,0.86253,0.86269
2013.03.06 00:42:54.746,0.86256,0.86271
2013.03.06 00:42:55.780,0.86256,0.86271
2013.03.06 00:42:56.326,0.86254,0.8627
2013.03.06 00:42:57.910,0.86255,0.8627
2013.03.06 00:43:00.769,0.86254,0.8627
2013.03.06 00:43:04.509,0.86253,0.8627
2013.03.06 00:43:05.895,0.86253,0.8627
2013.03.06 00:43:06.446,0.86253,0.86268
2013.03.06 00:43:08.086,0.86254,0.86268
2013.03.06 00:43:08.234,0.86258,0.86274
2013.03.06 00:43:08.627,0.86261,0.86275
2013.03.06 00:43:09.055,0.86262,0.86278
2013.03.06 00:43:11.666,0.86263,0.86279
2013.03.06 00:43:11.726,0.86263,0.86279
2013.03.06 00:43:13.755,0.86263,0.8628
2013.03.06 00:43:14.995,0.86264,0.8628
2013.03.06 00:43:19.328,0.86264,0.8628
2013.03.06 00:43:19.845,0.86264,0.8628
2013.03.06 00:43:20.476,0.86265,0.8628
2013.03.06 00:43:20.925,0.86264,0.8628
2013.03.06 00:43:21.241,0.86265,0.86279
2013.03.06 00:43:23.824,0.86266,0.86279
2013.03.06 00:43:29.430,0.86265,0.8628
2013.03.06 00:43:30.625,0.86264,0.8628
2013.03.06 00:43:31.276,0.86265,0.8628
2013.03.06 00:43:33.346,0.86265,0.8628
2013.03.06 00:43:35.198,0.86265,0.8628
2013.03.06 00:43:39.215,0.86264,0.8628
2013.03.06 00:43:39.775,0.86265,0.86281
2013.03.06 00:43:40.465,0.86264,0.8628
2013.03.06 00:43:44.065,0.86265,0.8628
2013.03.06 00:43:44.585,0.86265,0.8628
2013.03.06 00:43:45.885,0.86265,0.8628
2013.03.06 00:43:46.367,0.8627,0.86282
2013.03.06 00:43:46.868,0.8627,0.86282
2013.03.06 00:43:46.941,0.8627,0.86283
2013.03.06 00:43:47.360,0.86271,0.86285
2013.03.06 00:43:47.778,0.86271,0.86286
2013.03.06 00:43:47.921,0.86271,0.86286
2013.03.06 00:43:48.436,0.86271,0.86286
2013.03.06 00:43:57.746,0.86271,0.86285
2013.03.06 00:43:58.685,0.86271,0.86285
2013.03.06 00:44:03.485,0.86268,0.86284
2013.03.06 00:44:05.168,0.86268,0.86284
2013.03.06 00:44:05.357,0.86268,0.86285
2013.03.06 00:44:05.845,0.8627,0.86286
2013.03.06 00:44:06.404,0.8627,0.86286
2013.03.06 00:44:10.458,0.8627,0.86286
2013.03.06 00:44:11.344,0.86269,0.86286
2013.03.06 00:44:11.669,0.86269,0.86286
2013.03.06 00:44:12.036,0.86269,0.86286
2013.03.06 00:44:12.684,0.86269,0.86286
2013.03.06 00:44:18.602,0.86269,0.86286
2013.03.06 00:44:19.219,0.86269,0.86286
2013.03.06 00:44:19.697,0.86266,0.86284
2013.03.06 00:44:24.535,0.86266,0.86284
2013.03.06 00:44:25.078,0.86268,0.86284
2013.03.06 00:44:25.147,0.86268,0.86284
2013.03.06 00:44:25.536,0.86268,0.86284
2013.03.06 00:44:25.659,0.86265,0.86281
2013.03.06 00:44:28.276,0.86264,0.86281
2013.03.06 00:44:29.908,0.86264,0.86281
2013.03.06 00:44:30.580,0.86264,0.86281
2013.03.06 00:44:31.848,0.86264,0.86281
2013.03.06 00:44:31.917,0.86266,0.86284
2013.03.06 00:44:33.515,0.86266,0.86283
2013.03.06 00:44:34.835,0.86266,0.86283
2013.03.06 00:44:36.198,0.86266,0.86283
2013.03.06 00:44:39.866,0.86265,0.86282
2013.03.06 00:44:41.915,0.86265,0.86282
2013.03.06 00:44:42.465,0.86265,0.86282
2013.03.06 00:44:44.705,0.86265,0.8628
2013.03.06 00:44:44.768,0.86262,0.86279
2013.03.06 00:44:45.217,0.86259,0.86275
2013.03.06 00:44:45.406,0.86259,0.86275
2013.03.06 00:44:48.485,0.86257,0.86275
2013.03.06 00:44:49.025,0.8626,0.86277
2013.03.06 00:44:52.426,0.8626,0.86277
2013.03.06 00:44:54.558,0.8626,0.86276
2013.03.06 00:44:56.065,0.86259,0.86277
2013.03.06 00:44:56.566,0.86259,0.86277
2013.03.06 00:44:57.746,0.86258,0.86276
2013.03.06 00:44:58.495,0.86259,0.86276
2013.03.06 00:45:00.017,0.86258,0.86275
2013.03.06 00:45:02.446,0.86258,0.86276
2013.03.06 00:45:06.986,0.86259,0.86276
2013.03.06 00:45:10.007,0.86259,0.86277
2013.03.06 00:45:11.603,0.86259,0.86277
2013.03.06 00:45:13.587,0.86258,0.86276
2013.03.06 00:45:14.016,0.86258,0.86275
2013.03.06 00:45:16.865,0.86257,0.86275
2013.03.06 00:45:17.394,0.86257,0.86275
2013.03.06 00:45:18.887,0.86257,0.86274
2013.03.06 00:45:20.086,0.86258,0.86274
2013.03.06 00:45:20.336,0.86259,0.86275
2013.03.06 00:45:21.957,0.8626,0.86277
2013.03.06 00:45:29.487,0.86261,0.86279
2013.03.06 00:45:33.185,0.86261,0.86278
2013.03.06 00:45:34.395,0.86263,0.86278
2013.03.06 00:45:34.637,0.86264,0.8628
2013.03.06 00:45:34.705,0.86264,0.8628
2013.03.06 00:45:35.006,0.86264,0.86281
2013.03.06 00:45:36.097,0.86264,0.86282
2013.03.06 00:45:40.105,0.86264,0.86282
2013.03.06 00:45:41.095,0.86264,0.86282
2013.03.06 00:45:42.338,0.86264,0.86283
2013.03.06 00:45:42.898,0.86266,0.86283
2013.03.06 00:45:43.027,0.86265,0.86283
2013.03.06 00:45:43.548,0.86265,0.86282
2013.03.06 00:45:46.696,0.86262,0.8628
2013.03.06 00:45:48.177,0.86262,0.8628
2013.03.06 00:45:50.696,0.86262,0.8628
2013.03.06 00:45:57.696,0.86262,0.8628
2013.03.06 00:45:58.426,0.86263,0.8628
2013.03.06 00:45:58.978,0.86264,0.8628
2013.03.06 00:46:04.726,0.86262,0.8628
2013.03.06 00:46:07.404,0.86262,0.8628
2013.03.06 00:46:08.485,0.86262,0.86279
2013.03.06 00:46:09.727,0.86262,0.86279
2013.03.06 00:46:09.796,0.86261,0.86278
2013.03.06 00:46:10.228,0.86258,0.86276
2013.03.06 00:46:10.297,0.86257,0.86276
2013.03.06 00:46:14.201,0.86258,0.86275
2013.03.06 00:46:17.736,0.86258,0.86274
2013.03.06 00:46:19.585,0.86258,0.86274
2013.03.06 00:46:21.298,0.86256,0.86273
2013.03.06 00:46:21.846,0.86255,0.86273
2013.03.06 00:46:22.036,0.86255,0.86273
2013.03.06 00:46:26.377,0.86257,0.86273
2013.03.06 00:46:26.920,0.86256,0.86274
2013.03.06 00:46:27.465,0.86256,0.86274
2013.03.06 00:46:28.078,0.86256,0.86274
2013.03.06 00:46:31.306,0.86256,0.86273
2013.03.06 00:46:32.151,0.86256,0.86273
2013.03.06 00:46:47.199,0.86255,0.86271
2013.03.06 00:46:48.018,0.86255,0.86271
2013.03.06 00:46:51.476,0.86254,0.86271
2013.03.06 00:47:39.266,0.86256,0.86271
2013.03.06 00:47:52.634,0.86256,0.86271
2013.03.06 00:48:03.586,0.86254,0.86272
2013.03.06 00:48:04.178,0.86255,0.86272
2013.03.06 00:48:06.317,0.86257,0.86273
2013.03.06 00:48:07.986,0.86256,0.86273
2013.03.06 00:48:12.176,0.86256,0.86271
2013.03.06 00:48:12.236,0.86255,0.86271
2013.03.06 00:48:12.789,0.86255,0.8627
2013.03.06 00:48:15.356,0.86255,0.8627
2013.03.06 00:48:15.477,0.86255,0.86272
2013.03.06 00:48:16.788,0.86255,0.86271
2013.03.06 00:48:25.967,0.86255,0.86271
2013.03.06 00:48:26.486,0.86255,0.86271
2013.03.06 00:48:29.582,0.86255,0.86271
2013.03.06 00:48:36.255,0.86253,0.8627
2013.03.06 00:48:36.976,0.86253,0.8627
2013.03.06 00:48:37.236,0.86255,0.86271
2013.03.06 00:48:39.816,0.86254,0.86271
2013.03.06 00:48:51.445,0.86254,0.86271
2013.03.06 00:48:57.368,0.86256,0.86272
2013.03.06 00:49:00.928,0.86256,0.86272
2013.03.06 00:49:01.252,0.86258,0.86273
2013.03.06 00:49:01.589,0.86259,0.86274
2013.03.06 00:49:14.166,0.86259,0.86276
2013.03.06 00:49:14.717,0.86259,0.86276
2013.03.06 00:49:17.450,0.86259,0.86277
2013.03.06 00:49:17.707,0.86258,0.86274
2013.03.06 00:49:18.018,0.86256,0.86271
2013.03.06 00:49:21.325,0.86256,0.86271
2013.03.06 00:49:31.847,0.86254,0.8627
2013.03.06 00:49:37.195,0.86253,0.86269
2013.03.06 00:49:40.642,0.86252,0.8627
2013.03.06 00:49:53.907,0.86253,0.86269
2013.03.06 00:49:54.238,0.86251,0.86266
2013.03.06 00:49:54.308,0.86251,0.86266
2013.03.06 00:49:54.964,0.8625,0.86265
2013.03.06 00:49:56.078,0.8625,0.86266
2013.03.06 00:49:56.663,0.8625,0.86267
2013.03.06 00:49:59.462,0.8625,0.86267
2013.03.06 00:50:00.055,0.8625,0.86267
2013.03.06 00:50:00.477,0.8625,0.86267
2013.03.06 00:50:04.487,0.86251,0.86266
2013.03.06 00:50:05.458,0.86252,0.86267
2013.03.06 00:50:05.897,0.86252,0.86269
2013.03.06 00:50:06.016,0.86252,0.86269
2013.03.06 00:50:06.417,0.86252,0.86269
2013.03.06 00:50:08.830,0.86252,0.86269
2013.03.06 00:50:10.636,0.86252,0.86269
2013.03.06 00:50:11.036,0.86252,0.86269
2013.03.06 00:50:16.136,0.86253,0.86269
2013.03.06 00:50:16.197,0.86255,0.86271
2013.03.06 00:50:16.446,0.86253,0.86269
2013.03.06 00:50:26.417,0.86253,0.86269
2013.03.06 00:50:26.967,0.86253,0.86268
2013.03.06 00:50:38.786,0.86251,0.86267
2013.03.06 00:50:39.348,0.8625,0.86267
2013.03.06 00:50:39.536,0.8625,0.86267
2013.03.06 00:50:44.841,0.8625,0.86264
2013.03.06 00:50:44.909,0.8625,0.86263
2013.03.06 00:50:45.041,0.86246,0.86261
2013.03.06 00:50:45.597,0.86244,0.8626
2013.03.06 00:50:45.742,0.86242,0.86259
2013.03.06 00:50:46.226,0.86242,0.86258
2013.03.06 00:50:47.017,0.86242,0.86259
2013.03.06 00:50:47.588,0.86243,0.8626
2013.03.06 00:50:48.167,0.86243,0.86261
2013.03.06 00:50:48.538,0.86245,0.86263
2013.03.06 00:50:49.098,0.86245,0.86263
2013.03.06 00:50:50.976,0.86245,0.86263
2013.03.06 00:50:53.509,0.86246,0.86263
2013.03.06 00:50:59.508,0.86246,0.86263
2013.03.06 00:51:00.058,0.86248,0.86264
2013.03.06 00:51:02.869,0.86248,0.86264
2013.03.06 00:51:03.718,0.86247,0.86262
2013.03.06 00:51:03.908,0.86247,0.86263
2013.03.06 00:51:06.189,0.86248,0.86265
2013.03.06 00:51:06.618,0.8625,0.86267
2013.03.06 00:51:06.688,0.8625,0.86268
2013.03.06 00:51:07.795,0.86251,0.86268
2013.03.06 00:51:08.316,0.86253,0.8627
2013.03.06 00:51:08.742,0.86255,0.8627
2013.03.06 00:51:09.058,0.86257,0.86272
2013.03.06 00:51:09.340,0.86257,0.86271
2013.03.06 00:51:16.318,0.86253,0.86271
2013.03.06 00:51:17.880,0.86254,0.8627
2013.03.06 00:51:27.568,0.86254,0.86269
2013.03.06 00:51:27.699,0.86255,0.86272
2013.03.06 00:51:28.247,0.86256,0.86273
2013.03.06 00:51:30.238,0.86256,0.86273
2013.03.06 00:51:30.306,0.86255,0.86273
2013.03.06 00:51:30.730,0.86255,0.86272
2013.03.06 00:51:30.986,0.86252,0.86269
2013.03.06 00:51:35.817,0.86252,0.86268
2013.03.06 00:51:40.266,0.8625,0.86267
2013.03.06 00:51:41.956,0.8625,0.86267
2013.03.06 00:51:42.516,0.86251,0.86268
2013.03.06 00:51:46.979,0.86252,0.86268
2013.03.06 00:51:47.572,0.86254,0.8627
2013.03.06 00:51:48.297,0.86254,0.86272
2013.03.06 00:51:49.767,0.86254,0.86271
2013.03.06 00:51:50.317,0.86254,0.86271
2013.03.06 00:51:50.388,0.86252,0.86268
2013.03.06 00:51:50.964,0.86252,0.86268
2013.03.06 00:51:53.591,0.86252,0.86269
2013.03.06 00:51:54.153,0.86252,0.86269
2013.03.06 00:51:54.348,0.86253,0.8627
2013.03.06 00:51:54.598,0.86256,0.86272
2013.03.06 00:51:59.447,0.86257,0.86273
2013.03.06 00:52:01.258,0.86256,0.86273
2013.03.06 00:52:02.909,0.86256,0.86273
2013.03.06 00:52:03.410,0.86258,0.86274
2013.03.06 00:52:07.757,0.86259,0.86275
2013.03.06 00:52:08.075,0.86264,0.86277
2013.03.06 00:52:08.888,0.86264,0.86277
2013.03.06 00:52:08.957,0.86264,0.86279
2013.03.06 00:52:11.018,0.86264,0.86279
2013.03.06 00:52:11.538,0.86263,0.86278
2013.03.06 00:52:12.057,0.86262,0.86278
2013.03.06 00:52:12.608,0.86261,0.86276
2013.03.06 00:52:12.678,0.8626,0.86276
2013.03.06 00:52:13.651,0.86261,0.86276
2013.03.06 00:52:17.656,0.86261,0.86278
2013.03.06 00:52:18.016,0.86262,0.86278
2013.03.06 00:52:19.928,0.86262,0.86277
2013.03.06 00:52:22.338,0.86262,0.86278
2013.03.06 00:52:22.887,0.86262,0.86278
2013.03.06 00:52:32.847,0.86262,0.86278
2013.03.06 00:52:34.516,0.86263,0.86278
2013.03.06 00:52:37.949,0.86263,0.86279
2013.03.06 00:52:44.017,0.86263,0.86278
2013.03.06 00:52:53.992,0.86262,0.86278
2013.03.06 00:52:54.507,0.86262,0.86277
2013.03.06 00:53:06.032,0.86262,0.86277
2013.03.06 00:53:20.017,0.86262,0.86277
2013.03.06 00:53:20.751,0.86263,0.86278
2013.03.06 00:53:37.176,0.86262,0.86277
2013.03.06 00:53:44.580,0.8626,0.86276
2013.03.06 00:53:51.787,0.86261,0.86277
2013.03.06 00:53:54.602,0.86261,0.86277
2013.03.06 00:53:54.936,0.86263,0.86279
2013.03.06 00:53:57.537,0.86263,0.86279
2013.03.06 00:53:59.909,0.86263,0.86279
2013.03.06 00:54:04.688,0.86264,0.8628
2013.03.06 00:54:04.877,0.86264,0.86281
2013.03.06 00:54:13.096,0.86263,0.8628
2013.03.06 00:54:13.425,0.86263,0.86279
2013.03.06 00:54:13.740,0.86263,0.86279
2013.03.06 00:54:14.819,0.86266,0.86282
2013.03.06 00:54:15.324,0.86266,0.86282
2013.03.06 00:54:15.818,0.86266,0.86281
2013.03.06 00:54:16.229,0.86266,0.86279
2013.03.06 00:54:16.776,0.86266,0.86279
2013.03.06 00:54:28.166,0.86261,0.86278
2013.03.06 00:54:28.976,0.86261,0.86276
2013.03.06 00:54:30.507,0.86261,0.86276
2013.03.06 00:54:51.806,0.8626,0.86277
2013.03.06 00:54:51.868,0.8626,0.86277
2013.03.06 00:54:52.569,0.86265,0.86281
2013.03.06 00:54:52.637,0.86264,0.86282
2013.03.06 00:54:52.707,0.86264,0.86281
2013.03.06 00:54:53.017,0.86262,0.86277
2013.03.06 00:54:53.328,0.86265,0.86279
2013.03.06 00:54:53.458,0.86262,0.86279
2013.03.06 00:54:56.586,0.86261,0.86277
2013.03.06 00:54:57.397,0.86261,0.86277
2013.03.06 00:54:57.577,0.86266,0.8628
2013.03.06 00:54:57.758,0.86264,0.8628
2013.03.06 00:54:58.377,0.86264,0.8628
2013.03.06 00:54:58.926,0.86264,0.8628
2013.03.06 00:54:59.710,0.86264,0.86281
2013.03.06 00:55:00.099,0.86268,0.86281
2013.03.06 00:55:00.938,0.86268,0.86281
2013.03.06 00:55:02.488,0.86269,0.86285
2013.03.06 00:55:04.427,0.86266,0.86283
2013.03.06 00:55:04.608,0.86266,0.86282
2013.03.06 00:55:05.183,0.86257,0.86274
2013.03.06 00:55:05.319,0.86256,0.86272
2013.03.06 00:55:05.387,0.86258,0.86272
2013.03.06 00:55:10.506,0.86258,0.86273
2013.03.06 00:55:11.017,0.86258,0.86274
2013.03.06 00:55:11.836,0.86258,0.86274
2013.03.06 00:55:12.527,0.86258,0.86274
2013.03.06 00:55:13.087,0.86258,0.86274
2013.03.06 00:55:13.409,0.86257,0.86273
2013.03.06 00:55:13.599,0.86257,0.86274
2013.03.06 00:55:20.528,0.86257,0.86274
2013.03.06 00:55:22.706,0.86256,0.86273
2013.03.06 00:55:23.256,0.86255,0.86271
2013.03.06 00:55:24.126,0.86254,0.8627
2013.03.06 00:55:25.156,0.86254,0.8627
2013.03.06 00:55:25.728,0.86255,0.8627
2013.03.06 00:55:27.697,0.86256,0.86271
2013.03.06 00:55:29.657,0.86255,0.86267
2013.03.06 00:55:29.728,0.86252,0.86264
2013.03.06 00:55:29.859,0.8625,0.86264
2013.03.06 00:55:29.997,0.8625,0.86265
2013.03.06 00:55:30.536,0.8625,0.86266
2013.03.06 00:55:35.620,0.8625,0.86266
2013.03.06 00:55:36.142,0.86252,0.86267
2013.03.06 00:55:37.446,0.86252,0.86266
2013.03.06 00:55:37.710,0.86249,0.86265
2013.03.06 00:55:38.273,0.86248,0.86264
2013.03.06 00:55:40.076,0.86248,0.86264
2013.03.06 00:55:43.957,0.86249,0.86264
2013.03.06 00:55:45.077,0.86249,0.86265
2013.03.06 00:55:48.277,0.86249,0.86264
2013.03.06 00:55:51.238,0.86249,0.86265
2013.03.06 00:55:52.004,0.86249,0.86265
2013.03.06 00:55:56.828,0.8625,0.86265
2013.03.06 00:56:02.887,0.86253,0.86267
2013.03.06 00:56:03.938,0.86254,0.86268
2013.03.06 00:56:04.367,0.86255,0.86269
2013.03.06 00:56:05.818,0.86255,0.8627
2013.03.06 00:56:08.785,0.86255,0.86271
2013.03.06 00:56:11.566,0.86254,0.86271
2013.03.06 00:56:12.126,0.86253,0.86269
2013.03.06 00:56:20.850,0.86255,0.86269
2013.03.06 00:56:22.696,0.86255,0.86271
2013.03.06 00:56:23.627,0.86254,0.86271
2013.03.06 00:56:24.459,0.8626,0.86272
2013.03.06 00:56:24.527,0.8626,0.86274
2013.03.06 00:56:24.836,0.86262,0.86274
2013.03.06 00:56:24.897,0.86262,0.86276
2013.03.06 00:56:25.039,0.86262,0.86277
2013.03.06 00:56:25.227,0.86262,0.86277
2013.03.06 00:56:25.736,0.86265,0.86278
2013.03.06 00:56:26.382,0.86265,0.8628
2013.03.06 00:56:26.937,0.86264,0.8628
2013.03.06 00:56:27.486,0.86262,0.86278
2013.03.06 00:56:27.987,0.86262,0.86278
2013.03.06 00:56:28.107,0.86264,0.8628
2013.03.06 00:56:46.548,0.86263,0.8628
2013.03.06 00:56:47.987,0.86264,0.8628
2013.03.06 00:56:48.496,0.86264,0.8628
2013.03.06 00:56:51.777,0.86263,0.8628
2013.03.06 00:56:54.107,0.86263,0.8628
2013.03.06 00:57:03.389,0.86264,0.86281
2013.03.06 00:57:07.737,0.86264,0.8628
2013.03.06 00:57:09.706,0.86263,0.8628
2013.03.06 00:57:12.648,0.86264,0.8628
2013.03.06 00:57:14.337,0.86264,0.8628
2013.03.06 00:57:15.007,0.86264,0.8628
2013.03.06 00:57:17.977,0.86264,0.8628
2013.03.06 00:57:20.577,0.86264,0.8628
2013.03.06 00:57:23.846,0.86262,0.86278
2013.03.06 00:57:44.589,0.86263,0.86278
2013.03.06 00:57:44.896,0.86265,0.86278
2013.03.06 00:57:47.642,0.86266,0.8628
2013.03.06 00:57:49.478,0.86266,0.8628
2013.03.06 00:57:49.727,0.86264,0.8628
2013.03.06 00:57:51.017,0.86263,0.86278
2013.03.06 00:57:54.617,0.86264,0.86278
2013.03.06 00:57:55.142,0.86264,0.86278
2013.03.06 00:57:55.279,0.86262,0.86277
2013.03.06 00:57:57.981,0.86261,0.86276
2013.03.06 00:57:58.482,0.86261,0.86275
2013.03.06 00:57:59.757,0.8626,0.86275
2013.03.06 00:58:01.487,0.8626,0.86277
2013.03.06 00:58:01.561,0.86261,0.86277
2013.03.06 00:58:02.118,0.86261,0.86276
2013.03.06 00:58:02.463,0.86261,0.86274
2013.03.06 00:58:06.248,0.8626,0.86274
2013.03.06 00:58:06.756,0.8626,0.86274
2013.03.06 00:58:07.268,0.86258,0.86274
2013.03.06 00:58:07.847,0.86257,0.86271
2013.03.06 00:58:08.217,0.86255,0.86271
2013.03.06 00:58:08.967,0.86255,0.86271
2013.03.06 00:58:11.565,0.86255,0.86271
2013.03.06 00:58:13.316,0.86256,0.86272
2013.03.06 00:58:14.916,0.86255,0.86272
2013.03.06 00:58:15.947,0.86255,0.86272
2013.03.06 00:58:16.488,0.86257,0.86272
2013.03.06 00:58:17.821,0.86257,0.86273
2013.03.06 00:58:20.098,0.86257,0.86274
2013.03.06 00:58:20.288,0.86263,0.86276
2013.03.06 00:58:20.799,0.86264,0.86279
2013.03.06 00:58:21.107,0.86262,0.86277
2013.03.06 00:58:21.673,0.86262,0.86276
2013.03.06 00:58:21.743,0.86259,0.86276
2013.03.06 00:58:21.999,0.86259,0.86274
2013.03.06 00:58:22.948,0.86257,0.86274
2013.03.06 00:58:24.457,0.86257,0.86275
2013.03.06 00:58:26.747,0.8626,0.86275
2013.03.06 00:58:26.808,0.8626,0.86275
2013.03.06 00:58:27.357,0.86261,0.86276
2013.03.06 00:58:27.678,0.86262,0.86277
2013.03.06 00:58:27.821,0.86262,0.86278
2013.03.06 00:58:29.419,0.86262,0.86278
2013.03.06 00:58:29.488,0.86262,0.86277
2013.03.06 00:58:29.978,0.86264,0.86277
2013.03.06 00:58:30.477,0.86265,0.86282
2013.03.06 00:58:32.479,0.86263,0.86279
2013.03.06 00:58:32.547,0.86263,0.86279
2013.03.06 00:58:33.098,0.86262,0.86277
2013.03.06 00:58:33.557,0.86262,0.86277
2013.03.06 00:58:35.302,0.86262,0.86277
2013.03.06 00:58:35.738,0.8626,0.86277
2013.03.06 00:58:37.128,0.86258,0.86275
2013.03.06 00:58:39.167,0.86259,0.86275
2013.03.06 00:58:39.286,0.86261,0.86275
2013.03.06 00:58:40.209,0.86261,0.86276
2013.03.06 00:58:40.459,0.86264,0.86276
2013.03.06 00:58:40.592,0.86264,0.86279
2013.03.06 00:58:40.908,0.86263,0.86279
2013.03.06 00:58:41.038,0.86263,0.86278
2013.03.06 00:58:43.123,0.86261,0.86277
2013.03.06 00:58:55.059,0.86261,0.86277
2013.03.06 00:58:56.537,0.86261,0.86277
2013.03.06 00:58:59.310,0.86261,0.86277
2013.03.06 00:59:01.311,0.86261,0.86277
2013.03.06 00:59:04.747,0.86261,0.86276
2013.03.06 00:59:05.057,0.86258,0.86274
2013.03.06 00:59:05.365,0.86258,0.86273
2013.03.06 00:59:05.559,0.86255,0.86272
2013.03.06 00:59:08.204,0.86261,0.86273
2013.03.06 00:59:08.271,0.86261,0.86276
2013.03.06 00:59:08.337,0.86261,0.86277
2013.03.06 00:59:08.897,0.86261,0.86277
2013.03.06 00:59:09.357,0.86261,0.86277
2013.03.06 00:59:28.588,0.86262,0.86278
2013.03.06 00:59:29.090,0.86262,0.86276
2013.03.06 00:59:29.707,0.8626,0.86277
2013.03.06 00:59:38.647,0.8626,0.86276
2013.03.06 00:59:38.949,0.86259,0.86273
2013.03.06 00:59:39.525,0.86255,0.86271
2013.03.06 00:59:44.473,0.86255,0.86271
2013.03.06 00:59:46.443,0.8626,0.86273
2013.03.06 00:59:46.580,0.8626,0.86274
2013.03.06 00:59:47.438,0.8626,0.86274
2013.03.06 00:59:48.227,0.8626,0.86274
2013.03.06 00:59:49.028,0.8626,0.86275
2013.03.06 00:59:49.268,0.86261,0.86276
2013.03.06 00:59:49.410,0.86261,0.86276
2013.03.06 00:59:49.957,0.86261,0.86277
2013.03.06 00:59:50.918,0.86261,0.86275
2013.03.06 00:59:52.718,0.86258,0.8627
2013.03.06 00:59:52.909,0.86258,0.86273
2013.03.06 00:59:53.466,0.86258,0.86274
2013.03.06 00:59:55.248,0.8626,0.86276
2013.03.06 00:59:59.696,0.86261,0.86276
2013.03.06 01:00:00.046,0.8626,0.86276
2013.03.06 01:00:11.987,0.8626,0.86277
2013.03.06 01:00:12.228,0.8626,0.86277
2013.03.06 01:00:12.838,0.8626,0.86277
2013.03.06 01:00:13.249,0.86261,0.86277
2013.03.06 01:00:13.939,0.86261,0.86277
2013.03.06 01:00:15.130,0.86266,0.86277
2013.03.06 01:00:15.519,0.86267,0.86277
2013.03.06 01:00:16.061,0.86264,0.86278
2013.03.06 01:00:16.186,0.86264,0.86278
2013.03.06 01:00:18.049,0.86267,0.86278
2013.03.06 01:00:18.825,0.86267,0.8628
2013.03.06 01:00:19.007,0.86267,0.8628
2013.03.06 01:00:19.127,0.86267,0.8628
2013.03.06 01:00:19.366,0.86267,0.8628
2013.03.06 01:00:19.762,0.86267,0.8628
2013.03.06 01:00:20.347,0.8627,0.8628
2013.03.06 01:00:20.887,0.8627,0.8628
2013.03.06 01:00:21.666,0.86269,0.8628
2013.03.06 01:00:23.320,0.86271,0.86281
2013.03.06 01:00:24.616,0.86271,0.8628
2013.03.06 01:00:25.179,0.86272,0.8628
2013.03.06 01:00:29.293,0.86274,0.86281
2013.03.06 01:00:30.495,0.86275,0.86286
2013.03.06 01:00:32.747,0.86276,0.86286
2013.03.06 01:00:33.488,0.86276,0.86289
2013.03.06 01:00:39.399,0.86273,0.86289
2013.03.06 01:00:42.717,0.86272,0.86289
2013.03.06 01:00:43.031,0.86272,0.86289
2013.03.06 01:00:43.276,0.86273,0.86289
2013.03.06 01:00:44.767,0.86271,0.86286
2013.03.06 01:00:45.457,0.86271,0.86287
2013.03.06 01:01:02.866,0.86271,0.86286
2013.03.06 01:01:03.536,0.86269,0.86286
2013.03.06 01:01:04.501,0.86267,0.86277
2013.03.06 01:01:04.567,0.86268,0.86277
2013.03.06 01:01:05.087,0.86267,0.86277
2013.03.06 01:01:07.846,0.86267,0.86278
2013.03.06 01:01:09.396,0.86266,0.86278
2013.03.06 01:01:10.677,0.86266,0.86277
2013.03.06 01:01:20.927,0.86266,0.86275
2013.03.06 01:01:24.066,0.86266,0.86276
2013.03.06 01:01:26.324,0.86263,0.86276
2013.03.06 01:01:34.507,0.86264,0.86275
2013.03.06 01:01:44.406,0.86264,0.86276
2013.03.06 01:01:45.286,0.86263,0.86272
2013.03.06 01:01:47.025,0.86253,0.86271
2013.03.06 01:01:47.565,0.86253,0.8627
2013.03.06 01:01:49.088,0.86255,0.86271
2013.03.06 01:01:49.155,0.86254,0.8627
2013.03.06 01:01:50.136,0.86254,0.86271
2013.03.06 01:01:50.477,0.86254,0.86271
2013.03.06 01:01:53.087,0.86253,0.86271
2013.03.06 01:02:04.856,0.86254,0.86272
2013.03.06 01:02:05.366,0.86257,0.86272
2013.03.06 01:02:07.936,0.86257,0.86275
2013.03.06 01:02:22.505,0.86257,0.86274
2013.03.06 01:02:23.376,0.86255,0.86273
2013.03.06 01:02:27.376,0.86254,0.86272
2013.03.06 01:02:31.396,0.86253,0.86271
2013.03.06 01:02:35.326,0.86253,0.86272
2013.03.06 01:02:39.221,0.86254,0.86272
2013.03.06 01:02:39.648,0.86254,0.86272
2013.03.06 01:02:40.197,0.86254,0.86272
2013.03.06 01:02:42.277,0.86254,0.8627
2013.03.06 01:02:43.487,0.86254,0.86272
2013.03.06 01:02:45.877,0.86253,0.8627
2013.03.06 01:02:46.416,0.86254,0.86272
2013.03.06 01:02:48.527,0.86257,0.86273
2013.03.06 01:02:49.186,0.86255,0.86273
2013.03.06 01:02:51.405,0.86255,0.86273
2013.03.06 01:02:54.441,0.86255,0.86274
2013.03.06 01:02:54.968,0.86257,0.86275
2013.03.06 01:02:57.927,0.86256,0.86273
2013.03.06 01:02:58.466,0.86255,0.86273
2013.03.06 01:02:58.526,0.86255,0.86273
2013.03.06 01:02:59.091,0.86255,0.86274
2013.03.06 01:03:03.177,0.86257,0.86274
2013.03.06 01:03:06.716,0.86255,0.86272
2013.03.06 01:03:06.964,0.86254,0.86272
2013.03.06 01:03:07.876,0.86254,0.8627
2013.03.06 01:03:08.189,0.86251,0.86269
2013.03.06 01:03:10.846,0.86252,0.8627
2013.03.06 01:03:11.397,0.86254,0.8627
2013.03.06 01:03:11.517,0.86255,0.86272
2013.03.06 01:03:12.726,0.86255,0.86273
2013.03.06 01:03:14.548,0.86255,0.86273
2013.03.06 01:03:15.146,0.86255,0.86272
2013.03.06 01:03:25.556,0.86256,0.86274
2013.03.06 01:03:25.930,0.86258,0.86276
2013.03.06 01:03:26.116,0.86259,0.86278
2013.03.06 01:03:26.657,0.86258,0.86278
2013.03.06 01:03:27.017,0.8626,0.86277
2013.03.06 01:03:27.196,0.8626,0.86278
2013.03.06 01:03:32.667,0.86261,0.86274
2013.03.06 01:03:37.216,0.86261,0.86274
2013.03.06 01:03:37.697,0.86261,0.8627
2013.03.06 01:03:37.936,0.8626,0.86274
2013.03.06 01:03:38.236,0.86261,0.86274
2013.03.06 01:03:38.784,0.86264,0.86274
2013.03.06 01:03:39.446,0.86261,0.86274
2013.03.06 01:03:53.246,0.86261,0.86274
2013.03.06 01:03:54.406,0.8626,0.86274
2013.03.06 01:03:54.896,0.8626,0.86274
2013.03.06 01:03:56.626,0.86261,0.86274
2013.03.06 01:03:57.127,0.86263,0.86276
2013.03.06 01:03:57.736,0.86263,0.86276
2013.03.06 01:03:58.296,0.86264,0.86276
2013.03.06 01:04:04.542,0.86263,0.86276
2013.03.06 01:04:05.427,0.86262,0.86276
2013.03.06 01:04:07.916,0.86262,0.86274
2013.03.06 01:04:07.976,0.86259,0.86274
2013.03.06 01:04:08.157,0.86257,0.8627
2013.03.06 01:04:08.580,0.86257,0.86268
2013.03.06 01:04:08.648,0.86251,0.86268
2013.03.06 01:04:08.956,0.8625,0.86267
2013.03.06 01:04:09.497,0.8625,0.86265
2013.03.06 01:04:10.037,0.86248,0.86264
2013.03.06 01:04:10.636,0.86246,0.86263
2013.03.06 01:04:10.696,0.86246,0.8626
2013.03.06 01:04:11.058,0.86242,0.86257
2013.03.06 01:04:11.367,0.86237,0.86257
2013.03.06 01:04:11.428,0.86237,0.86251
2013.03.06 01:04:11.821,0.86237,0.86254
2013.03.06 01:04:11.887,0.86237,0.86254
2013.03.06 01:04:12.678,0.86235,0.86248
2013.03.06 01:04:13.036,0.86238,0.8625
2013.03.06 01:04:13.577,0.86238,0.8625
2013.03.06 01:04:14.677,0.86236,0.86248
2013.03.06 01:04:14.736,0.86234,0.86248
2013.03.06 01:04:15.276,0.86235,0.8625
2013.03.06 01:04:19.996,0.86234,0.86249
2013.03.06 01:04:20.596,0.86237,0.86249
2013.03.06 01:04:20.656,0.86239,0.86253
2013.03.06 01:04:20.716,0.86239,0.86254
2013.03.06 01:04:23.079,0.86239,0.86254
2013.03.06 01:04:23.207,0.86238,0.86253
2013.03.06 01:04:24.167,0.86238,0.86253
2013.03.06 01:04:24.228,0.86239,0.86254
2013.03.06 01:04:25.126,0.86239,0.86254
2013.03.06 01:04:25.187,0.86238,0.86253
2013.03.06 01:04:25.367,0.86238,0.86253
2013.03.06 01:04:25.487,0.86234,0.86249
2013.03.06 01:04:25.606,0.86234,0.86249
2013.03.06 01:04:26.156,0.86235,0.86251
2013.03.06 01:04:26.396,0.86235,0.86253
2013.03.06 01:04:26.516,0.86235,0.86253
2013.03.06 01:04:27.617,0.86235,0.86253
2013.03.06 01:04:27.676,0.86234,0.86253
2013.03.06 01:04:27.797,0.86233,0.86253
2013.03.06 01:04:27.919,0.86234,0.86249
2013.03.06 01:04:28.477,0.86236,0.86252
2013.03.06 01:04:31.606,0.86235,0.86252
2013.03.06 01:04:33.975,0.86234,0.86249
2013.03.06 01:04:37.656,0.86234,0.86247
2013.03.06 01:04:38.199,0.86233,0.86246
2013.03.06 01:04:44.876,0.86232,0.86246
2013.03.06 01:04:48.646,0.86234,0.86246
2013.03.06 01:04:50.195,0.86232,0.86246
2013.03.06 01:04:50.706,0.86231,0.86246
2013.03.06 01:04:51.109,0.86234,0.86246
2013.03.06 01:04:52.526,0.86231,0.86245
2013.03.06 01:04:52.646,0.86231,0.86244
2013.03.06 01:04:52.827,0.86228,0.86244
2013.03.06 01:04:52.887,0.8623,0.86244
2013.03.06 01:04:54.590,0.86227,0.86244
2013.03.06 01:04:54.896,0.86227,0.86241
2013.03.06 01:04:55.383,0.86227,0.8624
2013.03.06 01:04:56.876,0.86227,0.8624
2013.03.06 01:04:57.896,0.86228,0.8624
2013.03.06 01:04:57.956,0.86228,0.8624
2013.03.06 01:04:58.317,0.86228,0.86245
2013.03.06 01:04:59.007,0.86231,0.86245
2013.03.06 01:04:59.187,0.86228,0.86244
2013.03.06 01:04:59.487,0.86229,0.86245
2013.03.06 01:05:00.426,0.86229,0.86242
2013.03.06 01:05:00.906,0.86229,0.86242
2013.03.06 01:05:01.607,0.86229,0.86242
2013.03.06 01:05:03.366,0.86229,0.86242
2013.03.06 01:05:04.319,0.86229,0.86242
2013.03.06 01:05:04.866,0.8623,0.86242
2013.03.06 01:05:05.367,0.8623,0.86243
2013.03.06 01:05:05.917,0.8623,0.86245
2013.03.06 01:05:06.436,0.86229,0.86243
2013.03.06 01:05:08.220,0.86229,0.86243
2013.03.06 01:05:08.346,0.8623,0.86244
2013.03.06 01:05:09.266,0.86231,0.86244
2013.03.06 01:05:09.909,0.86231,0.86244
2013.03.06 01:05:10.036,0.86231,0.86244
2013.03.06 01:05:10.837,0.86231,0.86244
2013.03.06 01:05:12.396,0.86229,0.86243
2013.03.06 01:05:12.937,0.86229,0.86243
2013.03.06 01:05:13.176,0.86229,0.86244
2013.03.06 01:05:16.716,0.86228,0.86243
2013.03.06 01:05:18.128,0.86227,0.86243
2013.03.06 01:05:20.101,0.86225,0.86241
2013.03.06 01:05:20.170,0.86225,0.86239
2013.03.06 01:05:22.967,0.86225,0.86239
2013.03.06 01:05:24.096,0.86226,0.86239
2013.03.06 01:05:25.037,0.86226,0.86239
2013.03.06 01:05:25.877,0.86224,0.86239
2013.03.06 01:05:26.427,0.86223,0.86239
2013.03.06 01:05:27.057,0.86224,0.86239
2013.03.06 01:05:27.177,0.86223,0.86239
2013.03.06 01:05:27.418,0.86224,0.86239
2013.03.06 01:05:27.658,0.86227,0.86241
2013.03.06 01:05:28.818,0.86226,0.86242
2013.03.06 01:05:30.187,0.86226,0.8624
2013.03.06 01:05:30.803,0.86225,0.8624
2013.03.06 01:05:41.257,0.86224,0.86239
2013.03.06 01:05:49.458,0.86225,0.86239
2013.03.06 01:05:50.008,0.86224,0.86239
2013.03.06 01:05:52.689,0.86222,0.86239
2013.03.06 01:05:54.219,0.86222,0.86238
2013.03.06 01:05:54.592,0.86225,0.86238
2013.03.06 01:05:55.391,0.8622,0.86237
2013.03.06 01:05:55.458,0.8622,0.86237
2013.03.06 01:05:55.845,0.8622,0.86235
2013.03.06 01:05:55.923,0.86218,0.86234
2013.03.06 01:05:56.057,0.86218,0.86234
2013.03.06 01:05:57.479,0.86218,0.86234
2013.03.06 01:05:59.994,0.86217,0.86234
2013.03.06 01:06:02.657,0.86217,0.86234
2013.03.06 01:06:12.426,0.86217,0.86233
2013.03.06 01:06:15.168,0.86217,0.86233
2013.03.06 01:06:16.096,0.86217,0.86233
2013.03.06 01:06:17.258,0.86218,0.86234
2013.03.06 01:06:17.737,0.86218,0.86234
2013.03.06 01:06:23.127,0.8622,0.86234
2013.03.06 01:06:23.737,0.8622,0.86234
2013.03.06 01:06:23.797,0.8622,0.86234
2013.03.06 01:06:24.336,0.8622,0.86234
2013.03.06 01:06:25.530,0.8622,0.86234
2013.03.06 01:06:36.149,0.86219,0.86235
2013.03.06 01:06:36.278,0.86219,0.86236
2013.03.06 01:06:38.272,0.86219,0.86236
2013.03.06 01:06:39.007,0.86221,0.86237
2013.03.06 01:06:42.206,0.86221,0.86238
2013.03.06 01:06:42.968,0.86222,0.86237
2013.03.06 01:06:43.478,0.86224,0.86238
2013.03.06 01:06:44.091,0.86224,0.86239
2013.03.06 01:06:44.768,0.86224,0.86238
2013.03.06 01:06:45.138,0.86223,0.86237
2013.03.06 01:06:45.780,0.86223,0.86237
2013.03.06 01:06:46.327,0.86223,0.86238
2013.03.06 01:06:46.951,0.86223,0.86238
2013.03.06 01:06:48.667,0.86223,0.86238
2013.03.06 01:06:49.378,0.86223,0.86238
2013.03.06 01:06:49.981,0.86223,0.86238
2013.03.06 01:06:50.107,0.86223,0.86238
2013.03.06 01:06:50.690,0.86223,0.86238
2013.03.06 01:06:51.648,0.86223,0.86238
2013.03.06 01:07:00.367,0.86224,0.86239
2013.03.06 01:07:00.907,0.86224,0.86239
2013.03.06 01:07:01.608,0.86225,0.86239
2013.03.06 01:07:03.102,0.86225,0.86239
2013.03.06 01:07:03.907,0.86226,0.86239
2013.03.06 01:07:05.018,0.86226,0.86239
2013.03.06 01:07:06.178,0.86226,0.86241
2013.03.06 01:07:06.767,0.86225,0.86242
2013.03.06 01:07:07.743,0.86225,0.86242
2013.03.06 01:07:09.017,0.86226,0.86242
2013.03.06 01:07:10.147,0.86225,0.86242
2013.03.06 01:07:10.648,0.86226,0.86242
2013.03.06 01:07:11.168,0.86225,0.86241
2013.03.06 01:07:11.890,0.86225,0.8624
2013.03.06 01:07:23.206,0.86225,0.8624
2013.03.06 01:07:24.187,0.86226,0.8624
2013.03.06 01:07:25.347,0.86226,0.8624
2013.03.06 01:07:26.397,0.86226,0.8624
2013.03.06 01:07:27.096,0.86226,0.8624
2013.03.06 01:07:27.878,0.86226,0.8624
2013.03.06 01:07:28.399,0.86226,0.8624
2013.03.06 01:07:29.173,0.86226,0.8624
2013.03.06 01:07:29.727,0.86227,0.86241
2013.03.06 01:07:30.088,0.86225,0.86241
2013.03.06 01:07:30.648,0.86224,0.86241
2013.03.06 01:07:32.357,0.86223,0.8624
2013.03.06 01:07:34.527,0.86223,0.86239
2013.03.06 01:07:41.928,0.86222,0.86239
2013.03.06 01:07:41.997,0.8622,0.86237
2013.03.06 01:07:42.118,0.86221,0.86238
2013.03.06 01:07:42.477,0.8622,0.86237
2013.03.06 01:07:42.657,0.86221,0.86237
2013.03.06 01:07:43.219,0.86222,0.86238
2013.03.06 01:07:44.712,0.86221,0.86237
2013.03.06 01:07:45.384,0.86222,0.86237
2013.03.06 01:07:46.741,0.86222,0.86237
2013.03.06 01:07:47.518,0.86222,0.86237
2013.03.06 01:07:50.063,0.86222,0.86238
2013.03.06 01:07:56.561,0.86219,0.86237
2013.03.06 01:07:57.087,0.86219,0.86237
2013.03.06 01:08:02.938,0.86219,0.86235
2013.03.06 01:08:05.355,0.86219,0.86235
2013.03.06 01:08:07.928,0.86219,0.86235
2013.03.06 01:08:08.459,0.86219,0.86235
2013.03.06 01:08:13.987,0.86219,0.86235
2013.03.06 01:08:16.708,0.86219,0.86235
2013.03.06 01:08:17.248,0.86217,0.86233
2013.03.06 01:08:17.688,0.86217,0.86233
2013.03.06 01:08:18.608,0.86217,0.86233
2013.03.06 01:08:18.910,0.86218,0.86234
2013.03.06 01:08:19.769,0.86217,0.86232
2013.03.06 01:08:20.321,0.86215,0.86232
2013.03.06 01:08:24.183,0.86215,0.86228
2013.03.06 01:08:24.766,0.86213,0.86228
2013.03.06 01:08:25.178,0.86213,0.86228
2013.03.06 01:08:25.828,0.86213,0.86227
2013.03.06 01:08:28.518,0.86213,0.86227
2013.03.06 01:08:29.699,0.86215,0.86228
2013.03.06 01:08:30.028,0.86213,0.86229
2013.03.06 01:08:30.568,0.86214,0.86229
2013.03.06 01:08:30.966,0.86214,0.86231
2013.03.06 01:08:31.042,0.86216,0.86232
2013.03.06 01:08:32.398,0.86217,0.86233
2013.03.06 01:08:40.207,0.86217,0.86233
2013.03.06 01:08:43.238,0.86219,0.86233
2013.03.06 01:08:44.461,0.86219,0.86233
2013.03.06 01:08:45.018,0.86219,0.86233
2013.03.06 01:08:46.858,0.86219,0.86233
2013.03.06 01:08:47.476,0.86219,0.86233
2013.03.06 01:08:50.128,0.86219,0.86233
2013.03.06 01:08:50.630,0.86217,0.86233
2013.03.06 01:08:51.761,0.86217,0.86233
2013.03.06 01:08:52.307,0.86216,0.86233
2013.03.06 01:08:58.779,0.86219,0.86233
2013.03.06 01:09:03.038,0.86219,0.86233
2013.03.06 01:09:03.592,0.86219,0.86233
2013.03.06 01:09:05.017,0.86219,0.86233
2013.03.06 01:09:05.198,0.86222,0.86236
2013.03.06 01:09:05.768,0.86223,0.86237
2013.03.06 01:09:06.427,0.86223,0.86237
2013.03.06 01:09:07.219,0.86223,0.86237
2013.03.06 01:09:07.648,0.86223,0.86239
2013.03.06 01:09:08.748,0.86223,0.8624
2013.03.06 01:09:09.591,0.86223,0.8624
2013.03.06 01:09:10.103,0.86224,0.8624
2013.03.06 01:09:17.508,0.86226,0.86243
2013.03.06 01:09:17.820,0.8623,0.86246
2013.03.06 01:09:18.025,0.86231,0.86248
2013.03.06 01:09:20.530,0.86231,0.86249
2013.03.06 01:09:24.761,0.8623,0.86248
2013.03.06 01:09:25.095,0.8623,0.86243
2013.03.06 01:09:25.369,0.8623,0.86244
2013.03.06 01:09:25.438,0.86229,0.86244
2013.03.06 01:09:26.302,0.8623,0.86245
2013.03.06 01:09:26.821,0.86232,0.86247
2013.03.06 01:09:29.628,0.8623,0.86246
2013.03.06 01:09:30.281,0.8623,0.86246
2013.03.06 01:09:31.108,0.8623,0.86246
2013.03.06 01:09:34.954,0.8623,0.86247
2013.03.06 01:09:35.582,0.86229,0.86247
2013.03.06 01:09:36.827,0.86229,0.86247
2013.03.06 01:09:39.470,0.86229,0.86247
2013.03.06 01:09:39.911,0.86228,0.86244
2013.03.06 01:09:40.460,0.8623,0.86245
2013.03.06 01:09:41.488,0.8623,0.86246
2013.03.06 01:09:41.848,0.86227,0.86245
2013.03.06 01:09:42.458,0.86221,0.86235
2013.03.06 01:09:42.540,0.8621,0.86224
2013.03.06 01:09:42.670,0.86211,0.86226
2013.03.06 01:09:42.799,0.86211,0.86227
2013.03.06 01:09:43.119,0.86212,0.86229
2013.03.06 01:09:43.548,0.86214,0.86229
2013.03.06 01:09:43.908,0.86215,0.86231
2013.03.06 01:09:44.278,0.86216,0.86233
2013.03.06 01:09:44.887,0.86216,0.86233
2013.03.06 01:09:45.390,0.86216,0.86232
2013.03.06 01:09:45.878,0.86214,0.86232
2013.03.06 01:09:45.939,0.86214,0.86232
2013.03.06 01:09:46.488,0.86213,0.86229
2013.03.06 01:09:47.048,0.86215,0.86229
2013.03.06 01:09:47.753,0.86215,0.86229
2013.03.06 01:09:48.528,0.86215,0.86231
2013.03.06 01:09:49.068,0.86216,0.86233
2013.03.06 01:09:49.128,0.86216,0.86232
2013.03.06 01:09:49.670,0.86215,0.86232
2013.03.06 01:09:50.179,0.86214,0.86231
2013.03.06 01:09:50.870,0.86216,0.86232
2013.03.06 01:09:50.939,0.86216,0.86234
2013.03.06 01:09:51.489,0.86216,0.86234
2013.03.06 01:09:51.999,0.86216,0.86234
2013.03.06 01:09:52.188,0.86216,0.86234
2013.03.06 01:09:53.488,0.86216,0.86234
2013.03.06 01:09:53.915,0.86216,0.86234
2013.03.06 01:09:54.616,0.86219,0.86235
2013.03.06 01:09:54.808,0.86218,0.86235
2013.03.06 01:09:55.228,0.86218,0.86235
2013.03.06 01:09:55.589,0.86216,0.86232
2013.03.06 01:09:57.458,0.86216,0.86233
2013.03.06 01:09:57.699,0.86212,0.8623
2013.03.06 01:09:58.768,0.86212,0.8623
2013.03.06 01:10:00.698,0.86212,0.8623
2013.03.06 01:10:03.219,0.86213,0.8623
2013.03.06 01:10:03.855,0.86213,0.8623
2013.03.06 01:10:04.488,0.86213,0.8623
2013.03.06 01:10:05.039,0.86213,0.86231
2013.03.06 01:10:05.409,0.86214,0.86231
2013.03.06 01:10:05.898,0.86217,0.86234
2013.03.06 01:10:05.969,0.86219,0.86236
2013.03.06 01:10:06.158,0.86219,0.86238
2013.03.06 01:10:06.639,0.86223,0.8624
2013.03.06 01:10:06.888,0.86225,0.86242
2013.03.06 01:10:07.128,0.86227,0.86243
2013.03.06 01:10:07.488,0.86227,0.86245
2013.03.06 01:10:08.689,0.86227,0.86244
2013.03.06 01:10:09.634,0.86227,0.86244
2013.03.06 01:10:11.888,0.86225,0.86242
2013.03.06 01:10:12.188,0.86225,0.86242
2013.03.06 01:10:12.429,0.86225,0.86239
2013.03.06 01:10:12.679,0.86222,0.86239
2013.03.06 01:10:16.548,0.86224,0.86239
2013.03.06 01:10:16.669,0.86224,0.8624
2013.03.06 01:10:16.799,0.86224,0.8624
2013.03.06 01:10:17.778,0.86224,0.86241
2013.03.06 01:10:18.400,0.86226,0.86242
2013.03.06 01:10:18.959,0.86228,0.86243
2013.03.06 01:10:19.490,0.8623,0.86243
2013.03.06 01:10:20.539,0.86227,0.86243
2013.03.06 01:10:20.608,0.86226,0.86243
2013.03.06 01:10:20.929,0.86226,0.86243
2013.03.06 01:10:21.189,0.86226,0.86243
2013.03.06 01:10:21.630,0.86226,0.86243
2013.03.06 01:10:23.048,0.86227,0.86243
2013.03.06 01:10:26.288,0.86227,0.86243
2013.03.06 01:10:27.608,0.86224,0.86242
2013.03.06 01:10:28.221,0.86227,0.86242
2013.03.06 01:10:28.780,0.86227,0.86242
2013.03.06 01:10:29.409,0.86227,0.86242
2013.03.06 01:10:29.959,0.86227,0.86242
2013.03.06 01:10:31.348,0.86226,0.86242
2013.03.06 01:10:32.358,0.86226,0.86242
2013.03.06 01:10:32.909,0.86226,0.86242
2013.03.06 01:10:33.219,0.86222,0.86238
2013.03.06 01:10:33.350,0.86222,0.86238
2013.03.06 01:10:33.909,0.86222,0.86238
2013.03.06 01:10:35.740,0.86221,0.86238
2013.03.06 01:10:36.267,0.8622,0.86237
2013.03.06 01:10:41.531,0.8622,0.86236
2013.03.06 01:10:41.779,0.86219,0.86235
2013.03.06 01:10:42.789,0.86217,0.86233
2013.03.06 01:10:42.860,0.86216,0.86233
2013.03.06 01:10:43.001,0.86215,0.86232
2013.03.06 01:10:43.440,0.86214,0.86231
2013.03.06 01:10:44.108,0.86214,0.86231
2013.03.06 01:10:44.649,0.86214,0.86228
2013.03.06 01:10:45.099,0.86214,0.86228
2013.03.06 01:10:45.948,0.86212,0.86228
2013.03.06 01:10:46.521,0.86212,0.86225
2013.03.06 01:10:47.058,0.86208,0.86225
2013.03.06 01:10:47.711,0.86208,0.86225
2013.03.06 01:10:50.540,0.86208,0.86225
2013.03.06 01:10:50.909,0.86209,0.86225
2013.03.06 01:10:51.418,0.86211,0.86228
2013.03.06 01:11:03.421,0.86211,0.86228
2013.03.06 01:11:03.970,0.8621,0.86226
2013.03.06 01:11:10.009,0.86211,0.86227
2013.03.06 01:11:12.010,0.8621,0.86226
2013.03.06 01:11:21.318,0.8621,0.86226
2013.03.06 01:11:21.968,0.8621,0.86226
2013.03.06 01:11:22.508,0.8621,0.86226
2013.03.06 01:11:23.021,0.8621,0.86225
2013.03.06 01:11:24.059,0.8621,0.86225
2013.03.06 01:11:24.579,0.86211,0.86225
2013.03.06 01:11:25.110,0.86211,0.86226
2013.03.06 01:11:25.179,0.86211,0.86227
2013.03.06 01:11:25.528,0.86216,0.86227
2013.03.06 01:11:29.999,0.86216,0.8623
2013.03.06 01:11:41.517,0.86216,0.8623
2013.03.06 01:12:03.142,0.86216,0.86231
2013.03.06 01:12:03.388,0.86216,0.86229
2013.03.06 01:12:10.198,0.86215,0.8623
2013.03.06 01:12:20.211,0.86215,0.86231
2013.03.06 01:12:25.648,0.86215,0.86231
2013.03.06 01:12:31.599,0.86215,0.86231
2013.03.06 01:12:36.130,0.86215,0.86229
2013.03.06 01:12:36.318,0.86213,0.86229
2013.03.06 01:12:39.542,0.86214,0.86229
2013.03.06 01:12:39.848,0.86213,0.86231
2013.03.06 01:12:40.400,0.86214,0.86231
2013.03.06 01:12:41.878,0.86215,0.86231
2013.03.06 01:12:48.361,0.86215,0.86231
2013.03.06 01:12:48.478,0.86215,0.8623
2013.03.06 01:12:48.719,0.86215,0.86232
2013.03.06 01:12:49.221,0.86215,0.86232
2013.03.06 01:12:49.422,0.86215,0.86229
2013.03.06 01:12:49.969,0.86213,0.86228
2013.03.06 01:12:50.039,0.86212,0.86228
2013.03.06 01:12:50.540,0.86212,0.86228
2013.03.06 01:12:50.938,0.86212,0.86229
2013.03.06 01:12:51.478,0.86213,0.8623
2013.03.06 01:12:58.613,0.86212,0.86231
2013.03.06 01:13:02.367,0.86212,0.86229
2013.03.06 01:13:04.778,0.86212,0.86229
2013.03.06 01:13:05.140,0.86209,0.86226
2013.03.06 01:13:05.209,0.86207,0.86225
2013.03.06 01:13:05.643,0.86207,0.86223
2013.03.06 01:13:06.190,0.86207,0.86223
2013.03.06 01:13:09.518,0.86207,0.86224
2013.03.06 01:13:10.059,0.86208,0.86224
2013.03.06 01:13:14.170,0.8621,0.86225
2013.03.06 01:13:14.299,0.8621,0.86228
2013.03.06 01:13:14.440,0.86211,0.86228
2013.03.06 01:13:14.998,0.86213,0.86228
2013.03.06 01:13:18.759,0.86214,0.86231
2013.03.06 01:13:20.669,0.86216,0.86229
2013.03.06 01:13:32.360,0.86216,0.86232
2013.03.06 01:13:32.909,0.86216,0.86233
2013.03.06 01:13:38.958,0.86217,0.86233
2013.03.06 01:13:39.469,0.86217,0.86233
2013.03.06 01:13:41.249,0.86217,0.86233
2013.03.06 01:13:44.009,0.86217,0.86233
2013.03.06 01:13:44.619,0.86217,0.86233
2013.03.06 01:13:48.254,0.86217,0.86233
2013.03.06 01:13:48.379,0.86216,0.86233
2013.03.06 01:13:51.099,0.86217,0.86233
2013.03.06 01:13:57.309,0.86216,0.86233
2013.03.06 01:13:58.998,0.86217,0.86233
2013.03.06 01:14:00.199,0.86217,0.86233
2013.03.06 01:14:00.700,0.86217,0.86233
2013.03.06 01:14:01.221,0.86218,0.86234
2013.03.06 01:14:01.826,0.86218,0.86234
2013.03.06 01:14:04.655,0.86218,0.86234
2013.03.06 01:14:05.209,0.86218,0.86234
2013.03.06 01:14:23.769,0.86218,0.86233
2013.03.06 01:14:28.934,0.86218,0.86233
2013.03.06 01:14:29.479,0.86216,0.86233
2013.03.06 01:14:37.970,0.86215,0.86233
2013.03.06 01:14:38.958,0.86216,0.86231
2013.03.06 01:14:39.792,0.86216,0.86231
2013.03.06 01:14:40.348,0.86216,0.86234
2013.03.06 01:14:40.932,0.86216,0.86234
2013.03.06 01:14:41.461,0.86216,0.86233
2013.03.06 01:14:42.124,0.86216,0.86233
2013.03.06 01:14:43.280,0.86216,0.86234
2013.03.06 01:14:43.828,0.86216,0.86231
2013.03.06 01:14:44.998,0.86216,0.86231
2013.03.06 01:14:45.628,0.86216,0.86232
2013.03.06 01:14:46.059,0.86216,0.86232
2013.03.06 01:14:46.909,0.86216,0.86232
2013.03.06 01:14:49.358,0.86215,0.86232
2013.03.06 01:14:49.717,0.86215,0.86232
2013.03.06 01:14:54.608,0.86213,0.86231
2013.03.06 01:14:55.088,0.86213,0.86228
2013.03.06 01:14:55.149,0.86213,0.86228
2013.03.06 01:14:58.190,0.86211,0.86228
2013.03.06 01:14:58.510,0.8621,0.86228
2013.03.06 01:14:59.069,0.86212,0.86228
2013.03.06 01:14:59.868,0.86211,0.86228
2013.03.06 01:15:00.409,0.86212,0.86227
2013.03.06 01:15:01.188,0.86211,0.86227
2013.03.06 01:15:01.742,0.86211,0.86227
2013.03.06 01:15:02.356,0.86211,0.86227
2013.03.06 01:15:02.998,0.86211,0.86227
2013.03.06 01:15:04.339,0.86213,0.86229
2013.03.06 01:15:04.878,0.86213,0.86229
2013.03.06 01:15:11.318,0.86213,0.86229
2013.03.06 01:15:11.558,0.86211,0.86228
2013.03.06 01:15:11.802,0.86211,0.86228
2013.03.06 01:15:12.289,0.86211,0.86228
2013.03.06 01:15:13.418,0.86211,0.86228
2013.03.06 01:15:15.533,0.86213,0.86229
2013.03.06 01:15:15.718,0.86214,0.86229
2013.03.06 01:15:17.889,0.86214,0.86233
2013.03.06 01:15:18.439,0.86214,0.86231
2013.03.06 01:15:19.008,0.86215,0.86231
2013.03.06 01:15:20.029,0.86215,0.86231
2013.03.06 01:15:21.248,0.86215,0.86231
2013.03.06 01:15:22.248,0.86215,0.86231
2013.03.06 01:15:22.864,0.86215,0.86231
2013.03.06 01:15:24.750,0.86215,0.86229
2013.03.06 01:15:25.000,0.8621,0.86228
2013.03.06 01:15:25.280,0.8621,0.86228
2013.03.06 01:15:26.380,0.86209,0.86228
2013.03.06 01:15:26.450,0.8621,0.86228
2013.03.06 01:15:26.579,0.8621,0.86228
2013.03.06 01:15:27.000,0.86209,0.86227
2013.03.06 01:15:27.069,0.86209,0.86227
2013.03.06 01:15:27.929,0.86209,0.86228
2013.03.06 01:15:29.178,0.86209,0.86228
2013.03.06 01:15:33.460,0.86208,0.86225
2013.03.06 01:15:33.769,0.86209,0.86226
2013.03.06 01:15:49.879,0.86209,0.86224
2013.03.06 01:15:54.391,0.8621,0.86224
2013.03.06 01:15:54.938,0.86208,0.86224
2013.03.06 01:15:55.600,0.8621,0.86225
2013.03.06 01:15:55.788,0.8621,0.86227
2013.03.06 01:16:01.128,0.86213,0.86228
2013.03.06 01:16:01.429,0.86215,0.86231
2013.03.06 01:16:01.979,0.86215,0.86231
2013.03.06 01:16:03.149,0.86216,0.86231
2013.03.06 01:16:04.650,0.86216,0.86232
2013.03.06 01:16:04.721,0.8622,0.86235
2013.03.06 01:16:04.910,0.8622,0.86236
2013.03.06 01:16:05.469,0.86221,0.86236
2013.03.06 01:16:05.973,0.86222,0.86236
2013.03.06 01:16:06.159,0.8622,0.86235
2013.03.06 01:16:09.289,0.8622,0.86236
2013.03.06 01:16:09.829,0.8622,0.86236
2013.03.06 01:16:11.189,0.8622,0.86236
2013.03.06 01:16:16.710,0.8622,0.86236
2013.03.06 01:16:17.200,0.8622,0.86238
2013.03.06 01:16:19.130,0.86221,0.86237
2013.03.06 01:16:19.680,0.8622,0.86237
2013.03.06 01:16:23.979,0.8622,0.86236
2013.03.06 01:16:24.102,0.86218,0.86235
2013.03.06 01:16:24.230,0.86218,0.86235
2013.03.06 01:16:24.480,0.86214,0.86231
2013.03.06 01:16:24.670,0.86214,0.86227
2013.03.06 01:16:24.859,0.86212,0.86227
2013.03.06 01:16:25.041,0.86208,0.86225
2013.03.06 01:16:30.319,0.86208,0.86225
2013.03.06 01:16:30.520,0.8621,0.86227
2013.03.06 01:16:30.651,0.8621,0.86228
2013.03.06 01:16:30.779,0.86211,0.86229
2013.03.06 01:16:31.139,0.86213,0.86229
2013.03.06 01:16:31.460,0.86211,0.86229
2013.03.06 01:16:32.009,0.86211,0.8623
2013.03.06 01:16:40.700,0.86212,0.86226
2013.03.06 01:16:41.260,0.86212,0.86226
2013.03.06 01:16:41.570,0.86215,0.86226
2013.03.06 01:16:41.880,0.86222,0.86233
2013.03.06 01:16:41.953,0.86222,0.86235
2013.03.06 01:16:44.378,0.86223,0.86233
2013.03.06 01:16:45.388,0.86223,0.86234
2013.03.06 01:16:45.799,0.86222,0.86234
2013.03.06 01:16:46.324,0.86221,0.86234
2013.03.06 01:16:46.391,0.86222,0.86234
2013.03.06 01:16:49.420,0.86223,0.86234
2013.03.06 01:16:53.802,0.86224,0.86234
2013.03.06 01:16:54.350,0.86222,0.86236
2013.03.06 01:16:57.972,0.86222,0.86236
2013.03.06 01:17:00.579,0.86223,0.86236
2013.03.06 01:17:06.691,0.86222,0.86236
2013.03.06 01:17:06.939,0.86222,0.86239
2013.03.06 01:17:07.481,0.86226,0.86239
2013.03.06 01:17:08.031,0.86226,0.86239
2013.03.06 01:17:09.081,0.86226,0.86239
2013.03.06 01:17:09.601,0.86226,0.86239
2013.03.06 01:17:10.418,0.86226,0.86239
2013.03.06 01:17:20.453,0.86227,0.86239
2013.03.06 01:17:20.641,0.86228,0.86239
2013.03.06 01:17:20.830,0.86228,0.86244
2013.03.06 01:17:21.380,0.86231,0.86244
2013.03.06 01:17:21.931,0.8623,0.86243
2013.03.06 01:17:22.179,0.8623,0.86244
2013.03.06 01:17:22.239,0.8623,0.86244
2013.03.06 01:17:22.940,0.86229,0.86243
2013.03.06 01:17:23.499,0.86229,0.86241
2013.03.06 01:17:25.900,0.8623,0.86241
2013.03.06 01:17:26.041,0.8623,0.86245
2013.03.06 01:17:26.169,0.86232,0.86245
2013.03.06 01:17:26.419,0.86231,0.86246
2013.03.06 01:17:26.598,0.8623,0.86245
2013.03.06 01:17:27.139,0.8623,0.86244
2013.03.06 01:17:27.271,0.8623,0.86244
2013.03.06 01:17:27.401,0.8623,0.86244
2013.03.06 01:17:28.199,0.86228,0.86243
2013.03.06 01:17:28.868,0.86228,0.86241
2013.03.06 01:17:29.420,0.86228,0.86244
2013.03.06 01:17:31.109,0.86228,0.86244
2013.03.06 01:17:32.121,0.86228,0.86244
2013.03.06 01:17:33.391,0.86227,0.86243
2013.03.06 01:17:33.459,0.86227,0.86242
2013.03.06 01:17:34.960,0.86227,0.86244
2013.03.06 01:17:35.032,0.86227,0.86244
2013.03.06 01:17:41.576,0.8623,0.86244
2013.03.06 01:17:42.099,0.86229,0.86244
2013.03.06 01:17:46.310,0.86231,0.86245
2013.03.06 01:17:46.621,0.86232,0.86246
2013.03.06 01:17:47.168,0.86232,0.86247
2013.03.06 01:17:49.691,0.86232,0.86247
2013.03.06 01:17:50.191,0.8623,0.86244
2013.03.06 01:17:50.704,0.86228,0.86243
2013.03.06 01:17:51.488,0.86228,0.8624
2013.03.06 01:17:51.845,0.86226,0.8624
2013.03.06 01:17:52.819,0.86224,0.8624
2013.03.06 01:17:53.340,0.86226,0.8624
2013.03.06 01:17:54.581,0.86227,0.8624
2013.03.06 01:17:54.949,0.86229,0.86243
2013.03.06 01:17:55.069,0.86229,0.86245
2013.03.06 01:17:56.071,0.8623,0.86246
2013.03.06 01:17:56.609,0.8623,0.86246
2013.03.06 01:17:57.210,0.86229,0.86246
2013.03.06 01:17:57.631,0.8623,0.86244
2013.03.06 01:17:57.940,0.8623,0.86244
2013.03.06 01:17:59.402,0.8623,0.86245
2013.03.06 01:17:59.769,0.8623,0.86246
2013.03.06 01:18:02.289,0.86229,0.86246
2013.03.06 01:18:03.090,0.86229,0.86245
2013.03.06 01:18:06.193,0.8623,0.86245
2013.03.06 01:18:07.197,0.86229,0.86245
2013.03.06 01:18:07.715,0.8623,0.86245
2013.03.06 01:18:10.888,0.86232,0.86245
2013.03.06 01:18:11.584,0.86231,0.86245
2013.03.06 01:18:12.298,0.86232,0.86245
2013.03.06 01:18:13.839,0.86231,0.86245
2013.03.06 01:18:17.879,0.86231,0.86245
2013.03.06 01:18:18.429,0.86231,0.86245
2013.03.06 01:18:19.109,0.86231,0.86245
2013.03.06 01:18:19.472,0.86232,0.86247
2013.03.06 01:18:20.029,0.86231,0.86248
2013.03.06 01:18:21.258,0.86234,0.86248
2013.03.06 01:18:24.655,0.86233,0.86248
2013.03.06 01:18:27.732,0.86234,0.86248
2013.03.06 01:18:29.949,0.86235,0.86248
2013.03.06 01:18:30.513,0.86235,0.86248
2013.03.06 01:18:32.620,0.86231,0.86247
2013.03.06 01:18:35.150,0.86232,0.86247
2013.03.06 01:18:37.459,0.86233,0.86247
2013.03.06 01:18:38.029,0.86233,0.86247
2013.03.06 01:18:39.789,0.86233,0.86247
2013.03.06 01:18:40.329,0.86234,0.86248
2013.03.06 01:18:40.919,0.86234,0.86248
2013.03.06 01:18:41.468,0.86235,0.86248
2013.03.06 01:18:44.589,0.86231,0.86245
2013.03.06 01:18:47.649,0.86231,0.86247
2013.03.06 01:18:49.367,0.86231,0.86247
2013.03.06 01:18:50.299,0.8623,0.86246
2013.03.06 01:18:50.839,0.8623,0.86246
2013.03.06 01:18:56.239,0.86229,0.86246
2013.03.06 01:19:06.000,0.8623,0.86246
2013.03.06 01:19:06.499,0.86232,0.86246
2013.03.06 01:19:07.420,0.86232,0.86246
2013.03.06 01:19:08.521,0.86231,0.86246
2013.03.06 01:19:10.968,0.8623,0.86243
2013.03.06 01:19:19.469,0.8623,0.86244
2013.03.06 01:19:29.928,0.86229,0.86242
2013.03.06 01:19:30.963,0.86229,0.86242
2013.03.06 01:19:34.308,0.8623,0.86242
2013.03.06 01:19:41.245,0.8623,0.86242
2013.03.06 01:19:41.893,0.8623,0.86242
2013.03.06 01:19:48.838,0.86228,0.86242
2013.03.06 01:19:49.454,0.86228,0.86242
2013.03.06 01:19:59.620,0.86228,0.86242
2013.03.06 01:20:09.480,0.86229,0.86243
2013.03.06 01:20:10.139,0.86227,0.86243
2013.03.06 01:20:15.038,0.86227,0.86242
2013.03.06 01:20:15.751,0.86226,0.86243
2013.03.06 01:20:19.249,0.86228,0.86243
2013.03.06 01:20:20.868,0.86228,0.86243
2013.03.06 01:20:36.719,0.86231,0.86242
2013.03.06 01:21:23.426,0.86229,0.86243
2013.03.06 01:21:23.808,0.86229,0.86243
2013.03.06 01:21:43.121,0.8623,0.86243
2013.03.06 01:21:44.232,0.86231,0.86243
2013.03.06 01:21:47.119,0.8623,0.86243
2013.03.06 01:21:47.669,0.8623,0.86243
2013.03.06 01:22:20.921,0.8623,0.86242
2013.03.06 01:22:21.585,0.8623,0.86242
2013.03.06 01:22:33.252,0.86231,0.86242
2013.03.06 01:22:33.851,0.86231,0.86242
2013.03.06 01:22:34.642,0.86232,0.86242
2013.03.06 01:22:34.950,0.86233,0.86248
2013.03.06 01:22:35.020,0.86234,0.86249
2013.03.06 01:22:35.532,0.86233,0.86249
2013.03.06 01:22:35.601,0.86233,0.86246
2013.03.06 01:22:35.790,0.8623,0.86246
2013.03.06 01:22:37.361,0.86231,0.86247
2013.03.06 01:22:37.913,0.86231,0.86246
2013.03.06 01:22:40.190,0.86231,0.86247
2013.03.06 01:22:42.069,0.86233,0.86247
2013.03.06 01:22:42.429,0.86236,0.86247
2013.03.06 01:22:42.975,0.86235,0.86247
2013.03.06 01:22:44.529,0.86233,0.86247
2013.03.06 01:22:47.069,0.86233,0.86247
2013.03.06 01:22:55.408,0.86232,0.86247
2013.03.06 01:22:58.395,0.86232,0.86247
2013.03.06 01:23:14.053,0.86232,0.86247
2013.03.06 01:23:14.849,0.86233,0.86247
2013.03.06 01:23:18.249,0.86233,0.86247
2013.03.06 01:23:19.230,0.86233,0.86247
2013.03.06 01:23:38.608,0.86233,0.86247
2013.03.06 01:23:44.398,0.86233,0.86247
2013.03.06 01:24:00.090,0.86233,0.86247
2013.03.06 01:24:00.929,0.86233,0.86248
2013.03.06 01:24:07.029,0.86233,0.86248
2013.03.06 01:24:08.938,0.86233,0.86248
2013.03.06 01:24:09.538,0.86233,0.86248
2013.03.06 01:24:30.542,0.86232,0.86247
2013.03.06 01:24:31.086,0.86231,0.86246
2013.03.06 01:24:31.368,0.86231,0.86246
2013.03.06 01:24:31.962,0.86231,0.86245
2013.03.06 01:24:45.689,0.8623,0.86246
2013.03.06 01:24:54.370,0.8623,0.86245
2013.03.06 01:25:05.664,0.86228,0.86243
2013.03.06 01:25:06.172,0.86227,0.86243
2013.03.06 01:25:11.599,0.86227,0.86242
2013.03.06 01:25:12.339,0.86227,0.86242
2013.03.06 01:25:12.880,0.86228,0.86243
2013.03.06 01:25:13.420,0.86228,0.86243
2013.03.06 01:25:13.956,0.86228,0.86244
2013.03.06 01:25:14.999,0.86228,0.86244
2013.03.06 01:25:17.430,0.86228,0.86244
2013.03.06 01:25:36.311,0.86228,0.86244
2013.03.06 01:25:36.862,0.86226,0.86241
2013.03.06 01:25:37.191,0.86226,0.86241
2013.03.06 01:25:37.741,0.86223,0.86239
2013.03.06 01:25:38.627,0.86223,0.86237
2013.03.06 01:25:38.940,0.86224,0.86237
2013.03.06 01:25:40.411,0.86224,0.86237
2013.03.06 01:25:40.603,0.86223,0.86237
2013.03.06 01:25:41.090,0.86226,0.86235
2013.03.06 01:25:53.080,0.86226,0.86237
2013.03.06 01:25:53.200,0.86226,0.86239
2013.03.06 01:25:53.380,0.86228,0.86243
2013.03.06 01:25:53.920,0.86228,0.86244
2013.03.06 01:25:54.170,0.86232,0.86247
2013.03.06 01:25:54.479,0.86232,0.86246
2013.03.06 01:25:57.414,0.8623,0.86246
2013.03.06 01:25:58.072,0.8623,0.86246
2013.03.06 01:25:59.591,0.86232,0.86246
2013.03.06 01:26:01.411,0.86231,0.86245
2013.03.06 01:26:02.019,0.86231,0.86245
2013.03.06 01:26:02.150,0.86232,0.86246
2013.03.06 01:26:04.531,0.86231,0.86246
2013.03.06 01:26:05.110,0.86231,0.86246
2013.03.06 01:26:05.859,0.8623,0.86245
2013.03.06 01:26:07.562,0.8623,0.86245
2013.03.06 01:26:08.180,0.8623,0.86245
2013.03.06 01:26:08.938,0.8623,0.86245
2013.03.06 01:26:09.995,0.8623,0.86245
2013.03.06 01:26:11.829,0.8623,0.86245
2013.03.06 01:26:12.190,0.86233,0.86248
2013.03.06 01:26:12.734,0.86234,0.86248
2013.03.06 01:26:12.990,0.86235,0.86248
2013.03.06 01:26:13.549,0.86235,0.86249
2013.03.06 01:26:14.061,0.86235,0.86249
2013.03.06 01:26:16.762,0.86235,0.86249
2013.03.06 01:26:16.894,0.86233,0.86248
2013.03.06 01:26:21.561,0.86233,0.86247
2013.03.06 01:26:22.113,0.86231,0.86246
2013.03.06 01:26:26.579,0.86229,0.86246
2013.03.06 01:26:28.463,0.86231,0.86246
2013.03.06 01:26:28.714,0.86232,0.86249
2013.03.06 01:26:30.091,0.86234,0.86249
2013.03.06 01:26:31.732,0.86235,0.86251
2013.03.06 01:26:32.040,0.86235,0.86252
2013.03.06 01:26:33.412,0.86235,0.86251
2013.03.06 01:26:33.663,0.86234,0.8625
2013.03.06 01:26:33.933,0.86233,0.8625
2013.03.06 01:26:34.490,0.86234,0.8625
2013.03.06 01:26:35.516,0.86234,0.86251
2013.03.06 01:26:35.581,0.86235,0.86252
2013.03.06 01:26:35.864,0.86234,0.86252
2013.03.06 01:26:37.501,0.86234,0.86251
2013.03.06 01:26:37.571,0.86233,0.86249
2013.03.06 01:26:38.124,0.86233,0.86249
2013.03.06 01:26:38.625,0.86232,0.86247
2013.03.06 01:26:39.140,0.86231,0.86247
2013.03.06 01:26:43.542,0.8623,0.86246
2013.03.06 01:26:44.081,0.8623,0.86246
2013.03.06 01:26:44.693,0.8623,0.86246
2013.03.06 01:26:45.230,0.8623,0.86246
2013.03.06 01:26:46.045,0.8623,0.86246
2013.03.06 01:26:56.810,0.86229,0.86245
2013.03.06 01:26:57.051,0.86229,0.86245
2013.03.06 01:26:57.570,0.86228,0.86245
2013.03.06 01:27:01.751,0.86229,0.86245
2013.03.06 01:27:02.262,0.86229,0.86245
2013.03.06 01:27:02.779,0.86229,0.86246
2013.03.06 01:27:06.458,0.86229,0.86246
2013.03.06 01:27:24.393,0.86229,0.86246
2013.03.06 01:27:27.500,0.86229,0.86246
2013.03.06 01:27:28.732,0.86229,0.86246
2013.03.06 01:27:30.471,0.86229,0.86246
2013.03.06 01:27:31.670,0.8623,0.86246
2013.03.06 01:27:32.973,0.8623,0.86246
2013.03.06 01:27:34.048,0.8623,0.86246
2013.03.06 01:27:34.981,0.8623,0.86246
2013.03.06 01:27:35.593,0.8623,0.86246
2013.03.06 01:27:37.325,0.8623,0.86246
2013.03.06 01:27:42.790,0.8623,0.86245
2013.03.06 01:27:44.411,0.8623,0.86245
2013.03.06 01:27:45.980,0.8623,0.86245
2013.03.06 01:27:47.769,0.86229,0.86244
2013.03.06 01:27:48.011,0.86229,0.86244
2013.03.06 01:27:48.560,0.86229,0.86243
2013.03.06 01:27:49.950,0.86229,0.86243
2013.03.06 01:27:50.499,0.86228,0.86244
2013.03.06 01:27:54.789,0.86229,0.86246
2013.03.06 01:28:03.830,0.8623,0.86244
2013.03.06 01:28:04.131,0.86229,0.86245
2013.03.06 01:28:04.380,0.86229,0.86245
2013.03.06 01:28:17.670,0.8623,0.86245
2013.03.06 01:28:33.347,0.86231,0.86245
2013.03.06 01:29:10.927,0.8623,0.86246
2013.03.06 01:29:15.481,0.8623,0.86245
2013.03.06 01:29:21.110,0.8623,0.86245
2013.03.06 01:29:23.040,0.8623,0.86245
2013.03.06 01:29:23.889,0.8623,0.86245
2013.03.06 01:29:25.161,0.8623,0.86245
2013.03.06 01:29:26.502,0.8623,0.86242
2013.03.06 01:29:26.571,0.86228,0.86242
2013.03.06 01:29:26.643,0.86228,0.86241
2013.03.06 01:29:26.951,0.86226,0.86239
2013.03.06 01:29:27.022,0.86226,0.86239
2013.03.06 01:29:28.230,0.86225,0.86237
2013.03.06 01:29:33.043,0.86226,0.86239
2013.03.06 01:29:33.173,0.86226,0.86239
2013.03.06 01:29:35.231,0.86226,0.86239
2013.03.06 01:29:36.224,0.86226,0.86237
2013.03.06 01:29:36.740,0.86226,0.86239
2013.03.06 01:29:37.536,0.86226,0.86238
2013.03.06 01:29:40.808,0.86225,0.86238
2013.03.06 01:29:41.491,0.86225,0.86238
2013.03.06 01:29:41.622,0.86225,0.86238
2013.03.06 01:29:45.311,0.86225,0.86238
2013.03.06 01:29:45.372,0.86225,0.86238
2013.03.06 01:29:45.823,0.86228,0.86241
2013.03.06 01:29:46.380,0.86227,0.8624
2013.03.06 01:29:47.940,0.86227,0.86239
2013.03.06 01:29:48.480,0.86228,0.86239
2013.03.06 01:29:52.071,0.86228,0.86239
2013.03.06 01:29:52.393,0.86226,0.86239
2013.03.06 01:29:54.923,0.86226,0.86235
2013.03.06 01:29:55.471,0.86225,0.8624
2013.03.06 01:29:56.020,0.86225,0.86238
2013.03.06 01:29:56.260,0.86225,0.86238
2013.03.06 01:29:56.780,0.86225,0.86235
2013.03.06 01:29:57.752,0.86226,0.86236
2013.03.06 01:29:57.821,0.86226,0.8624
2013.03.06 01:30:00.690,0.86227,0.86239
2013.03.06 01:30:00.991,0.86227,0.86238
2013.03.06 01:30:01.540,0.86226,0.86237
2013.03.06 01:30:02.830,0.86225,0.86239
2013.03.06 01:30:03.430,0.86225,0.86236
2013.03.06 01:30:09.981,0.86226,0.86236
2013.03.06 01:30:11.961,0.86226,0.86236
2013.03.06 01:30:17.151,0.86226,0.86234
2013.03.06 01:30:25.103,0.86226,0.86234
2013.03.06 01:30:25.175,0.86226,0.86234
2013.03.06 01:30:25.245,0.86222,0.86234
2013.03.06 01:30:25.881,0.86221,0.86234
2013.03.06 01:30:26.072,0.8622,0.86234
2013.03.06 01:30:31.203,0.8622,0.86235
2013.03.06 01:30:33.137,0.8622,0.86235
2013.03.06 01:30:33.952,0.8622,0.86235
2013.03.06 01:30:34.455,0.8622,0.86234
2013.03.06 01:30:34.941,0.8622,0.86235
2013.03.06 01:30:35.192,0.86219,0.86234
2013.03.06 01:30:39.131,0.86221,0.86234
2013.03.06 01:30:39.202,0.86221,0.86236
