Time,Bid,Ask
2013.03.13 00:00:00.877,0.87418,0.87434
2013.03.13 00:00:02.786,0.87417,0.87433
2013.03.13 00:00:02.967,0.87417,0.87433
2013.03.13 00:00:03.387,0.87417,0.87433
2013.03.13 00:00:03.567,0.87417,0.87433
2013.03.13 00:00:04.088,0.87419,0.87434
2013.03.13 00:00:06.759,0.87417,0.87434
2013.03.13 00:00:09.290,0.87417,0.87434
2013.03.13 00:00:09.907,0.87417,0.87433
2013.03.13 00:00:09.968,0.87416,0.87433
2013.03.13 00:00:10.327,0.87417,0.87434
2013.03.13 00:00:10.928,0.87417,0.87433
2013.03.13 00:00:13.958,0.87412,0.87428
2013.03.13 00:00:14.079,0.87412,0.87428
2013.03.13 00:00:14.880,0.87409,0.87427
2013.03.13 00:00:20.109,0.87408,0.87426
2013.03.13 00:00:23.408,0.87408,0.87426
2013.03.13 00:00:29.110,0.87408,0.87426
2013.03.13 00:00:29.839,0.87408,0.87426
2013.03.13 00:00:36.289,0.87408,0.87426
2013.03.13 00:00:41.669,0.87408,0.87426
2013.03.13 00:00:42.220,0.87408,0.87426
2013.03.13 00:00:43.030,0.87408,0.87426
2013.03.13 00:00:43.698,0.87408,0.87426
2013.03.13 00:00:45.557,0.87412,0.87429
2013.03.13 00:00:46.079,0.87408,0.87426
2013.03.13 00:00:46.441,0.87407,0.87422
2013.03.13 00:00:46.989,0.87403,0.87421
2013.03.13 00:00:47.300,0.87403,0.87421
2013.03.13 00:00:47.809,0.87404,0.87421
2013.03.13 00:00:49.999,0.87408,0.87426
2013.03.13 00:01:00.244,0.8741,0.87426
2013.03.13 00:01:01.850,0.87409,0.87427
2013.03.13 00:01:02.849,0.87409,0.87425
2013.03.13 00:01:04.609,0.8741,0.87425
2013.03.13 00:01:04.912,0.8741,0.87426
2013.03.13 00:01:05.762,0.87407,0.87425
2013.03.13 00:01:05.846,0.87408,0.87422
2013.03.13 00:01:06.822,0.87402,0.87421
2013.03.13 00:01:07.340,0.87402,0.87418
2013.03.13 00:01:07.958,0.87402,0.87418
2013.03.13 00:01:13.011,0.87401,0.87417
2013.03.13 00:01:14.370,0.87401,0.87417
2013.03.13 00:01:14.871,0.87402,0.87417
2013.03.13 00:01:16.541,0.87402,0.87418
2013.03.13 00:01:17.090,0.87403,0.87421
2013.03.13 00:01:18.439,0.87402,0.8742
2013.03.13 00:01:18.761,0.87401,0.87416
2013.03.13 00:01:18.891,0.87398,0.87413
2013.03.13 00:01:19.080,0.87397,0.87413
2013.03.13 00:01:19.331,0.87397,0.87413
2013.03.13 00:01:19.904,0.87397,0.87413
2013.03.13 00:01:21.399,0.87397,0.87412
2013.03.13 00:01:21.518,0.87397,0.87412
2013.03.13 00:01:21.829,0.874,0.87417
2013.03.13 00:01:21.959,0.87401,0.87418
2013.03.13 00:01:23.128,0.87401,0.87418
2013.03.13 00:01:24.429,0.87403,0.87419
2013.03.13 00:01:27.599,0.87401,0.87417
2013.03.13 00:01:27.669,0.874,0.87417
2013.03.13 00:01:28.031,0.87399,0.87416
2013.03.13 00:01:28.342,0.87397,0.87411
2013.03.13 00:01:28.666,0.87398,0.87411
2013.03.13 00:01:29.659,0.87398,0.87411
2013.03.13 00:01:30.208,0.87397,0.87412
2013.03.13 00:01:31.729,0.87397,0.87413
2013.03.13 00:01:32.081,0.87397,0.87413
2013.03.13 00:01:32.760,0.87397,0.87413
2013.03.13 00:01:37.549,0.87398,0.87412
2013.03.13 00:01:38.315,0.87398,0.87412
2013.03.13 00:01:38.888,0.87398,0.87412
2013.03.13 00:01:40.911,0.87398,0.87412
2013.03.13 00:01:41.758,0.87399,0.87416
2013.03.13 00:01:42.539,0.87401,0.87416
2013.03.13 00:01:42.866,0.87401,0.87417
2013.03.13 00:01:42.990,0.87403,0.87418
2013.03.13 00:01:43.349,0.87404,0.8742
2013.03.13 00:01:43.728,0.87404,0.8742
2013.03.13 00:01:44.738,0.87404,0.8742
2013.03.13 00:01:46.802,0.87403,0.8742
2013.03.13 00:01:48.460,0.87401,0.87419
2013.03.13 00:01:49.841,0.87404,0.8742
2013.03.13 00:01:51.220,0.87405,0.8742
2013.03.13 00:01:53.439,0.87405,0.8742
2013.03.13 00:01:54.302,0.87403,0.87419
2013.03.13 00:01:54.670,0.87403,0.87417
2013.03.13 00:01:59.280,0.87402,0.87416
2013.03.13 00:02:00.322,0.87401,0.87416
2013.03.13 00:02:01.280,0.87401,0.87416
2013.03.13 00:02:02.969,0.87397,0.87416
2013.03.13 00:02:03.328,0.87397,0.87414
2013.03.13 00:02:09.189,0.87398,0.87412
2013.03.13 00:02:13.249,0.87398,0.87414
2013.03.13 00:02:21.619,0.87398,0.87412
2013.03.13 00:02:22.058,0.87398,0.87412
2013.03.13 00:02:28.209,0.87399,0.87413
2013.03.13 00:02:35.949,0.874,0.87415
2013.03.13 00:02:36.548,0.87396,0.87412
2013.03.13 00:02:36.849,0.87395,0.8741
2013.03.13 00:02:38.879,0.87395,0.87409
2013.03.13 00:02:40.248,0.87394,0.87408
2013.03.13 00:02:42.236,0.87394,0.87409
2013.03.13 00:02:53.541,0.87394,0.87412
2013.03.13 00:02:53.671,0.87399,0.87414
2013.03.13 00:02:53.814,0.87399,0.87414
2013.03.13 00:02:54.002,0.87399,0.87415
2013.03.13 00:02:54.548,0.87399,0.87415
2013.03.13 00:02:57.161,0.874,0.87415
2013.03.13 00:02:57.292,0.87401,0.87415
2013.03.13 00:02:59.688,0.87402,0.87418
2013.03.13 00:03:02.549,0.87402,0.87418
2013.03.13 00:03:03.098,0.87405,0.87418
2013.03.13 00:03:03.640,0.87407,0.87423
2013.03.13 00:03:03.958,0.87407,0.87424
2013.03.13 00:03:06.050,0.87405,0.8742
2013.03.13 00:03:06.179,0.87404,0.87419
2013.03.13 00:03:13.672,0.87404,0.87421
2013.03.13 00:03:14.160,0.87405,0.87421
2013.03.13 00:03:16.099,0.87405,0.87418
2013.03.13 00:03:16.219,0.87404,0.87416
2013.03.13 00:03:16.760,0.87401,0.87415
2013.03.13 00:03:17.310,0.87403,0.87417
2013.03.13 00:03:17.989,0.87404,0.8742
2013.03.13 00:03:19.570,0.87402,0.87416
2013.03.13 00:03:19.961,0.87398,0.87414
2013.03.13 00:03:20.511,0.87398,0.87413
2013.03.13 00:03:21.071,0.87404,0.87418
2013.03.13 00:03:21.259,0.87405,0.87418
2013.03.13 00:03:24.419,0.87407,0.87421
2013.03.13 00:03:30.013,0.87405,0.8742
2013.03.13 00:03:30.319,0.87405,0.87418
2013.03.13 00:03:30.827,0.87405,0.87418
2013.03.13 00:03:33.091,0.87405,0.87418
2013.03.13 00:03:33.410,0.87406,0.87421
2013.03.13 00:03:33.598,0.87406,0.87422
2013.03.13 00:03:36.662,0.87411,0.87425
2013.03.13 00:03:36.791,0.87411,0.87425
2013.03.13 00:03:37.042,0.87412,0.87425
2013.03.13 00:03:38.570,0.87414,0.87429
2013.03.13 00:03:39.649,0.87414,0.87429
2013.03.13 00:03:40.389,0.87416,0.87429
2013.03.13 00:03:40.939,0.87414,0.87428
2013.03.13 00:03:43.739,0.87411,0.87427
2013.03.13 00:03:44.280,0.8741,0.87425
2013.03.13 00:03:44.459,0.87413,0.87429
2013.03.13 00:03:44.519,0.87413,0.87429
2013.03.13 00:03:48.289,0.87412,0.87427
2013.03.13 00:03:48.709,0.87408,0.87424
2013.03.13 00:03:50.419,0.87409,0.87424
2013.03.13 00:03:50.658,0.8741,0.87426
2013.03.13 00:03:51.139,0.8741,0.87426
2013.03.13 00:03:51.500,0.87416,0.87428
2013.03.13 00:03:52.082,0.87415,0.87431
2013.03.13 00:03:57.619,0.87417,0.87432
2013.03.13 00:04:01.041,0.87416,0.87429
2013.03.13 00:04:01.170,0.87416,0.87429
2013.03.13 00:04:01.470,0.87411,0.87427
2013.03.13 00:04:01.898,0.87411,0.87427
2013.03.13 00:04:08.048,0.87411,0.87427
2013.03.13 00:04:16.358,0.87414,0.87427
2013.03.13 00:04:20.729,0.87414,0.87428
2013.03.13 00:04:21.278,0.87412,0.87428
2013.03.13 00:04:21.398,0.87412,0.87426
2013.03.13 00:04:23.179,0.8741,0.87427
2013.03.13 00:04:23.718,0.87409,0.87422
2013.03.13 00:04:26.202,0.87409,0.87422
2013.03.13 00:04:28.125,0.87407,0.87422
2013.03.13 00:04:28.432,0.87407,0.87422
2013.03.13 00:04:29.293,0.87406,0.87422
2013.03.13 00:04:33.970,0.87407,0.87425
2013.03.13 00:04:34.160,0.87411,0.87427
2013.03.13 00:04:40.350,0.87406,0.87423
2013.03.13 00:04:40.908,0.87406,0.87421
2013.03.13 00:04:42.095,0.87405,0.87421
2013.03.13 00:04:42.166,0.87404,0.8742
2013.03.13 00:04:42.230,0.87404,0.87418
2013.03.13 00:04:42.412,0.87403,0.87419
2013.03.13 00:04:42.540,0.87403,0.87419
2013.03.13 00:04:42.970,0.87405,0.87416
2013.03.13 00:04:43.519,0.87404,0.87417
2013.03.13 00:04:45.140,0.87405,0.87421
2013.03.13 00:04:46.040,0.87406,0.87421
2013.03.13 00:04:46.520,0.87409,0.87423
2013.03.13 00:04:46.589,0.8741,0.87423
2013.03.13 00:04:46.830,0.87412,0.87426
2013.03.13 00:04:47.249,0.87414,0.8743
2013.03.13 00:04:47.430,0.87414,0.87433
2013.03.13 00:04:47.500,0.87416,0.87432
2013.03.13 00:04:47.810,0.87417,0.87432
2013.03.13 00:04:48.119,0.87419,0.87433
2013.03.13 00:04:48.542,0.87423,0.87437
2013.03.13 00:04:49.048,0.87423,0.87437
2013.03.13 00:04:49.895,0.87423,0.87441
2013.03.13 00:04:53.098,0.87423,0.87441
2013.03.13 00:04:58.619,0.87423,0.87441
2013.03.13 00:04:59.280,0.87425,0.87441
2013.03.13 00:04:59.949,0.87423,0.87437
2013.03.13 00:05:05.199,0.87423,0.87437
2013.03.13 00:05:10.462,0.87423,0.87437
2013.03.13 00:05:12.449,0.87423,0.87435
2013.03.13 00:05:14.339,0.87421,0.87435
2013.03.13 00:05:14.902,0.87419,0.87435
2013.03.13 00:05:15.450,0.87417,0.87431
2013.03.13 00:05:17.169,0.87416,0.87428
2013.03.13 00:05:17.290,0.87415,0.87427
2013.03.13 00:05:17.839,0.87415,0.87427
2013.03.13 00:05:18.200,0.87414,0.87427
2013.03.13 00:05:18.388,0.87414,0.87427
2013.03.13 00:05:21.070,0.87413,0.87427
2013.03.13 00:05:22.879,0.87413,0.87423
2013.03.13 00:05:22.938,0.87411,0.87423
2013.03.13 00:05:22.999,0.8741,0.87423
2013.03.13 00:05:23.240,0.87407,0.8742
2013.03.13 00:05:23.358,0.87406,0.8742
2013.03.13 00:05:27.429,0.87405,0.8742
2013.03.13 00:05:27.742,0.87403,0.87418
2013.03.13 00:05:28.519,0.87405,0.8742
2013.03.13 00:05:32.170,0.87405,0.8742
2013.03.13 00:05:41.718,0.87404,0.87418
2013.03.13 00:05:43.048,0.87404,0.87418
2013.03.13 00:05:47.159,0.87403,0.87413
2013.03.13 00:05:47.709,0.87402,0.87412
2013.03.13 00:05:53.179,0.874,0.87412
2013.03.13 00:05:53.782,0.87402,0.87412
2013.03.13 00:06:00.558,0.874,0.87412
2013.03.13 00:06:01.196,0.87402,0.87413
2013.03.13 00:06:02.437,0.87401,0.87412
2013.03.13 00:06:02.741,0.87402,0.87417
2013.03.13 00:06:02.928,0.87404,0.87417
2013.03.13 00:06:03.289,0.87404,0.87417
2013.03.13 00:06:09.269,0.87404,0.87417
2013.03.13 00:06:25.181,0.87404,0.87418
2013.03.13 00:06:26.080,0.87405,0.87418
2013.03.13 00:06:28.023,0.87405,0.87418
2013.03.13 00:06:30.800,0.87403,0.87418
2013.03.13 00:06:40.249,0.87404,0.87418
2013.03.13 00:06:44.939,0.87404,0.87417
2013.03.13 00:06:46.621,0.87404,0.87418
2013.03.13 00:06:51.970,0.87405,0.87419
2013.03.13 00:07:03.690,0.87406,0.8742
2013.03.13 00:07:03.943,0.87407,0.87424
2013.03.13 00:07:04.141,0.8741,0.87427
2013.03.13 00:07:04.510,0.87412,0.87427
2013.03.13 00:07:05.990,0.87414,0.87428
2013.03.13 00:07:08.461,0.87416,0.8743
2013.03.13 00:07:09.009,0.87416,0.87428
2013.03.13 00:07:14.927,0.87416,0.87427
2013.03.13 00:07:29.789,0.87414,0.87427
2013.03.13 00:08:04.222,0.87415,0.87425
2013.03.13 00:08:05.090,0.87417,0.87428
2013.03.13 00:08:05.340,0.87416,0.87428
2013.03.13 00:08:05.470,0.87416,0.8743
2013.03.13 00:08:24.490,0.87416,0.87428
2013.03.13 00:08:24.849,0.87416,0.87427
2013.03.13 00:08:24.969,0.87416,0.87426
2013.03.13 00:08:30.619,0.87414,0.87426
2013.03.13 00:08:30.928,0.87412,0.87423
2013.03.13 00:08:44.489,0.87412,0.87425
2013.03.13 00:08:47.890,0.87412,0.87422
2013.03.13 00:08:49.525,0.87412,0.87425
2013.03.13 00:08:50.079,0.87411,0.87425
2013.03.13 00:08:50.260,0.87411,0.87425
2013.03.13 00:08:50.747,0.87411,0.87425
2013.03.13 00:09:01.340,0.87411,0.87423
2013.03.13 00:09:02.329,0.87411,0.87423
2013.03.13 00:09:08.759,0.87411,0.87423
2013.03.13 00:09:12.000,0.87411,0.87425
2013.03.13 00:09:13.040,0.87411,0.87425
2013.03.13 00:09:16.960,0.87413,0.87425
2013.03.13 00:09:17.439,0.87414,0.87424
2013.03.13 00:09:17.621,0.87413,0.87424
2013.03.13 00:09:17.690,0.87413,0.87424
2013.03.13 00:09:17.990,0.87413,0.87426
2013.03.13 00:09:18.110,0.87413,0.87426
2013.03.13 00:09:18.180,0.87413,0.87424
2013.03.13 00:09:26.669,0.87415,0.87425
2013.03.13 00:09:30.019,0.87414,0.87425
2013.03.13 00:09:35.585,0.87412,0.87425
2013.03.13 00:09:37.069,0.87412,0.87425
2013.03.13 00:09:47.621,0.87415,0.87424
2013.03.13 00:09:48.532,0.87411,0.87424
2013.03.13 00:09:48.722,0.87411,0.87424
2013.03.13 00:09:49.149,0.87411,0.87424
2013.03.13 00:09:54.369,0.87411,0.87423
2013.03.13 00:09:57.014,0.87411,0.87424
2013.03.13 00:09:58.839,0.87411,0.87424
2013.03.13 00:09:59.379,0.87411,0.87425
2013.03.13 00:09:59.889,0.87414,0.87426
2013.03.13 00:10:03.810,0.87414,0.87426
2013.03.13 00:10:04.963,0.87415,0.87426
2013.03.13 00:10:05.489,0.87414,0.87426
2013.03.13 00:10:06.432,0.87414,0.87425
2013.03.13 00:10:07.981,0.87414,0.87425
2013.03.13 00:10:09.619,0.87414,0.87425
2013.03.13 00:10:10.169,0.87414,0.87425
2013.03.13 00:10:11.569,0.87414,0.87425
2013.03.13 00:10:14.043,0.87413,0.87425
2013.03.13 00:10:16.033,0.87414,0.87425
2013.03.13 00:10:16.582,0.87415,0.87423
2013.03.13 00:10:16.909,0.87413,0.87422
2013.03.13 00:10:17.499,0.87413,0.87422
2013.03.13 00:10:28.029,0.87409,0.87422
2013.03.13 00:10:38.339,0.87409,0.8742
2013.03.13 00:10:43.282,0.87409,0.87423
2013.03.13 00:10:43.352,0.87411,0.87423
2013.03.13 00:10:43.864,0.87412,0.87423
2013.03.13 00:10:45.093,0.87412,0.87424
2013.03.13 00:10:45.649,0.87412,0.87425
2013.03.13 00:11:04.631,0.87415,0.87426
2013.03.13 00:11:06.094,0.87415,0.87426
2013.03.13 00:11:07.689,0.87415,0.87426
2013.03.13 00:11:14.461,0.87416,0.87428
2013.03.13 00:11:16.049,0.87416,0.87428
2013.03.13 00:11:34.740,0.87415,0.87427
2013.03.13 00:11:35.879,0.87416,0.8743
2013.03.13 00:11:36.119,0.87418,0.87433
2013.03.13 00:11:36.240,0.87416,0.8743
2013.03.13 00:11:36.419,0.87416,0.8743
2013.03.13 00:11:55.779,0.87418,0.8743
2013.03.13 00:12:04.910,0.87418,0.8743
2013.03.13 00:12:17.359,0.87419,0.8743
2013.03.13 00:12:30.105,0.87419,0.8743
2013.03.13 00:12:34.826,0.87418,0.8743
2013.03.13 00:12:53.979,0.8742,0.8743
2013.03.13 00:13:02.704,0.87421,0.87434
2013.03.13 00:13:02.829,0.87421,0.87436
2013.03.13 00:13:03.250,0.87423,0.87436
2013.03.13 00:13:03.789,0.87423,0.87436
2013.03.13 00:13:12.771,0.87424,0.87437
2013.03.13 00:13:13.319,0.87424,0.87437
2013.03.13 00:13:14.006,0.87424,0.87437
2013.03.13 00:13:14.800,0.87423,0.87437
2013.03.13 00:13:15.309,0.87424,0.87437
2013.03.13 00:13:15.440,0.87425,0.87437
2013.03.13 00:13:29.433,0.87427,0.8744
2013.03.13 00:13:29.741,0.87428,0.87441
2013.03.13 00:13:30.050,0.8743,0.87441
2013.03.13 00:13:32.720,0.87431,0.87441
2013.03.13 00:13:49.700,0.8743,0.87444
2013.03.13 00:13:50.691,0.87431,0.87444
2013.03.13 00:14:05.206,0.87429,0.87445
2013.03.13 00:14:12.682,0.87431,0.87444
2013.03.13 00:14:13.792,0.87429,0.87444
2013.03.13 00:14:18.789,0.87429,0.87444
2013.03.13 00:14:24.471,0.87429,0.87442
2013.03.13 00:14:25.074,0.87429,0.87442
2013.03.13 00:14:25.149,0.87428,0.8744
2013.03.13 00:14:30.169,0.87427,0.8744
2013.03.13 00:14:30.754,0.87427,0.8744
2013.03.13 00:14:32.719,0.87427,0.87439
2013.03.13 00:14:33.819,0.87429,0.87442
2013.03.13 00:14:34.520,0.87429,0.87442
2013.03.13 00:14:35.390,0.87429,0.87442
2013.03.13 00:14:39.129,0.87429,0.87442
2013.03.13 00:14:39.660,0.87426,0.87438
2013.03.13 00:14:39.780,0.87423,0.87437
2013.03.13 00:14:40.019,0.8742,0.87436
2013.03.13 00:14:40.440,0.87419,0.87435
2013.03.13 00:14:40.560,0.87418,0.87434
2013.03.13 00:14:41.832,0.87418,0.87433
2013.03.13 00:14:43.936,0.87418,0.87432
2013.03.13 00:14:44.061,0.87418,0.87431
2013.03.13 00:14:44.783,0.87416,0.8743
2013.03.13 00:14:44.875,0.87412,0.87429
2013.03.13 00:14:51.192,0.87414,0.87429
2013.03.13 00:14:51.749,0.87414,0.87427
2013.03.13 00:14:54.419,0.87414,0.87431
2013.03.13 00:14:55.650,0.87415,0.87431
2013.03.13 00:14:58.371,0.87418,0.87434
2013.03.13 00:14:59.671,0.87416,0.87432
2013.03.13 00:15:00.810,0.87416,0.87432
2013.03.13 00:15:05.310,0.87416,0.87432
2013.03.13 00:15:11.889,0.87416,0.87432
2013.03.13 00:15:19.889,0.87417,0.87433
2013.03.13 00:15:20.412,0.87418,0.87433
2013.03.13 00:15:20.962,0.87419,0.8743
2013.03.13 00:15:22.001,0.87417,0.8743
2013.03.13 00:15:27.251,0.87417,0.8743
2013.03.13 00:15:28.322,0.87418,0.87431
2013.03.13 00:15:29.825,0.87417,0.87431
2013.03.13 00:15:35.079,0.87417,0.87431
2013.03.13 00:15:38.362,0.87417,0.87432
2013.03.13 00:15:38.432,0.87419,0.87433
2013.03.13 00:15:38.560,0.87418,0.87433
2013.03.13 00:15:38.891,0.87418,0.87433
2013.03.13 00:15:44.929,0.87418,0.87432
2013.03.13 00:15:47.458,0.87418,0.87432
2013.03.13 00:15:48.000,0.87414,0.8743
2013.03.13 00:15:58.321,0.87414,0.8743
2013.03.13 00:16:05.141,0.87414,0.87429
2013.03.13 00:16:06.639,0.87414,0.87429
2013.03.13 00:16:13.573,0.87412,0.87426
2013.03.13 00:16:13.891,0.87408,0.87423
2013.03.13 00:16:15.821,0.87408,0.87424
2013.03.13 00:16:17.792,0.87411,0.87427
2013.03.13 00:16:19.450,0.8741,0.87426
2013.03.13 00:16:31.560,0.8741,0.87424
2013.03.13 00:16:31.681,0.87408,0.87423
2013.03.13 00:16:39.800,0.87407,0.87423
2013.03.13 00:16:47.295,0.87409,0.87425
2013.03.13 00:17:00.701,0.87408,0.87423
2013.03.13 00:17:01.319,0.8741,0.87425
2013.03.13 00:17:02.150,0.87412,0.87426
2013.03.13 00:17:11.320,0.8741,0.87425
2013.03.13 00:17:14.502,0.8741,0.87423
2013.03.13 00:17:56.909,0.8741,0.87426
2013.03.13 00:17:57.279,0.87409,0.87425
2013.03.13 00:18:13.969,0.87409,0.87425
2013.03.13 00:18:16.190,0.87409,0.87425
2013.03.13 00:18:18.160,0.87406,0.87424
2013.03.13 00:18:20.786,0.87408,0.87423
2013.03.13 00:18:22.560,0.87408,0.87423
2013.03.13 00:18:46.731,0.87408,0.87423
2013.03.13 00:18:47.037,0.87408,0.87422
2013.03.13 00:18:47.173,0.87405,0.87422
2013.03.13 00:18:47.302,0.87407,0.8742
2013.03.13 00:18:47.562,0.87408,0.87424
2013.03.13 00:18:48.113,0.87408,0.87424
2013.03.13 00:18:50.411,0.87408,0.87424
2013.03.13 00:18:59.282,0.87407,0.87422
2013.03.13 00:19:02.101,0.87408,0.87424
2013.03.13 00:19:15.626,0.87408,0.87423
2013.03.13 00:19:18.570,0.87409,0.87423
2013.03.13 00:19:28.221,0.8741,0.87426
2013.03.13 00:19:37.182,0.8741,0.87426
2013.03.13 00:19:39.401,0.8741,0.87426
2013.03.13 00:19:39.721,0.87412,0.87426
2013.03.13 00:19:40.269,0.87414,0.87429
2013.03.13 00:19:40.630,0.87413,0.87429
2013.03.13 00:19:40.990,0.87413,0.87428
2013.03.13 00:19:41.051,0.87413,0.87428
2013.03.13 00:19:41.720,0.87409,0.87425
2013.03.13 00:19:49.981,0.87409,0.87423
2013.03.13 00:19:51.182,0.87409,0.87423
2013.03.13 00:19:53.048,0.87409,0.87425
2013.03.13 00:19:54.730,0.8741,0.87428
2013.03.13 00:19:55.380,0.8741,0.87428
2013.03.13 00:19:57.051,0.8741,0.87426
2013.03.13 00:20:00.621,0.8741,0.87426
2013.03.13 00:20:02.761,0.87409,0.87425
2013.03.13 00:20:11.311,0.87409,0.87425
2013.03.13 00:20:13.073,0.87409,0.87425
2013.03.13 00:20:13.841,0.8741,0.87424
2013.03.13 00:20:33.312,0.87408,0.87423
2013.03.13 00:20:48.491,0.87409,0.87423
2013.03.13 00:20:52.972,0.87411,0.87425
2013.03.13 00:20:54.272,0.87408,0.87423
2013.03.13 00:20:54.774,0.87407,0.8742
2013.03.13 00:20:58.261,0.87407,0.87423
2013.03.13 00:21:03.441,0.87407,0.87421
2013.03.13 00:21:04.461,0.8741,0.87425
2013.03.13 00:21:05.381,0.8741,0.87426
2013.03.13 00:21:12.535,0.8741,0.87426
2013.03.13 00:21:13.081,0.8741,0.87426
2013.03.13 00:21:18.897,0.8741,0.87426
2013.03.13 00:21:23.140,0.8741,0.87426
2013.03.13 00:21:30.240,0.8741,0.87426
2013.03.13 00:21:33.581,0.8741,0.87428
2013.03.13 00:21:34.098,0.87412,0.87428
2013.03.13 00:21:37.620,0.87412,0.87425
2013.03.13 00:21:39.551,0.87412,0.87427
2013.03.13 00:21:42.340,0.87412,0.87426
2013.03.13 00:21:54.010,0.87412,0.87427
2013.03.13 00:21:54.251,0.87415,0.87429
2013.03.13 00:21:54.492,0.87415,0.87429
2013.03.13 00:22:25.470,0.87414,0.8743
2013.03.13 00:22:27.657,0.87414,0.8743
2013.03.13 00:22:29.482,0.87415,0.8743
2013.03.13 00:22:29.781,0.87418,0.87432
2013.03.13 00:22:30.140,0.87421,0.87435
2013.03.13 00:22:31.110,0.87421,0.87435
2013.03.13 00:22:35.720,0.87421,0.87435
2013.03.13 00:22:37.511,0.87421,0.87435
2013.03.13 00:22:39.670,0.87419,0.87435
2013.03.13 00:22:45.293,0.87419,0.87432
2013.03.13 00:22:45.426,0.87416,0.87429
2013.03.13 00:22:47.953,0.87415,0.87428
2013.03.13 00:22:52.341,0.87416,0.87429
2013.03.13 00:22:54.101,0.87417,0.87431
2013.03.13 00:22:55.641,0.87417,0.87431
2013.03.13 00:23:02.022,0.87416,0.87431
2013.03.13 00:23:06.521,0.87417,0.87431
2013.03.13 00:23:09.393,0.87417,0.87432
2013.03.13 00:23:09.521,0.87418,0.87431
2013.03.13 00:23:09.592,0.87418,0.87431
2013.03.13 00:23:09.723,0.87421,0.87434
2013.03.13 00:23:11.505,0.87421,0.87434
2013.03.13 00:23:15.681,0.87421,0.87434
2013.03.13 00:23:17.111,0.87416,0.8743
2013.03.13 00:23:17.420,0.87416,0.87429
2013.03.13 00:23:18.312,0.87416,0.87429
2013.03.13 00:23:19.631,0.87411,0.87427
2013.03.13 00:23:21.171,0.87411,0.87427
2013.03.13 00:23:22.275,0.87412,0.87429
2013.03.13 00:23:22.581,0.87412,0.8743
2013.03.13 00:23:22.702,0.87412,0.8743
2013.03.13 00:23:22.952,0.87415,0.87432
2013.03.13 00:23:23.260,0.87415,0.87432
2013.03.13 00:23:25.911,0.87418,0.87432
2013.03.13 00:23:26.352,0.87417,0.87431
2013.03.13 00:23:27.122,0.87413,0.87429
2013.03.13 00:23:27.601,0.87411,0.87425
2013.03.13 00:23:31.570,0.8741,0.87425
2013.03.13 00:23:34.852,0.8741,0.87424
2013.03.13 00:23:35.942,0.87411,0.87424
2013.03.13 00:23:37.225,0.87413,0.87429
2013.03.13 00:23:37.760,0.87414,0.87429
2013.03.13 00:23:41.922,0.87414,0.8743
2013.03.13 00:23:43.232,0.87412,0.87429
2013.03.13 00:24:05.851,0.87412,0.87425
2013.03.13 00:24:17.304,0.87412,0.87424
2013.03.13 00:24:32.271,0.87411,0.87424
2013.03.13 00:24:34.343,0.87414,0.87428
2013.03.13 00:24:34.771,0.87409,0.87423
2013.03.13 00:24:34.891,0.87412,0.87426
2013.03.13 00:24:35.013,0.87412,0.87428
2013.03.13 00:24:39.291,0.87413,0.87429
2013.03.13 00:24:47.331,0.87414,0.87429
2013.03.13 00:24:49.187,0.87416,0.87429
2013.03.13 00:24:50.719,0.87416,0.8743
2013.03.13 00:24:55.381,0.87416,0.87429
2013.03.13 00:24:59.012,0.87416,0.8743
2013.03.13 00:25:11.570,0.87417,0.8743
2013.03.13 00:25:25.049,0.87417,0.8743
2013.03.13 00:25:27.798,0.87417,0.8743
2013.03.13 00:25:32.670,0.87417,0.8743
2013.03.13 00:25:40.931,0.87416,0.87429
2013.03.13 00:25:50.150,0.87416,0.87429
2013.03.13 00:26:04.662,0.87416,0.87431
2013.03.13 00:26:15.560,0.87417,0.87432
2013.03.13 00:26:18.090,0.87417,0.8743
2013.03.13 00:26:44.130,0.87417,0.87432
2013.03.13 00:26:49.514,0.87417,0.8743
2013.03.13 00:27:09.231,0.87417,0.87432
2013.03.13 00:27:14.461,0.87416,0.87434
2013.03.13 00:27:25.171,0.87417,0.87435
2013.03.13 00:27:25.531,0.8742,0.87435
2013.03.13 00:27:25.962,0.87423,0.87437
2013.03.13 00:27:33.529,0.87425,0.87441
2013.03.13 00:27:37.300,0.87425,0.87441
2013.03.13 00:27:52.888,0.87425,0.8744
2013.03.13 00:27:54.991,0.87424,0.87437
2013.03.13 00:27:55.351,0.87424,0.87437
2013.03.13 00:27:57.011,0.87423,0.87437
2013.03.13 00:27:58.681,0.87422,0.87437
2013.03.13 00:28:00.211,0.87422,0.87435
2013.03.13 00:28:00.941,0.87422,0.87435
2013.03.13 00:28:01.721,0.87422,0.87435
2013.03.13 00:28:02.231,0.87422,0.87435
2013.03.13 00:28:03.132,0.87422,0.87435
2013.03.13 00:28:03.672,0.87422,0.87435
2013.03.13 00:28:13.911,0.87422,0.87435
2013.03.13 00:28:21.971,0.87422,0.87435
2013.03.13 00:28:30.550,0.87422,0.87435
2013.03.13 00:28:30.730,0.87422,0.87435
2013.03.13 00:28:46.021,0.87421,0.87435
2013.03.13 00:28:49.098,0.87422,0.87435
2013.03.13 00:28:51.022,0.87422,0.87433
2013.03.13 00:28:51.561,0.87416,0.8743
2013.03.13 00:28:51.689,0.87416,0.8743
2013.03.13 00:28:53.712,0.87414,0.87429
2013.03.13 00:28:54.291,0.87414,0.87429
2013.03.13 00:29:02.201,0.87414,0.87429
2013.03.13 00:29:02.321,0.87414,0.87427
2013.03.13 00:29:03.952,0.87412,0.87425
2013.03.13 00:29:11.887,0.87413,0.87428
2013.03.13 00:29:12.201,0.87413,0.87428
2013.03.13 00:29:13.021,0.87413,0.87428
2013.03.13 00:29:16.382,0.87414,0.87429
2013.03.13 00:29:16.722,0.87416,0.8743
2013.03.13 00:29:17.261,0.87415,0.87429
2013.03.13 00:29:22.472,0.87417,0.87432
2013.03.13 00:29:32.252,0.87419,0.87432
2013.03.13 00:29:34.221,0.87419,0.87432
2013.03.13 00:29:34.354,0.87415,0.87429
2013.03.13 00:29:34.541,0.87415,0.87429
2013.03.13 00:29:34.842,0.87415,0.87429
2013.03.13 00:29:35.022,0.87415,0.87429
2013.03.13 00:29:36.411,0.87415,0.87429
2013.03.13 00:29:38.390,0.87415,0.87429
2013.03.13 00:29:48.091,0.87415,0.87428
2013.03.13 00:29:48.650,0.87414,0.87427
2013.03.13 00:30:00.812,0.87414,0.87429
2013.03.13 00:30:01.352,0.87416,0.8743
2013.03.13 00:30:05.958,0.87416,0.87431
2013.03.13 00:30:06.082,0.87416,0.87431
2013.03.13 00:30:06.683,0.87417,0.87431
2013.03.13 00:30:08.500,0.87418,0.87431
2013.03.13 00:30:10.062,0.87416,0.87431
2013.03.13 00:30:11.142,0.87419,0.87434
2013.03.13 00:30:11.504,0.87419,0.87434
2013.03.13 00:30:11.883,0.87419,0.87434
2013.03.13 00:30:12.024,0.8742,0.87437
2013.03.13 00:30:12.212,0.87422,0.8744
2013.03.13 00:30:12.392,0.87425,0.87444
2013.03.13 00:30:12.512,0.87427,0.87445
2013.03.13 00:30:12.695,0.87427,0.87445
2013.03.13 00:30:13.011,0.87427,0.87445
2013.03.13 00:30:13.321,0.87428,0.87447
2013.03.13 00:30:14.512,0.87432,0.87446
2013.03.13 00:30:16.101,0.87432,0.87447
2013.03.13 00:30:22.472,0.87433,0.87447
2013.03.13 00:30:23.022,0.87433,0.87448
2013.03.13 00:30:23.591,0.87434,0.87448
2013.03.13 00:30:24.099,0.87434,0.87448
2013.03.13 00:30:36.511,0.87432,0.87449
2013.03.13 00:30:40.734,0.87435,0.87449
2013.03.13 00:30:41.281,0.8743,0.87448
2013.03.13 00:30:49.422,0.87429,0.87445
2013.03.13 00:30:49.541,0.87429,0.87443
2013.03.13 00:30:54.601,0.87429,0.87443
2013.03.13 00:31:04.445,0.8743,0.87444
2013.03.13 00:31:06.111,0.87431,0.87444
2013.03.13 00:31:10.442,0.8743,0.87448
2013.03.13 00:31:16.971,0.8743,0.87445
2013.03.13 00:31:23.041,0.87428,0.87443
2013.03.13 00:31:34.996,0.87429,0.87445
2013.03.13 00:31:36.602,0.87432,0.87444
2013.03.13 00:31:36.742,0.87428,0.87442
2013.03.13 00:31:38.732,0.87428,0.87442
2013.03.13 00:31:40.321,0.87427,0.87442
2013.03.13 00:31:43.922,0.87427,0.87441
2013.03.13 00:31:44.596,0.87427,0.87438
2013.03.13 00:31:44.973,0.87423,0.87439
2013.03.13 00:31:45.042,0.87423,0.87439
2013.03.13 00:31:45.400,0.87423,0.87439
2013.03.13 00:31:45.701,0.87423,0.87439
2013.03.13 00:31:47.883,0.87421,0.87436
2013.03.13 00:31:48.892,0.87421,0.87435
2013.03.13 00:31:49.634,0.87424,0.87436
2013.03.13 00:31:51.016,0.87422,0.87438
2013.03.13 00:31:51.088,0.87425,0.87441
2013.03.13 00:31:52.522,0.87425,0.87441
2013.03.13 00:31:54.714,0.87425,0.87439
2013.03.13 00:31:54.903,0.87423,0.87439
2013.03.13 00:31:58.247,0.87424,0.87442
2013.03.13 00:31:58.495,0.87427,0.87441
2013.03.13 00:31:59.588,0.87427,0.87441
2013.03.13 00:32:00.203,0.87427,0.87442
2013.03.13 00:32:03.813,0.87427,0.8744
2013.03.13 00:32:09.113,0.87425,0.8744
2013.03.13 00:32:11.312,0.87423,0.87436
2013.03.13 00:32:11.566,0.87422,0.87436
2013.03.13 00:32:13.573,0.87424,0.87437
2013.03.13 00:32:13.883,0.87426,0.8744
2013.03.13 00:32:14.532,0.87427,0.87441
2013.03.13 00:32:14.622,0.87427,0.8744
2013.03.13 00:32:15.473,0.87427,0.87441
2013.03.13 00:32:16.432,0.87427,0.87442
2013.03.13 00:32:16.752,0.87429,0.87443
2013.03.13 00:32:16.883,0.87429,0.87444
2013.03.13 00:32:17.193,0.87431,0.87444
2013.03.13 00:32:17.512,0.87433,0.87446
2013.03.13 00:32:18.051,0.87435,0.87448
2013.03.13 00:32:18.652,0.87434,0.87449
2013.03.13 00:32:21.021,0.87434,0.87448
2013.03.13 00:32:22.543,0.87434,0.87447
2013.03.13 00:32:23.052,0.87434,0.87447
2013.03.13 00:32:24.173,0.87434,0.87447
2013.03.13 00:32:26.422,0.87434,0.87448
2013.03.13 00:32:28.764,0.87433,0.87448
2013.03.13 00:32:29.073,0.87433,0.87446
2013.03.13 00:32:29.621,0.87429,0.87445
2013.03.13 00:32:30.132,0.8743,0.87444
2013.03.13 00:32:30.253,0.8743,0.87443
2013.03.13 00:32:30.684,0.8743,0.87444
2013.03.13 00:32:31.362,0.87428,0.87443
2013.03.13 00:32:31.541,0.87427,0.87441
2013.03.13 00:32:31.661,0.87424,0.8744
2013.03.13 00:32:32.212,0.87423,0.8744
2013.03.13 00:32:32.572,0.87423,0.8744
2013.03.13 00:32:38.662,0.87424,0.87438
2013.03.13 00:32:38.842,0.87424,0.87437
2013.03.13 00:32:38.963,0.87423,0.8744
2013.03.13 00:32:40.422,0.87425,0.87441
2013.03.13 00:32:40.963,0.87424,0.87439
2013.03.13 00:32:41.592,0.87423,0.87438
2013.03.13 00:32:44.524,0.87421,0.87436
2013.03.13 00:32:44.853,0.87418,0.87433
2013.03.13 00:32:44.983,0.87418,0.87432
2013.03.13 00:32:45.171,0.87418,0.87432
2013.03.13 00:32:45.473,0.87418,0.87433
2013.03.13 00:32:45.722,0.87418,0.87434
2013.03.13 00:32:45.963,0.87418,0.87434
2013.03.13 00:32:46.846,0.87423,0.87436
2013.03.13 00:32:47.362,0.87423,0.87436
2013.03.13 00:32:56.046,0.87423,0.87436
2013.03.13 00:33:01.471,0.87424,0.87439
2013.03.13 00:33:02.820,0.87424,0.87439
2013.03.13 00:33:03.879,0.87424,0.87439
2013.03.13 00:33:04.122,0.87427,0.87441
2013.03.13 00:33:04.482,0.87428,0.87442
2013.03.13 00:33:05.022,0.8743,0.87445
2013.03.13 00:33:05.082,0.8743,0.87445
2013.03.13 00:33:06.352,0.87431,0.87445
2013.03.13 00:33:06.412,0.87431,0.87445
2013.03.13 00:33:06.951,0.87432,0.87449
2013.03.13 00:33:10.324,0.87431,0.87444
2013.03.13 00:33:13.605,0.87427,0.87445
2013.03.13 00:33:14.521,0.87427,0.87445
2013.03.13 00:33:16.383,0.87424,0.87442
2013.03.13 00:33:16.804,0.87424,0.8744
2013.03.13 00:33:17.134,0.87424,0.87439
2013.03.13 00:33:17.201,0.87424,0.87439
2013.03.13 00:33:20.191,0.87423,0.87436
2013.03.13 00:33:22.654,0.87424,0.87439
2013.03.13 00:33:23.312,0.87427,0.87439
2013.03.13 00:33:23.385,0.87428,0.87442
2013.03.13 00:33:23.514,0.87428,0.87442
2013.03.13 00:33:23.824,0.87429,0.87444
2013.03.13 00:33:25.033,0.87428,0.87443
2013.03.13 00:33:28.913,0.87427,0.87442
2013.03.13 00:33:30.021,0.87425,0.87441
2013.03.13 00:33:30.561,0.87422,0.87437
2013.03.13 00:33:34.551,0.87424,0.8744
2013.03.13 00:33:35.194,0.87425,0.8744
2013.03.13 00:33:35.322,0.87425,0.87441
2013.03.13 00:33:35.513,0.87425,0.87441
2013.03.13 00:33:37.159,0.87422,0.87436
2013.03.13 00:33:37.702,0.87421,0.87436
2013.03.13 00:33:38.020,0.87421,0.87436
2013.03.13 00:33:44.806,0.8742,0.87435
2013.03.13 00:33:44.932,0.87422,0.87438
2013.03.13 00:33:45.173,0.87421,0.87436
2013.03.13 00:33:45.297,0.87421,0.87436
2013.03.13 00:33:49.589,0.87421,0.87436
2013.03.13 00:33:50.016,0.87422,0.87438
2013.03.13 00:33:50.263,0.87422,0.87438
2013.03.13 00:33:52.711,0.87422,0.87437
2013.03.13 00:33:53.751,0.87423,0.87437
2013.03.13 00:33:54.152,0.87423,0.87433
2013.03.13 00:33:54.214,0.87416,0.87431
2013.03.13 00:33:54.281,0.87416,0.87427
2013.03.13 00:33:54.402,0.87416,0.87427
2013.03.13 00:33:54.584,0.87408,0.87422
2013.03.13 00:33:54.653,0.87407,0.87422
2013.03.13 00:33:54.903,0.87403,0.8742
2013.03.13 00:33:54.973,0.87403,0.8742
2013.03.13 00:33:55.042,0.874,0.87418
2013.03.13 00:33:55.343,0.874,0.87415
2013.03.13 00:33:55.901,0.87402,0.87418
2013.03.13 00:33:56.273,0.87402,0.87416
2013.03.13 00:33:57.837,0.874,0.87415
2013.03.13 00:33:57.907,0.87399,0.87413
2013.03.13 00:33:58.033,0.87398,0.87411
2013.03.13 00:33:58.584,0.87396,0.87412
2013.03.13 00:33:58.834,0.87397,0.87414
2013.03.13 00:34:00.076,0.874,0.87414
2013.03.13 00:34:01.182,0.87401,0.87414
2013.03.13 00:34:01.482,0.87401,0.87415
2013.03.13 00:34:06.592,0.87401,0.87416
2013.03.13 00:34:07.133,0.87404,0.87418
2013.03.13 00:34:07.441,0.87405,0.87421
2013.03.13 00:34:07.802,0.87405,0.87421
2013.03.13 00:34:08.113,0.87405,0.87421
2013.03.13 00:34:08.476,0.87405,0.8742
2013.03.13 00:34:08.964,0.87405,0.87419
2013.03.13 00:34:09.474,0.87405,0.87419
2013.03.13 00:34:10.352,0.87406,0.87421
2013.03.13 00:34:10.722,0.87406,0.8742
2013.03.13 00:34:10.902,0.87406,0.8742
2013.03.13 00:34:12.872,0.87402,0.87418
2013.03.13 00:34:14.722,0.87403,0.87418
2013.03.13 00:34:16.452,0.87405,0.87418
2013.03.13 00:34:16.992,0.87404,0.87418
2013.03.13 00:34:20.453,0.87405,0.87419
2013.03.13 00:34:20.664,0.87405,0.8742
2013.03.13 00:34:20.733,0.87405,0.87421
2013.03.13 00:34:20.983,0.87411,0.87425
2013.03.13 00:34:21.162,0.87413,0.87425
2013.03.13 00:34:21.772,0.87407,0.87422
2013.03.13 00:34:23.254,0.87407,0.87422
2013.03.13 00:34:27.388,0.87404,0.87421
2013.03.13 00:34:27.693,0.87402,0.8742
2013.03.13 00:34:27.757,0.87402,0.87417
2013.03.13 00:34:28.274,0.87402,0.87416
2013.03.13 00:34:28.584,0.87399,0.87415
2013.03.13 00:34:29.701,0.87397,0.87415
2013.03.13 00:34:30.613,0.87397,0.87413
2013.03.13 00:34:30.672,0.87397,0.87412
2013.03.13 00:34:30.922,0.87397,0.87411
2013.03.13 00:34:35.784,0.87395,0.87411
2013.03.13 00:34:36.295,0.87395,0.87409
2013.03.13 00:34:38.161,0.87396,0.87411
2013.03.13 00:34:38.810,0.87397,0.87411
2013.03.13 00:34:39.633,0.874,0.87411
2013.03.13 00:34:39.882,0.874,0.87414
2013.03.13 00:34:45.776,0.87401,0.87414
2013.03.13 00:34:51.694,0.87397,0.87413
2013.03.13 00:34:52.062,0.87401,0.87414
2013.03.13 00:34:55.352,0.87401,0.87414
2013.03.13 00:35:02.663,0.87402,0.87414
2013.03.13 00:35:04.955,0.87401,0.87414
2013.03.13 00:35:05.512,0.874,0.87416
2013.03.13 00:35:06.062,0.874,0.87415
2013.03.13 00:35:08.122,0.87401,0.87415
2013.03.13 00:35:10.223,0.87395,0.87412
2013.03.13 00:35:10.857,0.87393,0.87411
2013.03.13 00:35:10.927,0.87391,0.87405
2013.03.13 00:35:13.432,0.87396,0.87407
2013.03.13 00:35:13.492,0.87397,0.87409
2013.03.13 00:35:13.672,0.87397,0.87409
2013.03.13 00:35:13.973,0.87397,0.8741
2013.03.13 00:35:14.564,0.87397,0.87409
2013.03.13 00:35:16.923,0.87394,0.87408
2013.03.13 00:35:25.911,0.87394,0.87408
2013.03.13 00:35:26.360,0.87394,0.87408
2013.03.13 00:35:31.632,0.8739,0.87408
2013.03.13 00:35:31.933,0.8739,0.87407
2013.03.13 00:35:33.084,0.87393,0.87406
2013.03.13 00:35:33.307,0.87394,0.87409
2013.03.13 00:35:33.852,0.87393,0.87409
2013.03.13 00:35:40.725,0.87393,0.87408
2013.03.13 00:35:41.274,0.87393,0.87408
2013.03.13 00:35:50.012,0.87394,0.87412
2013.03.13 00:35:56.602,0.87396,0.8741
2013.03.13 00:36:01.694,0.87391,0.87408
2013.03.13 00:36:02.236,0.87391,0.87407
2013.03.13 00:36:04.012,0.87391,0.87408
2013.03.13 00:36:04.832,0.87396,0.87408
2013.03.13 00:36:21.391,0.87395,0.87408
2013.03.13 00:36:28.531,0.87396,0.8741
2013.03.13 00:36:49.453,0.87395,0.87408
2013.03.13 00:36:51.452,0.87392,0.87406
2013.03.13 00:36:51.762,0.87393,0.87408
2013.03.13 00:36:55.413,0.87392,0.87407
2013.03.13 00:37:00.206,0.87389,0.87403
2013.03.13 00:37:01.092,0.87389,0.87401
2013.03.13 00:37:01.996,0.87384,0.87401
2013.03.13 00:37:02.556,0.87388,0.87404
2013.03.13 00:37:03.412,0.87388,0.87404
2013.03.13 00:37:04.015,0.8739,0.87405
2013.03.13 00:37:05.962,0.87389,0.87405
2013.03.13 00:37:07.683,0.87392,0.87407
2013.03.13 00:37:07.742,0.87393,0.87407
2013.03.13 00:37:08.283,0.8739,0.87405
2013.03.13 00:37:09.004,0.87392,0.87408
2013.03.13 00:37:09.552,0.87392,0.87408
2013.03.13 00:37:11.213,0.87392,0.87408
2013.03.13 00:37:11.912,0.87394,0.87409
2013.03.13 00:37:12.033,0.87394,0.8741
2013.03.13 00:37:12.353,0.87396,0.87413
2013.03.13 00:37:12.892,0.87396,0.87412
2013.03.13 00:37:15.648,0.87395,0.87409
2013.03.13 00:37:33.032,0.87391,0.87408
2013.03.13 00:37:33.452,0.87391,0.87405
2013.03.13 00:37:33.693,0.87389,0.87403
2013.03.13 00:37:33.872,0.8739,0.87406
2013.03.13 00:37:34.417,0.87387,0.87402
2013.03.13 00:37:34.485,0.87387,0.87402
2013.03.13 00:37:34.614,0.87388,0.87404
2013.03.13 00:37:34.683,0.87388,0.87404
2013.03.13 00:37:34.813,0.87389,0.87404
2013.03.13 00:37:35.322,0.87391,0.87407
2013.03.13 00:37:39.312,0.87391,0.87407
2013.03.13 00:37:40.727,0.87389,0.87406
2013.03.13 00:37:41.043,0.87388,0.87404
2013.03.13 00:37:41.186,0.87388,0.87403
2013.03.13 00:37:41.493,0.87393,0.8741
2013.03.13 00:37:41.613,0.87393,0.87409
2013.03.13 00:37:42.162,0.87394,0.87408
2013.03.13 00:37:43.672,0.87394,0.87408
2013.03.13 00:37:51.072,0.87394,0.8741
2013.03.13 00:37:56.882,0.87394,0.87408
2013.03.13 00:37:56.952,0.87393,0.87408
2013.03.13 00:37:57.651,0.87389,0.87404
2013.03.13 00:37:58.254,0.87389,0.87403
2013.03.13 00:38:02.713,0.87387,0.87403
2013.03.13 00:38:03.323,0.87387,0.87403
2013.03.13 00:38:12.363,0.87388,0.87401
2013.03.13 00:38:12.482,0.87388,0.874
2013.03.13 00:38:12.793,0.87384,0.87399
2013.03.13 00:38:12.923,0.87384,0.87399
2013.03.13 00:38:13.598,0.87383,0.87397
2013.03.13 00:38:14.032,0.87383,0.87396
2013.03.13 00:38:15.199,0.87384,0.87398
2013.03.13 00:38:18.940,0.87386,0.87399
2013.03.13 00:38:19.462,0.87386,0.87399
2013.03.13 00:38:20.172,0.87386,0.874
2013.03.13 00:38:31.482,0.87386,0.87401
2013.03.13 00:38:38.521,0.87386,0.874
2013.03.13 00:38:40.643,0.87386,0.874
2013.03.13 00:38:42.943,0.87387,0.87401
2013.03.13 00:38:43.062,0.87387,0.87401
2013.03.13 00:38:43.621,0.87388,0.87402
2013.03.13 00:38:48.642,0.87387,0.87401
2013.03.13 00:38:48.702,0.87387,0.87399
2013.03.13 00:38:49.002,0.87388,0.87402
2013.03.13 00:38:49.062,0.87388,0.87402
2013.03.13 00:39:07.473,0.87388,0.87402
2013.03.13 00:39:08.032,0.87387,0.87402
2013.03.13 00:39:08.572,0.87387,0.87402
2013.03.13 00:39:09.035,0.87387,0.87401
2013.03.13 00:39:09.104,0.87385,0.87401
2013.03.13 00:39:09.613,0.87385,0.87401
2013.03.13 00:39:09.914,0.87386,0.87401
2013.03.13 00:39:10.432,0.87387,0.87401
2013.03.13 00:39:12.862,0.87387,0.87401
2013.03.13 00:39:18.122,0.87387,0.874
2013.03.13 00:39:31.243,0.87387,0.874
2013.03.13 00:39:31.424,0.87384,0.87399
2013.03.13 00:39:31.971,0.87383,0.87396
2013.03.13 00:39:32.521,0.87383,0.87396
2013.03.13 00:39:38.578,0.87385,0.87399
2013.03.13 00:39:38.702,0.87385,0.87401
2013.03.13 00:39:39.213,0.87386,0.87401
2013.03.13 00:39:42.656,0.87384,0.87401
2013.03.13 00:40:02.632,0.87386,0.87401
2013.03.13 00:40:03.164,0.87387,0.87401
2013.03.13 00:40:08.242,0.87387,0.87399
2013.03.13 00:40:12.122,0.87387,0.87402
2013.03.13 00:40:12.303,0.87387,0.87402
2013.03.13 00:40:16.826,0.87387,0.87402
2013.03.13 00:40:17.189,0.87387,0.874
2013.03.13 00:40:20.292,0.87387,0.87402
2013.03.13 00:40:22.272,0.87387,0.87402
2013.03.13 00:40:25.076,0.87387,0.87402
2013.03.13 00:40:46.645,0.87387,0.87402
2013.03.13 00:40:49.283,0.87387,0.87403
2013.03.13 00:40:49.343,0.87387,0.87403
2013.03.13 00:40:54.615,0.87387,0.87402
2013.03.13 00:40:55.922,0.87387,0.87402
2013.03.13 00:40:59.034,0.87387,0.87404
2013.03.13 00:40:59.583,0.87389,0.87404
2013.03.13 00:41:01.322,0.87389,0.87405
2013.03.13 00:41:03.384,0.87391,0.87405
2013.03.13 00:41:04.062,0.87392,0.87407
2013.03.13 00:41:07.915,0.87392,0.87406
2013.03.13 00:41:08.463,0.87388,0.87405
2013.03.13 00:41:13.085,0.87388,0.87403
2013.03.13 00:41:13.395,0.87387,0.87403
2013.03.13 00:41:13.466,0.87388,0.87403
2013.03.13 00:41:15.024,0.87387,0.87403
2013.03.13 00:41:19.804,0.87387,0.87404
2013.03.13 00:41:22.195,0.87388,0.87403
2013.03.13 00:41:22.742,0.87388,0.87403
2013.03.13 00:41:32.215,0.87388,0.87403
2013.03.13 00:41:41.431,0.87388,0.87404
2013.03.13 00:41:42.003,0.87389,0.87405
2013.03.13 00:41:42.654,0.8739,0.87406
2013.03.13 00:41:45.074,0.8739,0.87407
2013.03.13 00:41:45.623,0.87389,0.87405
2013.03.13 00:41:45.750,0.87388,0.87403
2013.03.13 00:41:46.293,0.87388,0.87406
2013.03.13 00:41:46.852,0.8739,0.87406
2013.03.13 00:41:47.094,0.8739,0.87406
2013.03.13 00:41:47.653,0.8739,0.87406
2013.03.13 00:41:47.773,0.8739,0.87406
2013.03.13 00:41:48.274,0.87389,0.87405
2013.03.13 00:41:50.721,0.87391,0.87406
2013.03.13 00:41:51.232,0.87392,0.87408
2013.03.13 00:41:59.163,0.87392,0.87407
2013.03.13 00:42:04.426,0.87392,0.87407
2013.03.13 00:42:22.922,0.87394,0.87407
2013.03.13 00:42:23.223,0.87393,0.87408
2013.03.13 00:42:24.383,0.87396,0.8741
2013.03.13 00:42:27.572,0.87395,0.87409
2013.03.13 00:42:29.532,0.87397,0.8741
2013.03.13 00:42:40.125,0.87394,0.8741
2013.03.13 00:42:43.152,0.87394,0.8741
2013.03.13 00:42:58.702,0.87394,0.87409
2013.03.13 00:43:02.002,0.87395,0.87409
2013.03.13 00:43:05.589,0.87395,0.87409
2013.03.13 00:43:07.688,0.87395,0.87409
2013.03.13 00:43:16.623,0.87394,0.87408
2013.03.13 00:43:16.923,0.87394,0.87407
2013.03.13 00:43:20.222,0.87388,0.87405
2013.03.13 00:43:23.102,0.87388,0.87404
2013.03.13 00:43:33.362,0.87388,0.87403
2013.03.13 00:43:34.366,0.87389,0.87404
2013.03.13 00:43:38.671,0.87389,0.87405
2013.03.13 00:43:40.911,0.87389,0.87405
2013.03.13 00:43:49.634,0.87389,0.87403
2013.03.13 00:44:01.068,0.87389,0.87405
2013.03.13 00:44:31.623,0.87394,0.87405
2013.03.13 00:44:31.924,0.87393,0.87409
2013.03.13 00:44:31.992,0.87393,0.87409
2013.03.13 00:44:32.353,0.87393,0.87409
2013.03.13 00:44:32.536,0.87395,0.87413
2013.03.13 00:44:32.853,0.87396,0.87413
2013.03.13 00:44:36.922,0.87396,0.87413
2013.03.13 00:44:41.343,0.87395,0.87413
2013.03.13 00:44:41.404,0.87395,0.87413
2013.03.13 00:44:53.563,0.87396,0.87414
2013.03.13 00:44:53.745,0.87399,0.87415
2013.03.13 00:44:53.874,0.87399,0.87416
2013.03.13 00:44:54.542,0.87399,0.87415
2013.03.13 00:44:55.263,0.87399,0.87415
2013.03.13 00:44:57.383,0.874,0.87418
2013.03.13 00:45:03.114,0.87401,0.87419
2013.03.13 00:45:03.672,0.87402,0.87419
2013.03.13 00:45:14.304,0.87405,0.87421
2013.03.13 00:45:15.075,0.87405,0.87421
2013.03.13 00:45:17.037,0.87405,0.87421
2013.03.13 00:45:28.609,0.87405,0.87421
2013.03.13 00:45:45.462,0.87405,0.87421
2013.03.13 00:45:54.052,0.87406,0.87422
2013.03.13 00:46:05.353,0.87405,0.87421
2013.03.13 00:46:07.840,0.87405,0.87421
2013.03.13 00:46:37.221,0.87408,0.87423
2013.03.13 00:46:44.233,0.87407,0.87421
2013.03.13 00:46:44.294,0.87407,0.8742
2013.03.13 00:47:08.404,0.87409,0.87423
2013.03.13 00:47:13.232,0.87409,0.87423
2013.03.13 00:47:14.773,0.87408,0.87423
2013.03.13 00:47:27.475,0.87408,0.87423
2013.03.13 00:47:28.033,0.87408,0.87423
2013.03.13 00:47:35.883,0.87408,0.87423
2013.03.13 00:47:46.202,0.87408,0.87423
2013.03.13 00:47:46.452,0.87408,0.87423
2013.03.13 00:47:47.642,0.87408,0.87423
2013.03.13 00:47:49.945,0.87406,0.87419
2013.03.13 00:47:51.523,0.87404,0.87419
2013.03.13 00:48:08.333,0.87402,0.87419
2013.03.13 00:48:08.455,0.87402,0.87416
2013.03.13 00:48:13.092,0.874,0.87416
2013.03.13 00:48:13.514,0.87402,0.87418
2013.03.13 00:48:13.875,0.87402,0.87419
2013.03.13 00:48:14.182,0.87402,0.87418
2013.03.13 00:48:18.653,0.87402,0.87418
2013.03.13 00:48:24.944,0.87403,0.87419
2013.03.13 00:48:25.506,0.87404,0.87419
2013.03.13 00:48:25.813,0.87404,0.87419
2013.03.13 00:48:25.874,0.87404,0.87419
2013.03.13 00:48:26.422,0.87408,0.87422
2013.03.13 00:48:27.638,0.87407,0.87422
2013.03.13 00:48:35.142,0.87406,0.87421
2013.03.13 00:48:37.123,0.87406,0.87421
2013.03.13 00:48:40.894,0.87409,0.87423
2013.03.13 00:48:41.533,0.87407,0.87425
2013.03.13 00:48:42.134,0.8741,0.87427
2013.03.13 00:48:43.572,0.87411,0.87427
2013.03.13 00:48:46.854,0.87411,0.87427
2013.03.13 00:48:47.243,0.87411,0.87427
2013.03.13 00:48:47.794,0.87413,0.87428
2013.03.13 00:48:54.968,0.87415,0.87428
2013.03.13 00:48:56.725,0.87413,0.87428
2013.03.13 00:48:57.513,0.87414,0.87428
2013.03.13 00:48:57.632,0.87415,0.87428
2013.03.13 00:48:59.393,0.87418,0.87432
2013.03.13 00:48:59.705,0.87417,0.8743
2013.03.13 00:48:59.832,0.87417,0.8743
2013.03.13 00:49:00.374,0.87415,0.8743
2013.03.13 00:49:00.684,0.87414,0.87428
2013.03.13 00:49:00.803,0.87414,0.87428
2013.03.13 00:49:02.543,0.87414,0.87428
2013.03.13 00:49:04.933,0.87414,0.8743
2013.03.13 00:49:07.560,0.87417,0.8743
2013.03.13 00:49:08.104,0.87417,0.8743
2013.03.13 00:49:08.654,0.87418,0.87432
2013.03.13 00:49:09.374,0.87419,0.87432
2013.03.13 00:49:12.398,0.87418,0.87432
2013.03.13 00:49:16.734,0.87418,0.87432
2013.03.13 00:49:17.234,0.87415,0.8743
2013.03.13 00:49:21.462,0.87415,0.8743
2013.03.13 00:49:23.413,0.87415,0.8743
2013.03.13 00:49:25.293,0.87415,0.87431
2013.03.13 00:49:26.232,0.87415,0.87431
2013.03.13 00:49:46.305,0.87416,0.87432
2013.03.13 00:49:46.544,0.87418,0.87432
2013.03.13 00:49:46.963,0.87418,0.87432
2013.03.13 00:49:48.843,0.87416,0.87434
2013.03.13 00:49:50.613,0.87415,0.87433
2013.03.13 00:49:57.905,0.87414,0.87429
2013.03.13 00:49:58.215,0.87413,0.87429
2013.03.13 00:49:58.283,0.87414,0.87428
2013.03.13 00:50:04.994,0.87413,0.87429
2013.03.13 00:50:08.102,0.87413,0.87429
2013.03.13 00:50:10.492,0.87413,0.8743
2013.03.13 00:50:19.843,0.87414,0.8743
2013.03.13 00:50:22.683,0.87414,0.8743
2013.03.13 00:50:22.743,0.87418,0.87433
2013.03.13 00:50:22.994,0.87417,0.87433
2013.03.13 00:50:23.173,0.87415,0.87429
2013.03.13 00:50:23.535,0.87417,0.8743
2013.03.13 00:50:23.963,0.87417,0.87432
2013.03.13 00:50:32.107,0.87416,0.87432
2013.03.13 00:50:32.775,0.87415,0.87428
2013.03.13 00:50:33.023,0.87412,0.87426
2013.03.13 00:50:33.083,0.87411,0.87425
2013.03.13 00:50:33.204,0.87409,0.87425
2013.03.13 00:50:33.264,0.87409,0.87424
2013.03.13 00:50:33.323,0.87407,0.87423
2013.03.13 00:50:33.923,0.87408,0.87423
2013.03.13 00:50:34.433,0.87409,0.87423
2013.03.13 00:50:44.543,0.87407,0.87423
2013.03.13 00:50:45.754,0.87409,0.87423
2013.03.13 00:50:47.195,0.87408,0.87423
2013.03.13 00:50:47.443,0.87408,0.87424
2013.03.13 00:50:47.983,0.8741,0.87422
2013.03.13 00:50:51.274,0.87408,0.87422
2013.03.13 00:50:52.593,0.8741,0.87422
2013.03.13 00:50:53.444,0.8741,0.87422
2013.03.13 00:50:53.803,0.87413,0.87427
2013.03.13 00:50:56.564,0.87413,0.87427
2013.03.13 00:51:00.725,0.87413,0.87427
2013.03.13 00:51:11.092,0.87413,0.87428
2013.03.13 00:51:11.775,0.87414,0.87428
2013.03.13 00:51:15.092,0.87413,0.87428
2013.03.13 00:51:19.212,0.87414,0.87428
2013.03.13 00:51:20.223,0.87414,0.87428
2013.03.13 00:51:24.595,0.87412,0.87427
2013.03.13 00:51:26.296,0.87416,0.87429
2013.03.13 00:51:28.064,0.87414,0.87429
2013.03.13 00:51:28.275,0.87414,0.87429
2013.03.13 00:51:29.375,0.87416,0.87429
2013.03.13 00:51:29.683,0.87418,0.87432
2013.03.13 00:51:31.013,0.87418,0.87434
2013.03.13 00:51:36.953,0.87417,0.87431
2013.03.13 00:51:37.014,0.87415,0.87431
2013.03.13 00:51:37.433,0.87417,0.87432
2013.03.13 00:51:37.574,0.87417,0.87432
2013.03.13 00:51:38.075,0.87419,0.87435
2013.03.13 00:51:40.356,0.87419,0.87435
2013.03.13 00:51:43.845,0.87418,0.87431
2013.03.13 00:51:44.394,0.87415,0.8743
2013.03.13 00:51:44.523,0.87414,0.8743
2013.03.13 00:51:45.534,0.87416,0.8743
2013.03.13 00:51:45.847,0.87416,0.8743
2013.03.13 00:51:45.975,0.87416,0.87427
2013.03.13 00:51:53.015,0.87414,0.87426
2013.03.13 00:51:53.564,0.87412,0.87424
2013.03.13 00:51:53.922,0.87412,0.87423
2013.03.13 00:51:56.004,0.87412,0.87424
2013.03.13 00:51:56.543,0.87412,0.87425
2013.03.13 00:51:56.666,0.87412,0.87425
2013.03.13 00:51:57.627,0.87412,0.87425
2013.03.13 00:51:57.875,0.87409,0.87423
2013.03.13 00:51:57.952,0.87409,0.87423
2013.03.13 00:51:58.075,0.87409,0.87423
2013.03.13 00:51:58.685,0.87405,0.87419
2013.03.13 00:51:58.771,0.87405,0.87419
2013.03.13 00:52:05.385,0.87405,0.87419
2013.03.13 00:52:05.461,0.87408,0.8742
2013.03.13 00:52:05.834,0.87409,0.87423
2013.03.13 00:52:05.903,0.87409,0.87424
2013.03.13 00:52:07.903,0.8741,0.87425
2013.03.13 00:52:16.173,0.8741,0.87426
2013.03.13 00:52:21.043,0.8741,0.87427
2013.03.13 00:52:23.084,0.87413,0.87428
2013.03.13 00:52:23.624,0.87411,0.87427
2013.03.13 00:52:23.884,0.87411,0.87427
2013.03.13 00:52:24.713,0.87411,0.87427
2013.03.13 00:52:24.919,0.87411,0.87424
2013.03.13 00:52:28.723,0.87409,0.87423
2013.03.13 00:52:35.949,0.87411,0.87424
2013.03.13 00:52:41.520,0.87411,0.87424
2013.03.13 00:52:42.444,0.87409,0.87423
2013.03.13 00:52:42.627,0.87405,0.87421
2013.03.13 00:52:43.014,0.87406,0.87422
2013.03.13 00:52:44.293,0.87407,0.87421
2013.03.13 00:52:47.373,0.87408,0.87421
2013.03.13 00:52:52.215,0.87408,0.87422
2013.03.13 00:52:52.656,0.8741,0.87424
2013.03.13 00:52:52.785,0.87412,0.87427
2013.03.13 00:52:54.194,0.87412,0.87427
2013.03.13 00:53:00.454,0.87413,0.87428
2013.03.13 00:53:01.955,0.87408,0.87424
2013.03.13 00:53:02.434,0.87408,0.87422
2013.03.13 00:53:02.876,0.87405,0.87422
2013.03.13 00:53:03.064,0.87405,0.87421
2013.03.13 00:53:03.423,0.87404,0.87418
2013.03.13 00:53:03.954,0.87402,0.87418
2013.03.13 00:53:05.402,0.87402,0.87418
2013.03.13 00:53:35.184,0.87403,0.87418
2013.03.13 00:53:51.164,0.87403,0.87417
2013.03.13 00:53:51.643,0.87403,0.87417
2013.03.13 00:53:51.703,0.87403,0.87416
2013.03.13 00:53:52.244,0.87403,0.87413
2013.03.13 00:53:52.484,0.87398,0.87411
2013.03.13 00:53:52.605,0.87397,0.87411
2013.03.13 00:53:52.736,0.87397,0.87411
2013.03.13 00:53:53.426,0.87397,0.8741
2013.03.13 00:53:55.643,0.87397,0.8741
2013.03.13 00:53:56.174,0.87397,0.8741
2013.03.13 00:53:56.697,0.87398,0.87411
2013.03.13 00:53:56.884,0.87398,0.87411
2013.03.13 00:53:59.103,0.87398,0.87412
2013.03.13 00:54:01.744,0.87398,0.87414
2013.03.13 00:54:03.054,0.87398,0.87412
2013.03.13 00:54:04.025,0.87398,0.87414
2013.03.13 00:54:05.564,0.87398,0.87414
2013.03.13 00:54:05.874,0.87398,0.87414
2013.03.13 00:54:06.184,0.87397,0.8741
2013.03.13 00:54:06.363,0.87395,0.87409
2013.03.13 00:54:06.865,0.87395,0.87408
2013.03.13 00:54:07.935,0.87394,0.87408
2013.03.13 00:54:10.424,0.87394,0.87408
2013.03.13 00:54:10.543,0.87391,0.87406
2013.03.13 00:54:10.664,0.8739,0.87406
2013.03.13 00:54:10.724,0.8739,0.87405
2013.03.13 00:54:13.685,0.8739,0.87404
2013.03.13 00:54:15.280,0.8739,0.87404
2013.03.13 00:54:15.535,0.87392,0.87405
2013.03.13 00:54:16.055,0.87394,0.87405
2013.03.13 00:54:17.349,0.87393,0.87407
2013.03.13 00:54:18.553,0.87393,0.87407
2013.03.13 00:54:19.075,0.87393,0.87406
2013.03.13 00:54:23.032,0.87394,0.87407
2013.03.13 00:54:23.954,0.87394,0.87408
2013.03.13 00:54:24.436,0.87392,0.87407
2013.03.13 00:54:24.684,0.87392,0.87406
2013.03.13 00:54:28.604,0.87388,0.87405
2013.03.13 00:54:28.784,0.87388,0.87401
2013.03.13 00:54:39.264,0.87388,0.87401
2013.03.13 00:54:39.324,0.87388,0.87399
2013.03.13 00:54:39.444,0.87388,0.874
2013.03.13 00:54:39.744,0.87387,0.87401
2013.03.13 00:54:43.625,0.87388,0.87402
2013.03.13 00:54:49.154,0.87389,0.87403
2013.03.13 00:54:49.457,0.87389,0.87404
2013.03.13 00:54:49.824,0.87393,0.87406
2013.03.13 00:54:50.375,0.87393,0.87407
2013.03.13 00:54:50.674,0.87392,0.87406
2013.03.13 00:54:51.134,0.87392,0.87406
2013.03.13 00:54:51.695,0.87392,0.87407
2013.03.13 00:54:52.626,0.87392,0.87405
2013.03.13 00:54:52.710,0.87391,0.87405
2013.03.13 00:54:53.126,0.87391,0.87405
2013.03.13 00:54:57.303,0.87392,0.87405
2013.03.13 00:54:58.393,0.87392,0.87405
2013.03.13 00:55:00.037,0.87388,0.87404
2013.03.13 00:55:00.346,0.87386,0.87401
2013.03.13 00:55:00.415,0.87386,0.87399
2013.03.13 00:55:00.555,0.87387,0.87399
2013.03.13 00:55:00.628,0.87386,0.87399
2013.03.13 00:55:00.936,0.87386,0.87396
2013.03.13 00:55:01.244,0.87385,0.87395
2013.03.13 00:55:01.847,0.87382,0.87395
2013.03.13 00:55:01.974,0.87382,0.87395
2013.03.13 00:55:02.534,0.87382,0.87397
2013.03.13 00:55:02.837,0.87382,0.87397
2013.03.13 00:55:03.285,0.87386,0.874
2013.03.13 00:55:04.746,0.87386,0.87401
2013.03.13 00:55:05.055,0.87389,0.87405
2013.03.13 00:55:05.435,0.87391,0.87406
2013.03.13 00:55:07.477,0.87392,0.87406
2013.03.13 00:55:11.360,0.87392,0.87406
2013.03.13 00:55:15.833,0.87392,0.87406
2013.03.13 00:55:17.084,0.87391,0.87406
2013.03.13 00:55:18.135,0.87391,0.87407
2013.03.13 00:55:19.184,0.87393,0.87408
2013.03.13 00:55:20.664,0.87392,0.87407
2013.03.13 00:55:30.803,0.87391,0.87408
2013.03.13 00:55:34.729,0.87395,0.87411
2013.03.13 00:55:35.294,0.87395,0.87411
2013.03.13 00:55:38.525,0.87395,0.87411
2013.03.13 00:55:40.604,0.87395,0.87411
2013.03.13 00:55:40.905,0.87395,0.87413
2013.03.13 00:55:41.274,0.87398,0.87415
2013.03.13 00:55:41.788,0.87403,0.87418
2013.03.13 00:55:45.875,0.87403,0.87417
2013.03.13 00:55:46.055,0.87403,0.87418
2013.03.13 00:55:46.120,0.87401,0.87417
2013.03.13 00:55:47.215,0.874,0.87414
2013.03.13 00:55:47.524,0.874,0.87413
2013.03.13 00:55:47.957,0.87399,0.87416
2013.03.13 00:55:48.467,0.87398,0.87416
2013.03.13 00:55:49.014,0.87398,0.87415
2013.03.13 00:55:50.163,0.87399,0.87416
2013.03.13 00:55:50.844,0.87399,0.87415
2013.03.13 00:55:50.904,0.87399,0.87414
2013.03.13 00:55:51.204,0.874,0.87414
2013.03.13 00:56:04.795,0.874,0.87416
2013.03.13 00:56:04.985,0.874,0.87418
2013.03.13 00:56:05.294,0.87404,0.8742
2013.03.13 00:56:05.795,0.87404,0.8742
2013.03.13 00:56:06.314,0.87404,0.8742
2013.03.13 00:56:07.165,0.87405,0.87419
2013.03.13 00:56:08.814,0.87402,0.87418
2013.03.13 00:56:09.055,0.87402,0.87417
2013.03.13 00:56:09.594,0.874,0.87415
2013.03.13 00:56:10.156,0.87402,0.87417
2013.03.13 00:56:12.964,0.87402,0.87415
2013.03.13 00:56:18.923,0.87402,0.87416
2013.03.13 00:56:19.696,0.87398,0.87414
2013.03.13 00:56:19.826,0.87398,0.87413
2013.03.13 00:56:19.896,0.87398,0.87413
2013.03.13 00:56:20.659,0.87394,0.87409
2013.03.13 00:56:20.733,0.87394,0.87408
2013.03.13 00:56:21.125,0.87394,0.87408
2013.03.13 00:56:24.784,0.87396,0.87412
2013.03.13 00:56:30.706,0.87396,0.87412
2013.03.13 00:56:31.773,0.87394,0.87412
2013.03.13 00:56:32.775,0.87394,0.8741
2013.03.13 00:56:51.574,0.87394,0.87409
2013.03.13 00:56:51.874,0.87394,0.87408
2013.03.13 00:56:52.414,0.87394,0.8741
2013.03.13 00:56:53.057,0.87396,0.8741
2013.03.13 00:56:53.316,0.87398,0.87411
2013.03.13 00:56:53.918,0.87398,0.87413
2013.03.13 00:56:55.065,0.87398,0.87413
2013.03.13 00:56:55.566,0.874,0.87416
2013.03.13 00:56:55.695,0.87405,0.87419
2013.03.13 00:56:55.826,0.87406,0.87419
2013.03.13 00:56:55.895,0.87403,0.87419
2013.03.13 00:56:56.386,0.87402,0.87417
2013.03.13 00:56:56.526,0.87402,0.87415
2013.03.13 00:56:58.944,0.87399,0.87415
2013.03.13 00:57:03.464,0.87398,0.87414
2013.03.13 00:57:05.966,0.874,0.87417
2013.03.13 00:57:06.818,0.87404,0.87419
2013.03.13 00:57:06.898,0.874,0.87416
2013.03.13 00:57:07.205,0.87398,0.87413
2013.03.13 00:57:17.455,0.87398,0.87416
2013.03.13 00:57:18.944,0.87398,0.87414
2013.03.13 00:57:23.835,0.87399,0.87415
2013.03.13 00:57:35.289,0.874,0.87417
2013.03.13 00:57:50.994,0.874,0.87417
2013.03.13 00:57:56.055,0.87398,0.87414
2013.03.13 00:58:01.274,0.87398,0.87416
2013.03.13 00:58:01.796,0.87398,0.87415
2013.03.13 00:58:02.256,0.87395,0.87413
2013.03.13 00:58:02.624,0.87395,0.87413
2013.03.13 00:58:03.636,0.87395,0.87411
2013.03.13 00:58:03.825,0.87395,0.8741
2013.03.13 00:58:04.435,0.87397,0.87412
2013.03.13 00:58:04.804,0.87399,0.87413
2013.03.13 00:58:07.084,0.87399,0.87415
2013.03.13 00:58:12.468,0.87401,0.87415
2013.03.13 00:58:13.125,0.87403,0.87415
2013.03.13 00:58:13.255,0.87404,0.87415
2013.03.13 00:58:13.565,0.87404,0.87417
2013.03.13 00:58:13.625,0.87404,0.87417
2013.03.13 00:58:14.298,0.87403,0.87416
2013.03.13 00:58:14.368,0.87402,0.87415
2013.03.13 00:58:14.914,0.87401,0.87416
2013.03.13 00:58:15.217,0.87403,0.87417
2013.03.13 00:58:16.555,0.87403,0.87417
2013.03.13 00:58:17.171,0.87405,0.87422
2013.03.13 00:58:17.783,0.87403,0.87419
2013.03.13 00:58:22.506,0.87405,0.87422
2013.03.13 00:58:23.573,0.87406,0.87422
2013.03.13 00:58:28.534,0.87405,0.87421
2013.03.13 00:58:33.317,0.87404,0.8742
2013.03.13 00:58:36.344,0.87405,0.8742
2013.03.13 00:58:36.964,0.87405,0.87421
2013.03.13 00:58:37.569,0.87407,0.87421
2013.03.13 00:58:37.896,0.87409,0.87421
2013.03.13 00:58:37.968,0.87411,0.87426
2013.03.13 00:58:40.846,0.87407,0.87423
2013.03.13 00:58:41.395,0.87406,0.87422
2013.03.13 00:58:41.465,0.87406,0.87422
2013.03.13 00:58:41.905,0.87406,0.87422
2013.03.13 00:58:42.584,0.87406,0.87422
2013.03.13 00:58:46.213,0.87405,0.87421
2013.03.13 00:58:50.926,0.87407,0.87423
2013.03.13 00:58:53.056,0.87409,0.87424
2013.03.13 00:58:53.497,0.87409,0.87425
2013.03.13 00:58:53.826,0.87415,0.87429
2013.03.13 00:58:54.135,0.87414,0.87428
2013.03.13 00:58:55.045,0.87414,0.8743
2013.03.13 00:58:56.806,0.87411,0.87427
2013.03.13 00:58:57.116,0.87411,0.87427
2013.03.13 00:58:57.795,0.87413,0.87429
2013.03.13 00:58:59.965,0.87413,0.87427
2013.03.13 00:59:00.476,0.87415,0.87428
2013.03.13 00:59:00.785,0.87415,0.87428
2013.03.13 00:59:02.589,0.87414,0.87428
2013.03.13 00:59:03.085,0.87413,0.87427
2013.03.13 00:59:03.204,0.87413,0.87427
2013.03.13 00:59:03.570,0.87409,0.87425
2013.03.13 00:59:03.636,0.87409,0.87425
2013.03.13 00:59:04.194,0.87407,0.87423
2013.03.13 00:59:15.768,0.87407,0.87422
2013.03.13 00:59:16.274,0.87409,0.87425
2013.03.13 00:59:18.674,0.87407,0.87425
2013.03.13 00:59:23.395,0.87412,0.87424
2013.03.13 00:59:25.374,0.87413,0.87427
2013.03.13 00:59:32.482,0.87412,0.87425
2013.03.13 00:59:32.815,0.87408,0.87422
2013.03.13 00:59:33.864,0.87408,0.87422
2013.03.13 00:59:56.444,0.87408,0.87422
2013.03.13 00:59:57.295,0.87408,0.87423
2013.03.13 01:00:01.700,0.87409,0.87423
2013.03.13 01:00:02.077,0.87409,0.87425
2013.03.13 01:00:06.503,0.87411,0.87425
2013.03.13 01:00:07.346,0.87413,0.87427
2013.03.13 01:00:07.715,0.87413,0.87428
2013.03.13 01:00:08.255,0.87414,0.87428
2013.03.13 01:00:10.875,0.87415,0.87429
2013.03.13 01:00:12.784,0.87414,0.87428
2013.03.13 01:00:19.625,0.87415,0.87429
2013.03.13 01:00:23.974,0.87415,0.8743
2013.03.13 01:00:27.784,0.87412,0.87428
2013.03.13 01:00:48.325,0.87415,0.87429
2013.03.13 01:00:51.625,0.8741,0.87425
2013.03.13 01:00:52.148,0.87409,0.87424
2013.03.13 01:00:54.385,0.8741,0.87425
2013.03.13 01:00:54.565,0.8741,0.87425
2013.03.13 01:00:54.927,0.87406,0.87422
2013.03.13 01:00:55.416,0.87409,0.87426
2013.03.13 01:00:55.955,0.8741,0.87427
2013.03.13 01:00:59.738,0.8741,0.87427
2013.03.13 01:01:01.695,0.87414,0.87429
2013.03.13 01:01:02.245,0.87415,0.87429
2013.03.13 01:01:04.358,0.87412,0.87426
2013.03.13 01:01:04.488,0.87412,0.87426
2013.03.13 01:01:04.631,0.87412,0.87426
2013.03.13 01:01:08.437,0.87412,0.87426
2013.03.13 01:01:11.236,0.87409,0.87423
2013.03.13 01:01:11.872,0.87408,0.87423
2013.03.13 01:01:13.518,0.87409,0.87423
2013.03.13 01:01:18.245,0.87409,0.87423
2013.03.13 01:01:18.680,0.87409,0.87423
2013.03.13 01:01:19.236,0.87409,0.87423
2013.03.13 01:01:20.476,0.87409,0.87423
2013.03.13 01:01:22.126,0.87407,0.87423
2013.03.13 01:01:22.788,0.87407,0.87423
2013.03.13 01:01:23.217,0.87407,0.87423
2013.03.13 01:01:23.775,0.87405,0.87418
2013.03.13 01:01:26.789,0.87407,0.87423
2013.03.13 01:01:27.268,0.87408,0.87423
2013.03.13 01:01:27.795,0.87409,0.87423
2013.03.13 01:01:32.107,0.87409,0.87423
2013.03.13 01:01:33.266,0.87409,0.87423
2013.03.13 01:01:36.445,0.87407,0.87423
2013.03.13 01:01:48.816,0.87409,0.87423
2013.03.13 01:01:48.997,0.87409,0.87423
2013.03.13 01:02:00.426,0.87409,0.87423
2013.03.13 01:02:00.547,0.87409,0.87423
2013.03.13 01:02:00.617,0.87409,0.87423
2013.03.13 01:02:00.937,0.87407,0.87423
2013.03.13 01:02:01.247,0.87407,0.87423
2013.03.13 01:02:03.477,0.87405,0.87423
2013.03.13 01:02:04.055,0.87405,0.87422
2013.03.13 01:02:09.247,0.87406,0.87421
2013.03.13 01:02:09.806,0.87406,0.87422
2013.03.13 01:02:17.857,0.87406,0.87422
2013.03.13 01:02:20.123,0.87404,0.87419
2013.03.13 01:02:24.126,0.87404,0.87419
2013.03.13 01:02:29.627,0.87404,0.87419
2013.03.13 01:02:33.375,0.87404,0.87419
2013.03.13 01:02:34.275,0.87404,0.87416
2013.03.13 01:02:34.940,0.87404,0.87416
2013.03.13 01:02:35.487,0.87404,0.87416
2013.03.13 01:02:35.555,0.87402,0.87416
2013.03.13 01:02:35.616,0.874,0.87416
2013.03.13 01:02:39.965,0.87398,0.87413
2013.03.13 01:02:40.325,0.87398,0.87413
2013.03.13 01:02:42.798,0.87394,0.8741
2013.03.13 01:02:43.355,0.87396,0.87411
2013.03.13 01:02:46.776,0.87395,0.87409
2013.03.13 01:02:47.784,0.87395,0.87409
2013.03.13 01:02:48.025,0.87389,0.87405
2013.03.13 01:02:48.326,0.87389,0.87404
2013.03.13 01:02:57.658,0.87391,0.87405
2013.03.13 01:03:05.025,0.87391,0.87405
2013.03.13 01:03:12.925,0.8739,0.87404
2013.03.13 01:03:14.834,0.87388,0.87403
2013.03.13 01:03:15.346,0.87388,0.87403
2013.03.13 01:03:18.619,0.87388,0.87402
2013.03.13 01:03:22.825,0.87389,0.87404
2013.03.13 01:03:33.646,0.8739,0.87403
2013.03.13 01:03:36.334,0.8739,0.87403
2013.03.13 01:03:37.650,0.8739,0.87403
2013.03.13 01:03:38.544,0.8739,0.87403
2013.03.13 01:03:40.838,0.8739,0.87403
2013.03.13 01:03:45.793,0.8739,0.87404
2013.03.13 01:03:46.487,0.87394,0.87405
2013.03.13 01:03:46.694,0.87395,0.87406
2013.03.13 01:03:47.266,0.87394,0.87407
2013.03.13 01:03:47.967,0.87394,0.87407
2013.03.13 01:03:50.557,0.87395,0.87407
2013.03.13 01:03:51.105,0.87397,0.87407
2013.03.13 01:03:51.467,0.87398,0.87407
2013.03.13 01:03:52.018,0.874,0.87407
2013.03.13 01:03:52.147,0.87395,0.87407
2013.03.13 01:03:52.456,0.87395,0.87406
2013.03.13 01:03:52.778,0.87391,0.87404
2013.03.13 01:03:55.245,0.87391,0.87405
2013.03.13 01:03:55.976,0.87391,0.87405
2013.03.13 01:03:56.455,0.87387,0.87403
2013.03.13 01:03:57.009,0.87387,0.87403
2013.03.13 01:03:57.578,0.87388,0.87404
2013.03.13 01:03:58.126,0.87392,0.87406
2013.03.13 01:03:58.246,0.87395,0.87407
2013.03.13 01:04:01.106,0.87395,0.87406
2013.03.13 01:04:02.305,0.87395,0.87407
2013.03.13 01:04:02.805,0.87395,0.87407
2013.03.13 01:04:04.137,0.87395,0.87406
2013.03.13 01:04:04.741,0.87398,0.87407
2013.03.13 01:04:05.336,0.87398,0.87406
2013.03.13 01:04:11.825,0.87395,0.87406
2013.03.13 01:04:11.887,0.87391,0.87407
2013.03.13 01:04:12.265,0.8739,0.87405
2013.03.13 01:04:12.806,0.87394,0.87406
2013.03.13 01:04:13.754,0.8739,0.87404
2013.03.13 01:04:13.876,0.8739,0.87404
2013.03.13 01:04:14.387,0.8739,0.87404
2013.03.13 01:04:17.118,0.87391,0.87404
2013.03.13 01:04:33.087,0.8739,0.87406
2013.03.13 01:04:36.586,0.87389,0.87405
2013.03.13 01:04:46.928,0.8739,0.87406
2013.03.13 01:04:53.535,0.8739,0.87406
2013.03.13 01:05:06.206,0.8739,0.87406
2013.03.13 01:05:08.686,0.87389,0.87403
2013.03.13 01:05:08.805,0.87388,0.87403
2013.03.13 01:05:09.346,0.87389,0.87403
2013.03.13 01:05:09.876,0.87387,0.87403
2013.03.13 01:05:10.405,0.87387,0.87402
2013.03.13 01:05:29.945,0.87388,0.87404
2013.03.13 01:05:33.407,0.87391,0.87405
2013.03.13 01:05:34.467,0.87391,0.87405
2013.03.13 01:05:35.015,0.87392,0.87406
2013.03.13 01:05:36.886,0.87393,0.87406
2013.03.13 01:05:41.127,0.87392,0.87405
2013.03.13 01:05:41.197,0.87392,0.87405
2013.03.13 01:05:41.737,0.87392,0.87403
2013.03.13 01:05:49.097,0.8739,0.87406
2013.03.13 01:05:51.596,0.8739,0.87406
2013.03.13 01:05:52.467,0.8739,0.87406
2013.03.13 01:05:52.647,0.8739,0.87406
2013.03.13 01:05:55.145,0.87392,0.87407
2013.03.13 01:05:55.505,0.87391,0.87408
2013.03.13 01:05:56.476,0.87391,0.87407
2013.03.13 01:06:03.865,0.87392,0.8741
2013.03.13 01:06:04.687,0.87392,0.8741
2013.03.13 01:06:05.887,0.87392,0.8741
2013.03.13 01:06:11.935,0.87394,0.8741
2013.03.13 01:06:18.646,0.87393,0.87409
2013.03.13 01:06:18.826,0.87392,0.87406
2013.03.13 01:06:19.378,0.8739,0.87404
2013.03.13 01:06:19.926,0.87392,0.87406
2013.03.13 01:06:20.167,0.87392,0.87409
2013.03.13 01:06:20.226,0.87393,0.87409
2013.03.13 01:06:20.348,0.87393,0.87409
2013.03.13 01:06:28.360,0.87394,0.8741
2013.03.13 01:06:30.836,0.87395,0.87413
2013.03.13 01:06:32.777,0.87395,0.87411
2013.03.13 01:06:35.337,0.87395,0.87411
2013.03.13 01:06:47.387,0.87395,0.8741
2013.03.13 01:06:48.177,0.87392,0.8741
2013.03.13 01:06:48.297,0.87391,0.87408
2013.03.13 01:06:48.846,0.87391,0.87407
2013.03.13 01:06:49.375,0.87391,0.87407
2013.03.13 01:06:51.246,0.87391,0.87407
2013.03.13 01:06:51.686,0.87393,0.87408
2013.03.13 01:06:52.192,0.87394,0.8741
2013.03.13 01:06:53.626,0.87394,0.87411
2013.03.13 01:06:58.246,0.87394,0.87409
2013.03.13 01:07:04.375,0.87394,0.8741
2013.03.13 01:07:11.227,0.87395,0.87409
2013.03.13 01:07:14.229,0.87395,0.87408
2013.03.13 01:07:19.128,0.87394,0.8741
2013.03.13 01:07:21.387,0.87394,0.8741
2013.03.13 01:07:21.979,0.87394,0.8741
2013.03.13 01:07:23.276,0.87391,0.87409
2013.03.13 01:07:26.306,0.87394,0.87411
2013.03.13 01:07:30.704,0.87393,0.8741
2013.03.13 01:07:33.156,0.87394,0.87412
2013.03.13 01:07:36.788,0.87399,0.87413
2013.03.13 01:07:37.156,0.87399,0.87412
2013.03.13 01:07:37.217,0.87402,0.87414
2013.03.13 01:07:37.526,0.87397,0.87413
2013.03.13 01:07:38.047,0.87397,0.87414
2013.03.13 01:07:38.187,0.87402,0.87415
2013.03.13 01:07:38.727,0.87403,0.87416
2013.03.13 01:07:39.515,0.87403,0.87416
2013.03.13 01:07:42.116,0.87403,0.87415
2013.03.13 01:07:42.655,0.87403,0.87414
2013.03.13 01:07:53.266,0.87402,0.87414
2013.03.13 01:07:53.916,0.87405,0.87414
2013.03.13 01:08:00.526,0.87405,0.87416
2013.03.13 01:08:01.556,0.87405,0.87416
2013.03.13 01:08:04.427,0.87405,0.87414
2013.03.13 01:08:22.477,0.87405,0.87413
2013.03.13 01:08:30.786,0.87405,0.87417
2013.03.13 01:08:52.985,0.87405,0.87415
2013.03.13 01:09:10.836,0.87406,0.87416
2013.03.13 01:09:11.317,0.87407,0.87419
2013.03.13 01:09:11.616,0.87408,0.87421
2013.03.13 01:09:12.231,0.87409,0.87421
2013.03.13 01:09:30.577,0.87409,0.87422
2013.03.13 01:09:30.996,0.87411,0.87424
2013.03.13 01:09:31.536,0.87411,0.87421
2013.03.13 01:09:38.938,0.8741,0.87421
2013.03.13 01:09:39.427,0.87408,0.8742
2013.03.13 01:09:41.314,0.87409,0.87419
2013.03.13 01:09:42.178,0.87409,0.87419
2013.03.13 01:09:43.916,0.87408,0.87417
2013.03.13 01:09:44.579,0.87407,0.87414
2013.03.13 01:09:45.180,0.87405,0.87415
2013.03.13 01:09:45.667,0.87406,0.87418
2013.03.13 01:09:52.137,0.87407,0.87419
2013.03.13 01:09:54.436,0.87407,0.87419
2013.03.13 01:09:54.976,0.87409,0.87421
2013.03.13 01:09:55.278,0.87409,0.8742
2013.03.13 01:09:55.717,0.87406,0.87417
2013.03.13 01:09:56.201,0.87408,0.8742
2013.03.13 01:09:56.327,0.87408,0.8742
2013.03.13 01:10:00.285,0.87408,0.87422
2013.03.13 01:10:00.477,0.87408,0.87422
2013.03.13 01:10:08.764,0.87411,0.87424
2013.03.13 01:10:08.829,0.8741,0.87423
2013.03.13 01:10:09.426,0.87409,0.8742
2013.03.13 01:10:24.817,0.87409,0.87421
2013.03.13 01:10:25.807,0.87409,0.87421
2013.03.13 01:10:29.787,0.87409,0.87423
2013.03.13 01:10:31.427,0.87409,0.87422
2013.03.13 01:10:34.937,0.87407,0.87422
2013.03.13 01:10:35.007,0.87408,0.8742
2013.03.13 01:10:35.247,0.87407,0.87421
2013.03.13 01:10:35.317,0.87408,0.87421
2013.03.13 01:10:35.856,0.87408,0.8742
2013.03.13 01:10:36.406,0.87407,0.8742
2013.03.13 01:10:39.586,0.87404,0.87421
2013.03.13 01:10:43.586,0.87407,0.87421
2013.03.13 01:10:51.698,0.87407,0.87421
2013.03.13 01:11:03.436,0.87406,0.87421
2013.03.13 01:11:05.756,0.87406,0.87421
2013.03.13 01:11:21.856,0.87406,0.87421
2013.03.13 01:11:22.927,0.87406,0.87421
2013.03.13 01:11:23.728,0.87409,0.87425
2013.03.13 01:11:24.037,0.87408,0.87421
2013.03.13 01:11:24.516,0.87407,0.8742
2013.03.13 01:11:28.861,0.87407,0.87418
2013.03.13 01:11:54.476,0.87407,0.87421
2013.03.13 01:12:23.626,0.87403,0.87418
2013.03.13 01:12:24.246,0.87403,0.87419
2013.03.13 01:12:26.567,0.87403,0.87418
2013.03.13 01:12:30.186,0.87403,0.87419
2013.03.13 01:12:48.129,0.87405,0.87419
2013.03.13 01:12:49.276,0.87405,0.87419
2013.03.13 01:12:49.807,0.87405,0.87418
2013.03.13 01:12:51.136,0.87405,0.87418
2013.03.13 01:12:51.637,0.87405,0.87417
2013.03.13 01:13:12.881,0.87405,0.87419
2013.03.13 01:13:23.037,0.87405,0.87419
2013.03.13 01:13:31.287,0.87406,0.87419
2013.03.13 01:13:32.066,0.87405,0.87418
2013.03.13 01:13:52.469,0.87406,0.87419
2013.03.13 01:14:09.936,0.87408,0.87419
2013.03.13 01:14:23.886,0.87405,0.87419
2013.03.13 01:14:35.097,0.87408,0.8742
2013.03.13 01:14:35.277,0.87408,0.87422
2013.03.13 01:14:35.794,0.87409,0.87422
2013.03.13 01:14:41.356,0.87409,0.87423
2013.03.13 01:14:50.152,0.87409,0.87423
2013.03.13 01:14:53.387,0.87409,0.87424
2013.03.13 01:14:56.337,0.87409,0.87423
2013.03.13 01:15:34.580,0.87408,0.87424
2013.03.13 01:15:43.932,0.87408,0.87428
2013.03.13 01:15:50.689,0.87408,0.87428
2013.03.13 01:15:52.650,0.87409,0.87424
2013.03.13 01:15:53.077,0.87406,0.87423
2013.03.13 01:16:01.640,0.87408,0.87424
2013.03.13 01:16:05.056,0.87408,0.87424
2013.03.13 01:16:05.657,0.87412,0.87424
2013.03.13 01:16:10.027,0.87412,0.87424
2013.03.13 01:16:20.450,0.87411,0.87424
2013.03.13 01:16:29.406,0.87412,0.87423
2013.03.13 01:16:33.566,0.87412,0.87425
2013.03.13 01:16:47.179,0.87412,0.87424
2013.03.13 01:16:48.497,0.87412,0.87424
2013.03.13 01:17:03.019,0.87412,0.87424
2013.03.13 01:17:25.296,0.87409,0.87425
2013.03.13 01:17:42.555,0.87413,0.87426
2013.03.13 01:17:52.656,0.87413,0.87426
2013.03.13 01:17:54.546,0.87413,0.87426
2013.03.13 01:17:57.472,0.87413,0.87427
2013.03.13 01:18:10.287,0.87413,0.87426
2013.03.13 01:18:22.930,0.87413,0.87426
2013.03.13 01:18:40.206,0.87413,0.87426
2013.03.13 01:18:44.348,0.87413,0.87426
2013.03.13 01:18:49.177,0.87413,0.87426
2013.03.13 01:18:49.726,0.87417,0.87431
2013.03.13 01:18:50.265,0.87417,0.87429
2013.03.13 01:19:07.946,0.87415,0.87428
2013.03.13 01:19:15.636,0.87411,0.87428
2013.03.13 01:19:16.257,0.87416,0.87428
2013.03.13 01:19:16.784,0.87416,0.87431
2013.03.13 01:19:17.099,0.87423,0.87433
2013.03.13 01:19:17.287,0.87423,0.87435
2013.03.13 01:19:17.526,0.87421,0.87434
2013.03.13 01:19:18.186,0.87421,0.87434
2013.03.13 01:19:20.518,0.87419,0.87432
2013.03.13 01:19:20.708,0.87416,0.87429
2013.03.13 01:19:20.956,0.87414,0.87427
2013.03.13 01:19:21.138,0.87413,0.87427
2013.03.13 01:19:21.266,0.87413,0.87426
2013.03.13 01:19:21.386,0.87413,0.87426
2013.03.13 01:19:21.936,0.87413,0.87425
2013.03.13 01:19:22.797,0.87413,0.87425
2013.03.13 01:19:23.346,0.87413,0.87425
2013.03.13 01:19:25.126,0.87412,0.87425
2013.03.13 01:19:28.207,0.87413,0.87425
2013.03.13 01:19:33.496,0.87414,0.87425
2013.03.13 01:19:37.437,0.87414,0.87428
2013.03.13 01:19:45.212,0.87414,0.87428
2013.03.13 01:19:50.217,0.87414,0.87428
2013.03.13 01:20:00.757,0.87414,0.87428
2013.03.13 01:20:01.061,0.87415,0.87428
2013.03.13 01:20:01.308,0.87414,0.87428
2013.03.13 01:20:01.506,0.87412,0.87425
2013.03.13 01:20:01.926,0.87409,0.87424
2013.03.13 01:20:02.106,0.87408,0.87423
2013.03.13 01:20:08.686,0.87409,0.87424
2013.03.13 01:20:10.596,0.8741,0.87424
2013.03.13 01:20:21.236,0.8741,0.87423
2013.03.13 01:20:39.554,0.87409,0.87423
2013.03.13 01:20:47.607,0.87412,0.87423
2013.03.13 01:20:47.967,0.87412,0.87425
2013.03.13 01:21:01.997,0.87412,0.87425
2013.03.13 01:21:06.836,0.87412,0.87427
2013.03.13 01:21:09.562,0.87412,0.87426
2013.03.13 01:21:10.816,0.87412,0.87427
2013.03.13 01:21:16.477,0.87414,0.87427
2013.03.13 01:21:18.938,0.87416,0.87428
2013.03.13 01:21:19.267,0.87415,0.87428
2013.03.13 01:21:22.436,0.87416,0.87429
2013.03.13 01:21:28.467,0.87417,0.87431
2013.03.13 01:21:29.008,0.87419,0.87432
2013.03.13 01:21:41.868,0.87419,0.87434
2013.03.13 01:21:42.857,0.87421,0.87434
2013.03.13 01:21:44.307,0.87421,0.87434
2013.03.13 01:21:47.297,0.87421,0.87434
2013.03.13 01:21:49.161,0.8742,0.87433
2013.03.13 01:21:49.678,0.8742,0.87433
2013.03.13 01:21:52.675,0.8742,0.87433
2013.03.13 01:21:54.676,0.8742,0.87435
2013.03.13 01:21:58.927,0.8742,0.87435
2013.03.13 01:21:59.913,0.8742,0.87435
2013.03.13 01:22:00.457,0.87419,0.87435
2013.03.13 01:22:01.136,0.8742,0.87435
2013.03.13 01:22:55.107,0.87417,0.87437
2013.03.13 01:22:57.918,0.8742,0.87435
2013.03.13 01:23:06.446,0.87422,0.87435
2013.03.13 01:23:18.228,0.87422,0.87436
2013.03.13 01:23:18.362,0.87422,0.87438
2013.03.13 01:23:18.428,0.87423,0.87437
2013.03.13 01:23:18.558,0.87423,0.87438
2013.03.13 01:23:18.868,0.87427,0.87441
2013.03.13 01:23:20.154,0.87426,0.87441
2013.03.13 01:23:23.036,0.87422,0.87438
2013.03.13 01:23:23.396,0.87419,0.87434
2013.03.13 01:23:25.017,0.87419,0.87434
2013.03.13 01:23:26.066,0.87418,0.87434
2013.03.13 01:23:26.996,0.8742,0.87435
2013.03.13 01:23:36.912,0.87418,0.87434
2013.03.13 01:23:37.450,0.87418,0.87433
2013.03.13 01:23:44.388,0.87418,0.87434
2013.03.13 01:23:47.866,0.87418,0.87434
2013.03.13 01:24:05.206,0.87416,0.87434
2013.03.13 01:24:11.189,0.87416,0.87432
2013.03.13 01:24:11.264,0.87416,0.87432
2013.03.13 01:24:11.335,0.87415,0.87432
2013.03.13 01:24:11.404,0.87414,0.87432
2013.03.13 01:24:11.706,0.87413,0.87428
2013.03.13 01:24:11.951,0.87413,0.87428
2013.03.13 01:24:12.734,0.87413,0.87427
2013.03.13 01:24:19.467,0.87416,0.8743
2013.03.13 01:24:59.916,0.87415,0.87429
2013.03.13 01:25:03.557,0.87415,0.87428
2013.03.13 01:25:07.867,0.87415,0.87429
2013.03.13 01:25:08.456,0.87417,0.87431
2013.03.13 01:25:10.836,0.87417,0.87432
2013.03.13 01:25:12.070,0.87418,0.87433
2013.03.13 01:25:18.186,0.8742,0.87434
2013.03.13 01:25:23.867,0.87419,0.87434
2013.03.13 01:25:24.407,0.87418,0.87433
2013.03.13 01:25:24.615,0.87418,0.87433
2013.03.13 01:25:29.747,0.87418,0.87431
2013.03.13 01:25:32.168,0.87418,0.87433
2013.03.13 01:25:40.589,0.87417,0.87433
2013.03.13 01:25:45.382,0.87417,0.87431
2013.03.13 01:25:54.207,0.87418,0.8743
2013.03.13 01:26:20.391,0.87418,0.87433
2013.03.13 01:26:47.127,0.87418,0.87433
2013.03.13 01:26:47.197,0.87418,0.87433
2013.03.13 01:26:50.928,0.87422,0.87437
2013.03.13 01:26:51.297,0.87425,0.87441
2013.03.13 01:26:51.419,0.87425,0.87441
2013.03.13 01:26:52.507,0.87425,0.87441
2013.03.13 01:26:58.220,0.87425,0.87441
2013.03.13 01:27:04.707,0.87427,0.87438
2013.03.13 01:27:05.127,0.87427,0.87441
2013.03.13 01:27:17.877,0.87427,0.87441
2013.03.13 01:27:44.906,0.87423,0.87439
2013.03.13 01:27:52.938,0.87423,0.87438
2013.03.13 01:27:53.774,0.87427,0.8744
2013.03.13 01:27:53.865,0.87432,0.87447
2013.03.13 01:27:53.929,0.87433,0.87447
2013.03.13 01:27:53.999,0.87433,0.87448
2013.03.13 01:27:54.138,0.87433,0.87447
2013.03.13 01:27:54.447,0.87434,0.87447
2013.03.13 01:27:57.746,0.87434,0.87447
2013.03.13 01:28:01.548,0.87431,0.87447
2013.03.13 01:28:02.067,0.87431,0.87446
2013.03.13 01:28:05.948,0.87431,0.87447
2013.03.13 01:28:07.247,0.87431,0.87447
2013.03.13 01:28:09.667,0.87433,0.87448
2013.03.13 01:28:11.396,0.87431,0.87447
2013.03.13 01:28:11.457,0.87431,0.87444
2013.03.13 01:28:11.517,0.87431,0.87444
2013.03.13 01:28:11.637,0.87431,0.87444
2013.03.13 01:28:11.698,0.87431,0.87448
2013.03.13 01:28:12.248,0.87432,0.87449
2013.03.13 01:28:13.181,0.87432,0.87449
2013.03.13 01:28:31.168,0.87432,0.87448
2013.03.13 01:28:35.856,0.87434,0.87448
2013.03.13 01:28:40.392,0.87431,0.87448
2013.03.13 01:28:41.757,0.87433,0.87449
2013.03.13 01:28:42.298,0.87438,0.87452
2013.03.13 01:28:42.359,0.87438,0.87453
2013.03.13 01:28:42.917,0.87438,0.87453
2013.03.13 01:28:46.249,0.87438,0.87453
2013.03.13 01:28:49.677,0.8744,0.87453
2013.03.13 01:28:50.199,0.8744,0.87453
2013.03.13 01:28:52.193,0.8744,0.87453
2013.03.13 01:28:58.587,0.8744,0.87453
2013.03.13 01:29:01.507,0.87444,0.87459
2013.03.13 01:29:01.709,0.87444,0.87457
2013.03.13 01:29:01.900,0.87445,0.87461
2013.03.13 01:29:02.029,0.87445,0.8746
2013.03.13 01:29:02.531,0.87447,0.87459
2013.03.13 01:29:03.077,0.87447,0.87459
2013.03.13 01:29:04.337,0.87445,0.87459
2013.03.13 01:29:04.404,0.87445,0.87458
2013.03.13 01:29:05.438,0.87441,0.87455
2013.03.13 01:29:08.262,0.87441,0.87455
2013.03.13 01:29:12.217,0.87441,0.87454
2013.03.13 01:29:13.358,0.87441,0.87454
2013.03.13 01:29:14.907,0.87439,0.87453
2013.03.13 01:29:23.627,0.87437,0.8745
2013.03.13 01:29:23.688,0.87437,0.8745
2013.03.13 01:29:24.244,0.87439,0.87452
2013.03.13 01:29:27.878,0.87437,0.8745
2013.03.13 01:29:28.557,0.87436,0.8745
2013.03.13 01:29:28.771,0.87436,0.8745
2013.03.13 01:29:29.137,0.87434,0.8745
2013.03.13 01:29:29.677,0.87434,0.87448
2013.03.13 01:29:37.379,0.87432,0.87449
2013.03.13 01:29:37.818,0.87431,0.87449
2013.03.13 01:29:38.357,0.87435,0.8745
2013.03.13 01:29:39.447,0.87435,0.87449
2013.03.13 01:29:40.679,0.87437,0.87451
2013.03.13 01:29:41.188,0.87437,0.87451
2013.03.13 01:29:42.459,0.87436,0.87451
2013.03.13 01:29:43.018,0.87437,0.87451
2013.03.13 01:29:43.559,0.87437,0.87451
2013.03.13 01:29:50.267,0.87441,0.87451
2013.03.13 01:29:50.749,0.8744,0.87453
2013.03.13 01:29:55.478,0.87441,0.87455
2013.03.13 01:29:58.177,0.87441,0.87456
2013.03.13 01:29:58.716,0.87441,0.87456
2013.03.13 01:29:59.697,0.87441,0.87458
2013.03.13 01:30:00.577,0.8744,0.87455
2013.03.13 01:30:00.940,0.8744,0.87455
2013.03.13 01:30:01.009,0.8744,0.87455
2013.03.13 01:30:01.488,0.87438,0.87451
2013.03.13 01:30:02.028,0.87438,0.87451
2013.03.13 01:30:03.038,0.87438,0.87451
2013.03.13 01:30:04.399,0.87439,0.87454
2013.03.13 01:30:06.887,0.87437,0.87453
2013.03.13 01:30:07.428,0.87437,0.87453
2013.03.13 01:30:07.487,0.87437,0.87452
2013.03.13 01:30:07.609,0.87438,0.87451
2013.03.13 01:30:08.098,0.87437,0.8745
2013.03.13 01:30:08.657,0.87433,0.87448
2013.03.13 01:30:10.398,0.87433,0.87448
2013.03.13 01:30:10.997,0.87435,0.8745
2013.03.13 01:30:11.335,0.87435,0.87452
2013.03.13 01:30:11.827,0.87435,0.8745
2013.03.13 01:30:29.717,0.87435,0.8745
2013.03.13 01:30:46.017,0.87436,0.87453
2013.03.13 01:30:47.293,0.87436,0.87454
2013.03.13 01:30:51.557,0.87436,0.87452
2013.03.13 01:30:52.258,0.87438,0.87453
2013.03.13 01:30:52.579,0.87438,0.87454
2013.03.13 01:30:55.807,0.87439,0.87454
2013.03.13 01:31:02.421,0.87442,0.87454
2013.03.13 01:31:02.978,0.87441,0.87457
2013.03.13 01:31:03.519,0.87438,0.87454
2013.03.13 01:31:06.027,0.87439,0.87457
2013.03.13 01:31:06.708,0.87439,0.87457
2013.03.13 01:31:09.127,0.87439,0.87457
2013.03.13 01:31:24.988,0.87438,0.87452
2013.03.13 01:31:28.968,0.87438,0.87454
2013.03.13 01:31:29.358,0.8744,0.87454
2013.03.13 01:31:30.180,0.8744,0.87458
2013.03.13 01:31:30.368,0.87441,0.87457
2013.03.13 01:31:30.883,0.87443,0.87457
2013.03.13 01:31:31.589,0.87442,0.87458
2013.03.13 01:31:32.377,0.87442,0.87459
2013.03.13 01:31:32.918,0.87441,0.87459
2013.03.13 01:31:33.039,0.87441,0.87458
2013.03.13 01:31:34.458,0.8744,0.87457
2013.03.13 01:31:37.672,0.8744,0.87454
2013.03.13 01:31:38.219,0.87442,0.87454
2013.03.13 01:31:38.855,0.87441,0.87456
2013.03.13 01:31:40.803,0.87442,0.87455
2013.03.13 01:31:41.727,0.87442,0.87455
2013.03.13 01:31:41.947,0.8744,0.87454
2013.03.13 01:31:42.428,0.8744,0.87454
2013.03.13 01:31:42.969,0.8744,0.87454
2013.03.13 01:31:46.299,0.87441,0.87456
2013.03.13 01:31:47.328,0.87441,0.87456
2013.03.13 01:31:49.271,0.87441,0.87458
2013.03.13 01:31:49.768,0.87441,0.87458
2013.03.13 01:31:51.408,0.87443,0.87458
2013.03.13 01:31:52.069,0.87443,0.87458
2013.03.13 01:31:55.407,0.8744,0.87455
2013.03.13 01:31:55.949,0.8744,0.87454
2013.03.13 01:31:56.452,0.87442,0.87452
2013.03.13 01:31:56.821,0.87438,0.87451
2013.03.13 01:31:58.297,0.87436,0.87452
2013.03.13 01:31:59.348,0.87437,0.8745
2013.03.13 01:31:59.470,0.87437,0.8745
2013.03.13 01:31:59.787,0.87433,0.87447
2013.03.13 01:32:00.389,0.87433,0.87447
2013.03.13 01:32:02.339,0.87433,0.8745
2013.03.13 01:32:07.752,0.87436,0.87452
2013.03.13 01:32:07.880,0.87439,0.87452
2013.03.13 01:32:08.311,0.87438,0.87452
2013.03.13 01:32:08.858,0.87435,0.87451
2013.03.13 01:32:10.429,0.87434,0.87448
2013.03.13 01:32:10.978,0.87434,0.87447
2013.03.13 01:32:22.348,0.87437,0.87447
2013.03.13 01:32:23.248,0.87437,0.87447
2013.03.13 01:32:26.777,0.87435,0.87448
2013.03.13 01:32:34.488,0.87437,0.87448
2013.03.13 01:32:38.987,0.87436,0.87448
2013.03.13 01:32:55.307,0.87436,0.87448
2013.03.13 01:32:57.208,0.87436,0.87449
2013.03.13 01:32:58.869,0.87438,0.87449
2013.03.13 01:32:59.969,0.87439,0.87452
2013.03.13 01:33:00.027,0.87441,0.87455
2013.03.13 01:33:00.207,0.87442,0.87455
2013.03.13 01:33:00.268,0.87442,0.87456
2013.03.13 01:33:02.008,0.87442,0.87455
2013.03.13 01:33:27.903,0.8744,0.87456
2013.03.13 01:33:31.008,0.8744,0.87456
2013.03.13 01:33:53.686,0.87442,0.87456
2013.03.13 01:33:54.217,0.87442,0.87455
2013.03.13 01:33:59.112,0.87442,0.87455
2013.03.13 01:34:01.148,0.87446,0.87459
2013.03.13 01:34:04.658,0.87446,0.87461
2013.03.13 01:34:07.148,0.87447,0.87462
2013.03.13 01:34:07.267,0.87447,0.87462
2013.03.13 01:34:11.811,0.87446,0.87461
2013.03.13 01:34:16.078,0.87447,0.8746
2013.03.13 01:34:16.859,0.87447,0.8746
2013.03.13 01:34:19.947,0.87447,0.8746
2013.03.13 01:34:36.029,0.87446,0.8746
2013.03.13 01:34:39.786,0.87446,0.87462
2013.03.13 01:34:40.478,0.87446,0.8746
2013.03.13 01:34:41.038,0.87446,0.8746
2013.03.13 01:34:41.638,0.87443,0.87458
2013.03.13 01:34:41.758,0.87442,0.87459
2013.03.13 01:34:42.057,0.87442,0.87455
2013.03.13 01:34:46.137,0.87441,0.87455
2013.03.13 01:34:47.082,0.87441,0.87455
2013.03.13 01:34:48.519,0.87441,0.87455
2013.03.13 01:34:49.057,0.87441,0.87454
2013.03.13 01:34:49.608,0.8744,0.87454
2013.03.13 01:34:50.477,0.87441,0.87454
2013.03.13 01:34:51.051,0.87441,0.87454
2013.03.13 01:34:51.751,0.87441,0.87456
2013.03.13 01:34:54.668,0.87437,0.87454
2013.03.13 01:34:54.850,0.87436,0.87452
2013.03.13 01:34:54.918,0.87435,0.87452
2013.03.13 01:34:55.158,0.87433,0.8745
2013.03.13 01:34:55.338,0.87434,0.8745
2013.03.13 01:34:55.698,0.87434,0.87448
2013.03.13 01:34:56.058,0.87436,0.8745
2013.03.13 01:34:56.178,0.87435,0.8745
2013.03.13 01:34:56.358,0.87436,0.8745
2013.03.13 01:34:56.607,0.87434,0.87448
2013.03.13 01:34:57.028,0.87431,0.87447
2013.03.13 01:34:57.337,0.87433,0.87446
2013.03.13 01:34:58.118,0.87428,0.87444
2013.03.13 01:34:59.168,0.87428,0.87444
2013.03.13 01:35:04.668,0.87427,0.87444
2013.03.13 01:35:04.789,0.87425,0.87442
2013.03.13 01:35:04.988,0.87424,0.87441
2013.03.13 01:35:05.048,0.87423,0.87441
2013.03.13 01:35:05.168,0.87423,0.87439
2013.03.13 01:35:05.227,0.87423,0.8744
2013.03.13 01:35:05.348,0.87423,0.87438
2013.03.13 01:35:05.827,0.87424,0.87441
2013.03.13 01:35:07.688,0.87424,0.87442
2013.03.13 01:35:11.898,0.87426,0.87443
2013.03.13 01:35:12.379,0.87429,0.87443
2013.03.13 01:35:15.328,0.87428,0.87441
2013.03.13 01:35:16.496,0.87428,0.87441
2013.03.13 01:35:25.133,0.87428,0.87442
2013.03.13 01:35:25.928,0.87425,0.8744
2013.03.13 01:35:26.573,0.87425,0.8744
2013.03.13 01:35:34.977,0.87425,0.87441
2013.03.13 01:35:37.479,0.87425,0.8744
2013.03.13 01:35:37.968,0.87423,0.8744
2013.03.13 01:35:40.710,0.87423,0.87437
2013.03.13 01:35:41.582,0.87423,0.87438
2013.03.13 01:35:44.849,0.8742,0.87437
2013.03.13 01:35:45.379,0.87421,0.87437
2013.03.13 01:35:48.768,0.87421,0.87436
2013.03.13 01:35:49.308,0.87419,0.87435
2013.03.13 01:35:49.847,0.87419,0.87435
2013.03.13 01:35:51.358,0.87418,0.87434
2013.03.13 01:35:52.467,0.87418,0.87434
2013.03.13 01:35:52.528,0.87418,0.87433
2013.03.13 01:35:52.649,0.87418,0.87433
2013.03.13 01:35:53.200,0.87419,0.87433
2013.03.13 01:35:53.867,0.87419,0.87434
2013.03.13 01:35:56.089,0.87419,0.87434
2013.03.13 01:36:10.574,0.87421,0.87433
2013.03.13 01:36:15.642,0.87421,0.87433
2013.03.13 01:36:24.088,0.87422,0.87433
2013.03.13 01:36:34.689,0.87423,0.87434
2013.03.13 01:36:40.738,0.87422,0.87434
2013.03.13 01:36:47.959,0.87416,0.8743
2013.03.13 01:36:48.317,0.87416,0.8743
2013.03.13 01:37:00.848,0.87416,0.8743
2013.03.13 01:37:01.387,0.87415,0.8743
2013.03.13 01:37:15.978,0.87415,0.8743
2013.03.13 01:37:19.489,0.87415,0.8743
2013.03.13 01:37:20.608,0.87415,0.8743
2013.03.13 01:37:23.190,0.87417,0.8743
2013.03.13 01:37:23.259,0.87417,0.8743
2013.03.13 01:37:23.389,0.87419,0.8743
2013.03.13 01:37:23.449,0.87418,0.8743
2013.03.13 01:37:23.592,0.87419,0.8743
2013.03.13 01:37:28.108,0.87416,0.87431
2013.03.13 01:37:28.229,0.87412,0.87427
2013.03.13 01:37:28.359,0.87411,0.87427
2013.03.13 01:37:28.479,0.87411,0.87425
2013.03.13 01:37:28.541,0.87411,0.87425
2013.03.13 01:37:28.728,0.87411,0.87423
2013.03.13 01:37:29.933,0.87411,0.87425
2013.03.13 01:37:30.598,0.87411,0.87425
2013.03.13 01:37:35.651,0.87411,0.87425
2013.03.13 01:37:37.129,0.87411,0.87426
2013.03.13 01:37:40.469,0.87411,0.87426
2013.03.13 01:37:41.198,0.87412,0.87428
2013.03.13 01:37:51.529,0.87413,0.87428
2013.03.13 01:38:03.269,0.87415,0.87429
2013.03.13 01:38:03.579,0.87415,0.87428
2013.03.13 01:38:03.758,0.87415,0.87429
2013.03.13 01:38:08.754,0.87419,0.87431
2013.03.13 01:38:08.998,0.87419,0.87431
2013.03.13 01:38:09.538,0.87419,0.87432
2013.03.13 01:38:10.018,0.87419,0.87433
2013.03.13 01:38:10.598,0.87421,0.87434
2013.03.13 01:38:10.718,0.87421,0.87432
2013.03.13 01:38:10.908,0.87421,0.87433
2013.03.13 01:38:14.950,0.87418,0.87433
2013.03.13 01:38:15.447,0.87418,0.87432
2013.03.13 01:38:17.771,0.87418,0.8743
2013.03.13 01:38:17.898,0.87414,0.8743
2013.03.13 01:38:18.138,0.87412,0.87429
2013.03.13 01:38:18.687,0.87408,0.87426
2013.03.13 01:38:23.968,0.87408,0.87426
2013.03.13 01:38:24.207,0.87416,0.87426
2013.03.13 01:38:24.448,0.8742,0.87428
2013.03.13 01:38:24.628,0.87415,0.87428
2013.03.13 01:38:24.689,0.87415,0.87433
2013.03.13 01:38:24.749,0.87415,0.87432
2013.03.13 01:38:25.058,0.87419,0.87432
2013.03.13 01:38:25.550,0.87419,0.87434
2013.03.13 01:38:26.098,0.8742,0.87435
2013.03.13 01:38:27.668,0.87417,0.87433
2013.03.13 01:38:27.858,0.87417,0.87432
2013.03.13 01:38:28.422,0.8742,0.87433
2013.03.13 01:38:29.049,0.87422,0.87434
2013.03.13 01:38:29.618,0.87419,0.87433
2013.03.13 01:38:31.778,0.87416,0.87432
2013.03.13 01:38:36.681,0.87414,0.87432
2013.03.13 01:38:39.718,0.87416,0.87432
2013.03.13 01:38:40.227,0.87416,0.87432
2013.03.13 01:38:42.028,0.87416,0.87432
2013.03.13 01:38:42.796,0.87414,0.87432
2013.03.13 01:38:42.867,0.87413,0.8743
2013.03.13 01:38:44.825,0.87413,0.87431
2013.03.13 01:38:45.360,0.87413,0.87431
2013.03.13 01:38:45.908,0.87413,0.87431
2013.03.13 01:38:45.969,0.87413,0.87431
2013.03.13 01:38:46.208,0.87413,0.87431
2013.03.13 01:38:46.448,0.87413,0.87431
2013.03.13 01:38:46.999,0.87415,0.87431
2013.03.13 01:38:47.518,0.87415,0.87431
2013.03.13 01:38:47.578,0.87415,0.87431
2013.03.13 01:38:47.698,0.87415,0.87431
2013.03.13 01:38:47.937,0.87415,0.87431
2013.03.13 01:38:48.479,0.87415,0.87431
2013.03.13 01:38:48.718,0.87415,0.87431
2013.03.13 01:38:48.958,0.87415,0.8743
2013.03.13 01:38:49.198,0.87415,0.87431
2013.03.13 01:38:49.827,0.87415,0.8743
2013.03.13 01:38:49.948,0.87415,0.87431
2013.03.13 01:38:50.128,0.87415,0.87431
2013.03.13 01:38:50.679,0.87415,0.87431
2013.03.13 01:38:58.288,0.87415,0.87431
2013.03.13 01:39:05.437,0.87415,0.87432
2013.03.13 01:39:12.710,0.87415,0.87432
2013.03.13 01:39:13.217,0.87415,0.87432
2013.03.13 01:39:16.319,0.87417,0.87433
2013.03.13 01:39:16.999,0.87417,0.87434
2013.03.13 01:39:19.620,0.87417,0.87434
2013.03.13 01:39:31.348,0.87418,0.87434
2013.03.13 01:39:31.708,0.87417,0.87433
2013.03.13 01:39:35.269,0.87418,0.87433
2013.03.13 01:39:48.569,0.87417,0.87434
2013.03.13 01:39:49.108,0.87419,0.87435
2013.03.13 01:39:49.628,0.87419,0.87436
2013.03.13 01:39:50.168,0.87418,0.87433
2013.03.13 01:39:50.718,0.87418,0.87432
2013.03.13 01:39:51.199,0.87417,0.87434
2013.03.13 01:39:52.419,0.87419,0.87434
2013.03.13 01:39:52.660,0.87422,0.87436
2013.03.13 01:39:53.748,0.87422,0.87436
2013.03.13 01:39:55.409,0.8742,0.87434
2013.03.13 01:39:55.711,0.87424,0.87439
2013.03.13 01:39:57.972,0.87423,0.87439
2013.03.13 01:39:58.362,0.87418,0.87433
2013.03.13 01:39:58.491,0.87418,0.87432
2013.03.13 01:40:01.808,0.87417,0.87433
2013.03.13 01:40:03.414,0.87418,0.87434
2013.03.13 01:40:04.459,0.87419,0.87433
2013.03.13 01:40:04.978,0.87417,0.87433
2013.03.13 01:40:05.401,0.87417,0.87433
2013.03.13 01:40:28.548,0.87421,0.87435
2013.03.13 01:40:35.579,0.87422,0.87435
2013.03.13 01:40:39.648,0.87422,0.87435
2013.03.13 01:40:41.160,0.87423,0.87436
2013.03.13 01:40:41.709,0.87421,0.87436
2013.03.13 01:40:42.789,0.87419,0.87433
2013.03.13 01:40:46.688,0.8742,0.87433
2013.03.13 01:40:47.459,0.87419,0.87432
2013.03.13 01:40:53.401,0.87418,0.87433
2013.03.13 01:40:53.969,0.8742,0.87434
2013.03.13 01:40:58.140,0.87418,0.87433
2013.03.13 01:41:00.330,0.87416,0.8743
2013.03.13 01:41:01.740,0.87416,0.87432
2013.03.13 01:41:02.288,0.87415,0.87431
2013.03.13 01:41:04.311,0.87415,0.87429
2013.03.13 01:41:04.743,0.87418,0.87432
2013.03.13 01:41:05.289,0.87414,0.87432
2013.03.13 01:41:06.179,0.87411,0.87428
2013.03.13 01:41:06.718,0.87411,0.87428
2013.03.13 01:41:07.371,0.87417,0.87432
2013.03.13 01:41:07.440,0.87418,0.87433
2013.03.13 01:41:07.680,0.87419,0.87433
2013.03.13 01:41:07.810,0.87419,0.87435
2013.03.13 01:41:08.060,0.8742,0.87435
2013.03.13 01:41:11.520,0.87419,0.87436
2013.03.13 01:41:16.310,0.87421,0.87436
2013.03.13 01:41:17.066,0.87421,0.87437
2013.03.13 01:41:34.296,0.8742,0.87437
2013.03.13 01:41:40.789,0.8742,0.87437
2013.03.13 01:41:43.100,0.87421,0.87437
2013.03.13 01:41:49.056,0.87421,0.87437
2013.03.13 01:42:12.958,0.87424,0.87438
2013.03.13 01:42:13.809,0.87425,0.87438
2013.03.13 01:42:14.111,0.87426,0.8744
2013.03.13 01:42:14.179,0.87426,0.8744
2013.03.13 01:42:14.300,0.87426,0.87441
2013.03.13 01:42:14.856,0.87429,0.87441
2013.03.13 01:42:16.236,0.87426,0.87441
2013.03.13 01:42:16.920,0.87426,0.87441
2013.03.13 01:42:25.586,0.87429,0.87442
2013.03.13 01:42:35.379,0.87428,0.87441
2013.03.13 01:42:35.438,0.87428,0.87441
2013.03.13 01:42:42.359,0.87428,0.87442
2013.03.13 01:42:44.738,0.87428,0.87442
2013.03.13 01:42:46.990,0.87428,0.87442
2013.03.13 01:42:50.998,0.87428,0.87442
2013.03.13 01:42:51.551,0.87429,0.87443
2013.03.13 01:42:52.059,0.8743,0.87443
2013.03.13 01:42:52.598,0.87431,0.87443
2013.03.13 01:42:53.168,0.87431,0.87443
2013.03.13 01:42:53.899,0.87428,0.87443
2013.03.13 01:42:54.258,0.87427,0.87441
2013.03.13 01:42:54.570,0.87427,0.87443
2013.03.13 01:42:54.869,0.87428,0.87443
2013.03.13 01:42:57.265,0.87429,0.87443
2013.03.13 01:42:57.859,0.87429,0.87442
2013.03.13 01:42:58.409,0.87428,0.87441
2013.03.13 01:43:05.643,0.87426,0.87441
2013.03.13 01:43:06.466,0.87428,0.87441
2013.03.13 01:43:06.539,0.87429,0.87442
2013.03.13 01:43:33.344,0.87428,0.87441
2013.03.13 01:43:45.708,0.87429,0.87442
2013.03.13 01:44:03.829,0.8743,0.87441
2013.03.13 01:44:04.607,0.8743,0.87441
2013.03.13 01:44:05.263,0.8743,0.87441
2013.03.13 01:44:15.749,0.87428,0.87441
2013.03.13 01:44:17.560,0.87428,0.87441
2013.03.13 01:44:23.272,0.87429,0.87442
2013.03.13 01:44:27.985,0.87427,0.87439
2013.03.13 01:44:28.509,0.87427,0.87438
2013.03.13 01:44:32.879,0.87427,0.87438
2013.03.13 01:44:43.894,0.87428,0.8744
2013.03.13 01:44:48.408,0.87428,0.87442
2013.03.13 01:44:59.872,0.87428,0.87441
2013.03.13 01:45:04.039,0.87428,0.87441
2013.03.13 01:45:17.159,0.87429,0.87445
2013.03.13 01:45:28.288,0.87429,0.87445
2013.03.13 01:45:31.874,0.87429,0.87445
2013.03.13 01:45:38.751,0.87429,0.87445
2013.03.13 01:45:39.067,0.87431,0.87444
2013.03.13 01:45:41.940,0.87429,0.87443
2013.03.13 01:45:42.000,0.87429,0.87443
2013.03.13 01:45:48.448,0.87429,0.87443
2013.03.13 01:45:48.750,0.8743,0.87444
2013.03.13 01:45:49.289,0.87434,0.87444
2013.03.13 01:45:49.408,0.87434,0.87446
2013.03.13 01:45:50.058,0.87435,0.87446
2013.03.13 01:45:50.568,0.87435,0.87448
2013.03.13 01:45:50.809,0.87438,0.8745
2013.03.13 01:45:51.909,0.87436,0.87451
2013.03.13 01:45:52.473,0.87436,0.87451
2013.03.13 01:45:52.659,0.87438,0.87453
2013.03.13 01:45:52.900,0.87439,0.87453
2013.03.13 01:45:53.906,0.8744,0.87455
2013.03.13 01:45:54.230,0.87444,0.87456
2013.03.13 01:45:54.870,0.87444,0.87456
2013.03.13 01:45:55.250,0.87444,0.87458
2013.03.13 01:45:55.429,0.87444,0.87457
2013.03.13 01:45:55.490,0.87444,0.87457
2013.03.13 01:45:56.079,0.87444,0.87457
2013.03.13 01:45:57.640,0.87444,0.87457
2013.03.13 01:45:57.818,0.87444,0.87457
2013.03.13 01:45:58.120,0.87443,0.87457
2013.03.13 01:45:58.479,0.87443,0.87455
2013.03.13 01:45:59.083,0.87442,0.87455
2013.03.13 01:45:59.589,0.87442,0.87455
2013.03.13 01:46:03.349,0.87442,0.87454
2013.03.13 01:46:04.749,0.87442,0.87452
2013.03.13 01:46:05.332,0.87442,0.87452
2013.03.13 01:46:08.129,0.8744,0.87453
2013.03.13 01:46:10.938,0.87441,0.87451
2013.03.13 01:46:14.340,0.8744,0.87452
2013.03.13 01:46:25.230,0.87442,0.87453
2013.03.13 01:46:29.521,0.87441,0.87452
2013.03.13 01:46:35.639,0.87441,0.87451
2013.03.13 01:46:37.970,0.87439,0.87451
2013.03.13 01:46:38.210,0.87439,0.87451
2013.03.13 01:46:38.749,0.87438,0.8745
2013.03.13 01:46:38.990,0.87436,0.87447
2013.03.13 01:46:45.449,0.87436,0.87447
2013.03.13 01:46:47.192,0.87436,0.87448
2013.03.13 01:46:48.000,0.87436,0.87451
2013.03.13 01:46:51.914,0.87438,0.87452
2013.03.13 01:46:52.703,0.87438,0.87452
2013.03.13 01:46:53.031,0.8744,0.87452
2013.03.13 01:46:57.679,0.87439,0.87451
2013.03.13 01:46:57.920,0.8744,0.87447
2013.03.13 01:46:57.980,0.87439,0.87447
2013.03.13 01:46:58.459,0.87437,0.8745
2013.03.13 01:47:00.979,0.87435,0.87451
2013.03.13 01:47:19.460,0.87435,0.87446
2013.03.13 01:47:27.609,0.87433,0.87446
2013.03.13 01:47:31.460,0.87434,0.87446
2013.03.13 01:47:35.993,0.8743,0.87448
2013.03.13 01:47:36.062,0.8743,0.87446
2013.03.13 01:47:36.439,0.87431,0.87446
2013.03.13 01:47:43.240,0.8743,0.87446
2013.03.13 01:47:43.789,0.87431,0.87447
2013.03.13 01:47:48.820,0.87431,0.87448
2013.03.13 01:47:49.369,0.87433,0.8745
2013.03.13 01:47:49.891,0.87433,0.8745
2013.03.13 01:47:59.339,0.87433,0.87451
2013.03.13 01:48:00.241,0.87439,0.87452
2013.03.13 01:48:00.914,0.87439,0.87452
2013.03.13 01:48:01.218,0.87439,0.87451
2013.03.13 01:48:06.010,0.87439,0.87454
2013.03.13 01:48:10.702,0.87439,0.87454
2013.03.13 01:48:15.969,0.87439,0.87455
2013.03.13 01:48:16.029,0.8744,0.87455
2013.03.13 01:48:20.189,0.87442,0.87456
2013.03.13 01:48:23.885,0.87443,0.87456
2013.03.13 01:48:27.681,0.87441,0.87456
2013.03.13 01:48:28.278,0.87441,0.87456
2013.03.13 01:48:30.490,0.87439,0.87455
2013.03.13 01:48:30.614,0.87439,0.87453
2013.03.13 01:48:30.680,0.87439,0.87454
2013.03.13 01:48:31.219,0.87439,0.87454
2013.03.13 01:48:32.209,0.87441,0.87456
2013.03.13 01:48:40.789,0.87441,0.87456
2013.03.13 01:48:43.540,0.87441,0.87456
2013.03.13 01:48:44.079,0.87441,0.87456
2013.03.13 01:48:46.679,0.8744,0.87456
2013.03.13 01:48:48.267,0.87441,0.87456
2013.03.13 01:48:48.390,0.87441,0.87456
2013.03.13 01:48:50.869,0.87441,0.87454
2013.03.13 01:48:51.373,0.87441,0.87454
2013.03.13 01:48:54.270,0.8744,0.87453
2013.03.13 01:48:54.649,0.8744,0.87454
2013.03.13 01:48:55.718,0.87439,0.87453
2013.03.13 01:49:16.639,0.8744,0.87454
2013.03.13 01:49:17.707,0.8744,0.87452
2013.03.13 01:49:18.611,0.8744,0.87454
2013.03.13 01:49:18.850,0.8744,0.87454
2013.03.13 01:49:19.439,0.8744,0.87454
2013.03.13 01:49:21.670,0.87443,0.87455
2013.03.13 01:49:21.979,0.87443,0.87457
2013.03.13 01:49:23.671,0.87447,0.87458
2013.03.13 01:49:23.860,0.87447,0.8746
2013.03.13 01:49:23.920,0.87447,0.8746
2013.03.13 01:49:24.230,0.87447,0.87461
2013.03.13 01:49:25.779,0.87447,0.8746
2013.03.13 01:49:28.039,0.87447,0.8746
2013.03.13 01:49:28.641,0.87445,0.8746
2013.03.13 01:49:31.069,0.87448,0.87464
2013.03.13 01:49:34.114,0.87448,0.87464
2013.03.13 01:49:37.850,0.87448,0.87464
2013.03.13 01:49:38.160,0.87448,0.87466
2013.03.13 01:49:38.716,0.87448,0.87466
2013.03.13 01:49:39.789,0.87448,0.87466
2013.03.13 01:49:39.849,0.87448,0.87466
2013.03.13 01:49:40.521,0.87451,0.87467
2013.03.13 01:49:41.060,0.87452,0.87467
2013.03.13 01:49:41.119,0.87452,0.87467
2013.03.13 01:49:43.729,0.87452,0.87468
2013.03.13 01:49:44.379,0.87451,0.87468
2013.03.13 01:49:44.602,0.87451,0.87468
2013.03.13 01:49:45.530,0.87452,0.87468
2013.03.13 01:49:48.600,0.87454,0.87469
2013.03.13 01:49:50.776,0.87454,0.87469
2013.03.13 01:49:53.832,0.87454,0.87469
2013.03.13 01:50:02.419,0.87452,0.87465
2013.03.13 01:50:03.080,0.87451,0.87464
2013.03.13 01:50:03.630,0.87451,0.87465
2013.03.13 01:50:06.541,0.87452,0.87465
2013.03.13 01:50:08.912,0.87449,0.87463
2013.03.13 01:50:09.700,0.87449,0.87462
2013.03.13 01:50:10.240,0.87449,0.87462
2013.03.13 01:50:10.901,0.87449,0.87462
2013.03.13 01:50:11.089,0.87449,0.87462
2013.03.13 01:50:17.402,0.87448,0.87461
2013.03.13 01:50:17.949,0.87447,0.87461
2013.03.13 01:50:19.760,0.87446,0.87461
2013.03.13 01:50:27.499,0.87446,0.87461
2013.03.13 01:50:35.429,0.87446,0.87461
2013.03.13 01:50:41.422,0.87446,0.87461
2013.03.13 01:50:43.569,0.87446,0.87461
2013.03.13 01:50:45.220,0.87447,0.87462
2013.03.13 01:50:45.817,0.87447,0.87463
2013.03.13 01:50:54.010,0.87447,0.87462
2013.03.13 01:51:05.810,0.87447,0.87462
2013.03.13 01:51:09.619,0.87448,0.87463
2013.03.13 01:51:09.861,0.87448,0.87463
2013.03.13 01:51:14.660,0.87449,0.87463
2013.03.13 01:51:15.931,0.87449,0.87463
2013.03.13 01:51:21.152,0.87451,0.87464
2013.03.13 01:51:25.573,0.87449,0.87463
2013.03.13 01:51:25.820,0.87448,0.87462
2013.03.13 01:51:37.329,0.87447,0.87462
2013.03.13 01:51:37.571,0.87447,0.87462
2013.03.13 01:51:37.691,0.87447,0.87462
2013.03.13 01:51:38.280,0.87447,0.87461
2013.03.13 01:51:44.590,0.87447,0.87462
2013.03.13 01:51:48.860,0.87444,0.8746
2013.03.13 01:51:48.981,0.87444,0.87458
2013.03.13 01:51:49.412,0.87444,0.87458
2013.03.13 01:51:53.910,0.87442,0.87458
2013.03.13 01:51:59.681,0.87442,0.87458
2013.03.13 01:52:02.212,0.87442,0.87458
2013.03.13 01:52:05.690,0.87442,0.87458
2013.03.13 01:52:05.811,0.87442,0.87458
2013.03.13 01:52:06.243,0.87441,0.87457
2013.03.13 01:52:10.892,0.87444,0.8746
2013.03.13 01:52:17.000,0.87444,0.8746
2013.03.13 01:52:19.110,0.87444,0.8746
2013.03.13 01:52:28.020,0.87444,0.8746
2013.03.13 01:52:33.093,0.87443,0.8746
2013.03.13 01:52:35.549,0.8744,0.87455
2013.03.13 01:52:35.681,0.87439,0.87455
2013.03.13 01:52:35.752,0.87437,0.87455
2013.03.13 01:52:35.882,0.87439,0.87455
2013.03.13 01:52:36.191,0.87436,0.87454
2013.03.13 01:52:36.501,0.87436,0.87454
2013.03.13 01:52:38.293,0.87437,0.87454
2013.03.13 01:52:39.150,0.87437,0.87454
2013.03.13 01:52:40.273,0.87439,0.87454
2013.03.13 01:52:40.600,0.87441,0.87454
2013.03.13 01:52:40.840,0.87441,0.87454
2013.03.13 01:52:41.021,0.8744,0.87455
2013.03.13 01:52:41.501,0.87444,0.87459
2013.03.13 01:52:42.041,0.87445,0.87459
2013.03.13 01:52:43.487,0.87442,0.87458
2013.03.13 01:52:43.551,0.87442,0.87458
2013.03.13 01:52:44.631,0.87442,0.87456
2013.03.13 01:52:46.510,0.87441,0.87457
2013.03.13 01:52:48.149,0.87441,0.87459
2013.03.13 01:52:49.024,0.87441,0.8746
2013.03.13 01:52:50.000,0.87441,0.87459
2013.03.13 01:52:51.178,0.87441,0.87459
2013.03.13 01:52:51.731,0.87443,0.87461
2013.03.13 01:52:53.140,0.87445,0.87461
2013.03.13 01:53:13.220,0.87443,0.87459
2013.03.13 01:53:17.760,0.87445,0.8746
2013.03.13 01:53:18.062,0.87447,0.87462
2013.03.13 01:53:21.510,0.87448,0.87462
2013.03.13 01:53:24.230,0.87446,0.87462
2013.03.13 01:53:24.650,0.87446,0.87461
2013.03.13 01:53:30.100,0.87442,0.87458
2013.03.13 01:53:30.160,0.87442,0.87457
2013.03.13 01:53:35.689,0.87442,0.87458
2013.03.13 01:53:38.720,0.87442,0.87458
2013.03.13 01:53:39.275,0.87442,0.87458
2013.03.13 01:53:44.520,0.8744,0.87457
2013.03.13 01:53:45.040,0.8744,0.87457
2013.03.13 01:53:45.581,0.8744,0.87456
2013.03.13 01:53:48.584,0.8744,0.87457
2013.03.13 01:53:48.711,0.8744,0.87457
2013.03.13 01:53:49.010,0.87439,0.87455
2013.03.13 01:53:49.191,0.87437,0.87454
2013.03.13 01:53:49.251,0.87437,0.87454
2013.03.13 01:53:49.609,0.87438,0.87452
2013.03.13 01:53:52.349,0.87438,0.87452
2013.03.13 01:53:55.200,0.87439,0.87452
2013.03.13 01:53:55.561,0.87438,0.87453
2013.03.13 01:53:56.080,0.87438,0.87454
2013.03.13 01:53:56.379,0.87441,0.87457
2013.03.13 01:54:02.492,0.87441,0.87459
2013.03.13 01:54:02.612,0.87444,0.87457
2013.03.13 01:54:02.742,0.87443,0.87459
2013.03.13 01:54:02.881,0.87444,0.87458
2013.03.13 01:54:03.190,0.87444,0.87456
2013.03.13 01:54:03.312,0.8744,0.87456
2013.03.13 01:54:03.381,0.87439,0.87454
2013.03.13 01:54:03.560,0.87436,0.87453
2013.03.13 01:54:04.137,0.87435,0.8745
2013.03.13 01:54:04.970,0.87438,0.87453
2013.03.13 01:54:06.300,0.87438,0.87456
2013.03.13 01:54:10.201,0.87438,0.87456
2013.03.13 01:54:13.255,0.87438,0.87453
2013.03.13 01:54:14.330,0.87438,0.87453
2013.03.13 01:54:25.050,0.8744,0.87456
2013.03.13 01:54:25.110,0.8744,0.87456
2013.03.13 01:54:25.291,0.87442,0.87457
2013.03.13 01:54:25.710,0.87443,0.87456
2013.03.13 01:54:36.450,0.87443,0.87456
2013.03.13 01:54:37.381,0.87443,0.87456
2013.03.13 01:54:39.110,0.87443,0.87456
2013.03.13 01:54:55.971,0.8744,0.87454
2013.03.13 01:54:56.031,0.8744,0.87453
2013.03.13 01:54:56.681,0.8744,0.87453
2013.03.13 01:54:57.161,0.8744,0.87453
2013.03.13 01:54:59.130,0.8744,0.87456
2013.03.13 01:54:59.590,0.87444,0.87458
2013.03.13 01:55:02.705,0.87441,0.87455
2013.03.13 01:55:03.265,0.87441,0.87454
2013.03.13 01:55:03.890,0.8744,0.87454
2013.03.13 01:55:05.767,0.8744,0.87457
2013.03.13 01:55:05.832,0.87439,0.87455
2013.03.13 01:55:06.381,0.87443,0.87456
2013.03.13 01:55:06.741,0.87443,0.87456
2013.03.13 01:55:07.281,0.87439,0.87454
2013.03.13 01:55:07.611,0.87441,0.87454
2013.03.13 01:55:08.469,0.87443,0.87456
2013.03.13 01:55:10.649,0.87439,0.87454
2013.03.13 01:55:16.931,0.87439,0.87451
2013.03.13 01:55:17.172,0.87437,0.8745
2013.03.13 01:55:17.421,0.87437,0.8745
2013.03.13 01:55:18.430,0.8744,0.8745
2013.03.13 01:55:19.920,0.8744,0.8745
2013.03.13 01:55:20.460,0.87441,0.87453
2013.03.13 01:55:21.118,0.87441,0.87454
2013.03.13 01:55:22.460,0.87441,0.87452
2013.03.13 01:55:22.581,0.87441,0.8745
2013.03.13 01:55:23.670,0.8744,0.8745
2013.03.13 01:55:24.182,0.87441,0.87454
2013.03.13 01:55:25.300,0.8744,0.87454
2013.03.13 01:55:25.420,0.87441,0.87454
2013.03.13 01:55:26.601,0.8744,0.8745
2013.03.13 01:55:27.950,0.8744,0.87451
2013.03.13 01:55:28.310,0.8744,0.87453
2013.03.13 01:55:32.930,0.8744,0.87451
2013.03.13 01:55:33.750,0.8744,0.8745
2013.03.13 01:55:38.100,0.8744,0.87449
2013.03.13 01:55:43.661,0.8744,0.87454
2013.03.13 01:55:45.221,0.8744,0.87456
2013.03.13 01:55:45.521,0.8744,0.87457
2013.03.13 01:55:45.641,0.87443,0.87456
2013.03.13 01:55:46.200,0.87444,0.87456
2013.03.13 01:55:50.732,0.87444,0.87454
2013.03.13 01:55:51.702,0.87444,0.87457
2013.03.13 01:55:53.900,0.87444,0.87454
2013.03.13 01:55:54.928,0.87444,0.87457
2013.03.13 01:55:56.921,0.87444,0.87454
2013.03.13 01:55:57.440,0.87444,0.87453
2013.03.13 01:55:57.960,0.87444,0.87453
2013.03.13 01:56:00.590,0.87444,0.87453
2013.03.13 01:56:01.740,0.87444,0.87453
2013.03.13 01:56:03.340,0.87441,0.87453
2013.03.13 01:56:03.520,0.87441,0.87452
2013.03.13 01:56:11.540,0.87438,0.87453
2013.03.13 01:56:12.851,0.87438,0.87453
2013.03.13 01:56:15.071,0.87437,0.87452
2013.03.13 01:56:16.450,0.87436,0.87451
2013.03.13 01:56:17.113,0.87436,0.87451
2013.03.13 01:56:17.660,0.87436,0.87451
2013.03.13 01:56:18.530,0.87435,0.8745
2013.03.13 01:56:22.651,0.87435,0.87448
2013.03.13 01:56:28.211,0.87435,0.87448
2013.03.13 01:56:35.170,0.87434,0.87448
2013.03.13 01:56:40.662,0.87434,0.87449
2013.03.13 01:56:42.012,0.87429,0.87444
2013.03.13 01:56:42.081,0.87429,0.87442
2013.03.13 01:56:42.320,0.87425,0.87442
2013.03.13 01:56:42.976,0.87425,0.8744
2013.03.13 01:56:49.265,0.87426,0.8744
2013.03.13 01:56:53.572,0.87426,0.87441
2013.03.13 01:56:54.110,0.87426,0.8744
2013.03.13 01:57:01.521,0.87426,0.87439
2013.03.13 01:57:12.183,0.87426,0.87439
2013.03.13 01:57:14.390,0.87426,0.87439
2013.03.13 01:57:18.241,0.87429,0.8744
2013.03.13 01:57:18.364,0.87429,0.8744
