Time,Bid,Ask
2013.03.20 00:00:01.418,0.85211,0.85223
2013.03.20 00:00:04.676,0.85211,0.85224
2013.03.20 00:00:07.358,0.8521,0.85224
2013.03.20 00:00:12.959,0.85214,0.85225
2013.03.20 00:00:13.500,0.85213,0.85224
2013.03.20 00:00:13.928,0.85212,0.85225
2013.03.20 00:00:14.528,0.85213,0.85225
2013.03.20 00:00:14.589,0.85214,0.85225
2013.03.20 00:00:14.658,0.85214,0.85227
2013.03.20 00:00:15.208,0.85215,0.85227
2013.03.20 00:00:19.908,0.85215,0.85227
2013.03.20 00:00:20.857,0.85215,0.85228
2013.03.20 00:00:21.280,0.85212,0.85225
2013.03.20 00:00:21.409,0.85212,0.85225
2013.03.20 00:00:28.507,0.85212,0.85226
2013.03.20 00:00:30.348,0.8521,0.85226
2013.03.20 00:00:30.477,0.8521,0.85224
2013.03.20 00:00:30.788,0.85211,0.85224
2013.03.20 00:00:32.728,0.85211,0.85224
2013.03.20 00:00:39.080,0.85211,0.85224
2013.03.20 00:00:39.390,0.8521,0.85224
2013.03.20 00:00:39.659,0.8521,0.85225
2013.03.20 00:00:43.909,0.8521,0.85225
2013.03.20 00:00:45.399,0.8521,0.85223
2013.03.20 00:00:45.460,0.8521,0.85223
2013.03.20 00:00:45.951,0.8521,0.85222
2013.03.20 00:00:46.263,0.85211,0.85224
2013.03.20 00:00:46.402,0.85211,0.85224
2013.03.20 00:00:46.937,0.8521,0.85224
2013.03.20 00:00:47.512,0.85209,0.85224
2013.03.20 00:00:47.590,0.85209,0.85224
2013.03.20 00:00:47.839,0.85208,0.85223
2013.03.20 00:00:48.379,0.85209,0.85223
2013.03.20 00:00:49.568,0.85208,0.85223
2013.03.20 00:00:50.639,0.85208,0.85223
2013.03.20 00:00:50.820,0.8521,0.85224
2013.03.20 00:00:51.130,0.85209,0.85224
2013.03.20 00:00:51.678,0.8521,0.85224
2013.03.20 00:00:52.221,0.85211,0.85224
2013.03.20 00:00:52.472,0.85208,0.85222
2013.03.20 00:00:52.730,0.85208,0.85222
2013.03.20 00:00:52.982,0.85206,0.85222
2013.03.20 00:00:53.483,0.85206,0.8522
2013.03.20 00:00:53.611,0.85206,0.85219
2013.03.20 00:00:53.859,0.85206,0.85219
2013.03.20 00:00:54.171,0.85209,0.85222
2013.03.20 00:00:54.660,0.8521,0.85226
2013.03.20 00:00:55.228,0.85211,0.85226
2013.03.20 00:00:58.150,0.85211,0.85226
2013.03.20 00:00:58.799,0.8521,0.85226
2013.03.20 00:00:59.059,0.8521,0.85223
2013.03.20 00:00:59.419,0.85209,0.85222
2013.03.20 00:00:59.941,0.85209,0.85223
2013.03.20 00:01:00.389,0.85209,0.85223
2013.03.20 00:01:00.631,0.8521,0.85225
2013.03.20 00:01:01.179,0.85212,0.85225
2013.03.20 00:01:01.730,0.85214,0.85228
2013.03.20 00:01:01.919,0.85214,0.85229
2013.03.20 00:01:03.601,0.85214,0.85229
2013.03.20 00:01:04.650,0.85213,0.85225
2013.03.20 00:01:04.840,0.8521,0.85223
2013.03.20 00:01:04.909,0.85212,0.85226
2013.03.20 00:01:05.411,0.85213,0.85226
2013.03.20 00:01:05.722,0.85214,0.85228
2013.03.20 00:01:05.789,0.85214,0.85228
2013.03.20 00:01:06.658,0.85216,0.85229
2013.03.20 00:01:06.755,0.85216,0.85229
2013.03.20 00:01:11.899,0.85216,0.85229
2013.03.20 00:01:12.662,0.85216,0.85228
2013.03.20 00:01:18.313,0.85215,0.85228
2013.03.20 00:01:38.930,0.85215,0.85228
2013.03.20 00:01:40.311,0.85215,0.85228
2013.03.20 00:01:46.181,0.85218,0.85231
2013.03.20 00:01:46.670,0.85219,0.85234
2013.03.20 00:01:47.101,0.85219,0.85234
2013.03.20 00:01:47.590,0.85218,0.85233
2013.03.20 00:01:50.379,0.85218,0.85233
2013.03.20 00:01:50.689,0.85215,0.85229
2013.03.20 00:01:53.761,0.85215,0.8523
2013.03.20 00:01:54.262,0.85216,0.85232
2013.03.20 00:01:54.809,0.85216,0.85231
2013.03.20 00:01:57.320,0.85218,0.85231
2013.03.20 00:01:57.569,0.85218,0.85232
2013.03.20 00:01:58.181,0.85216,0.85232
2013.03.20 00:01:58.250,0.85216,0.85232
2013.03.20 00:01:59.300,0.85214,0.85229
2013.03.20 00:01:59.610,0.85213,0.85228
2013.03.20 00:01:59.921,0.85211,0.85226
2013.03.20 00:02:00.049,0.8521,0.85226
2013.03.20 00:02:00.420,0.85211,0.85224
2013.03.20 00:02:00.611,0.85211,0.85227
2013.03.20 00:02:01.580,0.85214,0.85228
2013.03.20 00:02:15.849,0.85212,0.85228
2013.03.20 00:02:17.127,0.85212,0.85228
2013.03.20 00:02:24.398,0.85212,0.85227
2013.03.20 00:02:24.459,0.85212,0.85227
2013.03.20 00:02:31.661,0.85212,0.85225
2013.03.20 00:02:32.162,0.85211,0.85225
2013.03.20 00:02:32.473,0.85211,0.85225
2013.03.20 00:02:33.022,0.85211,0.85225
2013.03.20 00:02:39.574,0.85211,0.85225
2013.03.20 00:02:39.641,0.85213,0.85225
2013.03.20 00:02:39.736,0.85213,0.85228
2013.03.20 00:02:39.816,0.85215,0.85228
2013.03.20 00:02:40.014,0.85215,0.85228
2013.03.20 00:02:40.342,0.85217,0.85228
2013.03.20 00:02:40.719,0.85217,0.85232
2013.03.20 00:02:41.269,0.85217,0.85232
2013.03.20 00:02:45.089,0.85217,0.85232
2013.03.20 00:02:45.911,0.85217,0.85232
2013.03.20 00:02:46.518,0.85216,0.85232
2013.03.20 00:02:47.266,0.85216,0.8523
2013.03.20 00:02:49.199,0.85218,0.8523
2013.03.20 00:02:49.758,0.85218,0.85231
2013.03.20 00:02:52.399,0.85217,0.8523
2013.03.20 00:02:52.909,0.85219,0.8523
2013.03.20 00:03:03.009,0.85218,0.85233
2013.03.20 00:03:03.514,0.85219,0.85233
2013.03.20 00:03:04.060,0.85219,0.85233
2013.03.20 00:03:08.080,0.85219,0.85233
2013.03.20 00:03:09.891,0.85219,0.85233
2013.03.20 00:03:13.199,0.85219,0.85233
2013.03.20 00:03:13.868,0.85219,0.85233
2013.03.20 00:03:14.231,0.85219,0.85233
2013.03.20 00:03:19.085,0.85218,0.85233
2013.03.20 00:03:23.080,0.85218,0.85233
2013.03.20 00:03:23.602,0.85219,0.85233
2013.03.20 00:03:27.121,0.8522,0.85233
2013.03.20 00:03:29.570,0.85221,0.85233
2013.03.20 00:03:30.119,0.85221,0.85236
2013.03.20 00:04:01.338,0.85221,0.85235
2013.03.20 00:04:05.625,0.85222,0.85235
2013.03.20 00:04:26.659,0.8522,0.85235
2013.03.20 00:04:31.619,0.8522,0.85234
2013.03.20 00:04:31.920,0.8522,0.85235
2013.03.20 00:04:32.493,0.85221,0.85235
2013.03.20 00:05:06.899,0.85221,0.85234
2013.03.20 00:05:07.260,0.85221,0.85234
2013.03.20 00:05:07.788,0.8522,0.85234
2013.03.20 00:05:08.460,0.8522,0.85234
2013.03.20 00:05:09.203,0.8522,0.85236
2013.03.20 00:05:19.170,0.85218,0.85234
2013.03.20 00:05:19.419,0.8522,0.85234
2013.03.20 00:05:30.111,0.85219,0.85234
2013.03.20 00:05:45.889,0.8522,0.85234
2013.03.20 00:05:45.950,0.8522,0.85234
2013.03.20 00:05:52.689,0.85224,0.85235
2013.03.20 00:05:53.231,0.85224,0.85235
2013.03.20 00:06:00.609,0.85224,0.85236
2013.03.20 00:06:02.819,0.85224,0.85235
2013.03.20 00:06:05.118,0.85225,0.85236
2013.03.20 00:06:07.018,0.85225,0.85236
2013.03.20 00:06:10.119,0.85223,0.85236
2013.03.20 00:06:10.638,0.85223,0.85236
2013.03.20 00:06:14.668,0.85221,0.85236
2013.03.20 00:06:18.760,0.85221,0.85235
2013.03.20 00:06:20.929,0.85223,0.85234
2013.03.20 00:06:26.695,0.85223,0.85236
2013.03.20 00:06:28.203,0.85223,0.85238
2013.03.20 00:06:28.403,0.85225,0.85238
2013.03.20 00:06:28.591,0.85224,0.85238
2013.03.20 00:06:29.101,0.85223,0.85236
2013.03.20 00:06:29.829,0.85223,0.85236
2013.03.20 00:06:31.379,0.85223,0.85236
2013.03.20 00:06:31.921,0.85222,0.85236
2013.03.20 00:06:32.361,0.85222,0.85237
2013.03.20 00:06:38.808,0.85222,0.85236
2013.03.20 00:06:39.109,0.85222,0.85236
2013.03.20 00:06:39.649,0.85223,0.85237
2013.03.20 00:06:39.889,0.85222,0.85237
2013.03.20 00:06:40.009,0.85222,0.85237
2013.03.20 00:06:44.668,0.85223,0.85237
2013.03.20 00:06:45.209,0.85224,0.85237
2013.03.20 00:06:57.109,0.85222,0.85236
2013.03.20 00:06:57.290,0.85221,0.85235
2013.03.20 00:07:00.925,0.85222,0.85236
2013.03.20 00:07:01.781,0.85221,0.85236
2013.03.20 00:07:02.389,0.85219,0.85234
2013.03.20 00:07:02.929,0.85219,0.85234
2013.03.20 00:07:15.110,0.85222,0.85235
2013.03.20 00:07:19.700,0.85221,0.85235
2013.03.20 00:07:31.286,0.85219,0.85235
2013.03.20 00:07:32.949,0.85219,0.85235
2013.03.20 00:07:33.490,0.85219,0.85235
2013.03.20 00:07:34.089,0.85218,0.85233
2013.03.20 00:07:37.889,0.85217,0.85233
2013.03.20 00:07:38.654,0.85217,0.85233
2013.03.20 00:08:00.215,0.85217,0.85232
2013.03.20 00:08:02.020,0.85217,0.85232
2013.03.20 00:08:08.039,0.85218,0.85232
2013.03.20 00:08:15.059,0.85218,0.85233
2013.03.20 00:08:32.209,0.85218,0.85232
2013.03.20 00:08:33.150,0.85218,0.85232
2013.03.20 00:08:33.699,0.85219,0.85233
2013.03.20 00:08:38.359,0.85219,0.85233
2013.03.20 00:08:38.599,0.85219,0.85233
2013.03.20 00:09:05.440,0.85221,0.85233
2013.03.20 00:09:05.990,0.8522,0.85234
2013.03.20 00:09:06.121,0.85221,0.85234
2013.03.20 00:09:06.550,0.85221,0.85234
2013.03.20 00:09:06.920,0.85219,0.85234
2013.03.20 00:09:07.470,0.85219,0.85233
2013.03.20 00:09:08.064,0.85219,0.85233
2013.03.20 00:09:08.953,0.85224,0.85235
2013.03.20 00:09:09.269,0.85224,0.85237
2013.03.20 00:09:09.632,0.85226,0.85238
2013.03.20 00:09:10.181,0.85224,0.85237
2013.03.20 00:09:10.613,0.85224,0.85235
2013.03.20 00:09:11.160,0.85224,0.85236
2013.03.20 00:09:11.950,0.85224,0.85236
2013.03.20 00:09:14.050,0.85224,0.85236
2013.03.20 00:09:14.121,0.85226,0.85237
2013.03.20 00:09:14.671,0.85225,0.85237
2013.03.20 00:09:15.101,0.85222,0.85237
2013.03.20 00:09:15.230,0.85221,0.85236
2013.03.20 00:09:15.790,0.85223,0.85234
2013.03.20 00:09:15.921,0.85223,0.85236
2013.03.20 00:09:15.993,0.85223,0.85236
2013.03.20 00:09:16.060,0.85223,0.85236
2013.03.20 00:09:16.121,0.85225,0.85237
2013.03.20 00:09:20.275,0.85225,0.85238
2013.03.20 00:09:25.069,0.85224,0.85238
2013.03.20 00:09:32.110,0.85223,0.85236
2013.03.20 00:09:32.242,0.85223,0.85235
2013.03.20 00:09:32.525,0.85223,0.85236
2013.03.20 00:09:32.711,0.85224,0.85237
2013.03.20 00:09:39.910,0.85224,0.85238
2013.03.20 00:09:40.210,0.85226,0.85238
2013.03.20 00:09:40.651,0.85225,0.85238
2013.03.20 00:09:41.079,0.85225,0.85238
2013.03.20 00:09:41.600,0.85225,0.85237
2013.03.20 00:09:41.910,0.85224,0.85237
2013.03.20 00:09:44.591,0.85225,0.85238
2013.03.20 00:09:46.261,0.85225,0.85238
2013.03.20 00:09:48.260,0.85225,0.85239
2013.03.20 00:09:48.501,0.85225,0.8524
2013.03.20 00:09:49.059,0.85225,0.85238
2013.03.20 00:09:49.939,0.85225,0.85238
2013.03.20 00:09:50.695,0.85225,0.85239
2013.03.20 00:09:51.919,0.85225,0.85239
2013.03.20 00:09:52.459,0.85224,0.85238
2013.03.20 00:10:03.529,0.85224,0.85237
2013.03.20 00:10:04.081,0.85224,0.85238
2013.03.20 00:10:11.699,0.85224,0.85238
2013.03.20 00:10:23.659,0.85224,0.85239
2013.03.20 00:10:24.075,0.85224,0.85239
2013.03.20 00:10:26.691,0.85227,0.85239
2013.03.20 00:10:26.880,0.85227,0.85239
2013.03.20 00:10:28.058,0.85226,0.8524
2013.03.20 00:10:41.929,0.85225,0.8524
2013.03.20 00:10:42.359,0.85225,0.85239
2013.03.20 00:10:43.090,0.85222,0.85236
2013.03.20 00:10:43.210,0.85221,0.85236
2013.03.20 00:10:43.552,0.85222,0.85236
2013.03.20 00:10:44.889,0.85222,0.85238
2013.03.20 00:11:03.170,0.85222,0.85235
2013.03.20 00:11:21.892,0.85224,0.85235
2013.03.20 00:11:23.001,0.85224,0.85236
2013.03.20 00:11:23.532,0.85223,0.85237
2013.03.20 00:11:24.092,0.85222,0.85237
2013.03.20 00:11:24.220,0.85221,0.85236
2013.03.20 00:11:24.531,0.8522,0.85234
2013.03.20 00:11:27.982,0.85222,0.85234
2013.03.20 00:11:28.647,0.85222,0.85236
2013.03.20 00:11:42.151,0.85223,0.85236
2013.03.20 00:11:43.060,0.85223,0.85238
2013.03.20 00:11:49.190,0.85223,0.85238
2013.03.20 00:11:51.935,0.85223,0.85237
2013.03.20 00:12:07.172,0.85223,0.85237
2013.03.20 00:12:12.859,0.85224,0.85238
2013.03.20 00:12:19.221,0.85223,0.85238
2013.03.20 00:12:22.920,0.85223,0.85237
2013.03.20 00:12:30.920,0.85223,0.85238
2013.03.20 00:12:35.101,0.85224,0.85238
2013.03.20 00:12:39.501,0.85224,0.85237
2013.03.20 00:12:40.322,0.85224,0.85238
2013.03.20 00:12:49.582,0.85224,0.85238
2013.03.20 00:12:50.851,0.85223,0.85238
2013.03.20 00:12:50.920,0.85223,0.85238
2013.03.20 00:12:51.460,0.85224,0.85238
2013.03.20 00:12:52.891,0.85224,0.85237
2013.03.20 00:12:53.470,0.85224,0.85237
2013.03.20 00:12:58.327,0.85225,0.85237
2013.03.20 00:12:58.851,0.85225,0.85237
2013.03.20 00:13:08.171,0.85224,0.85237
2013.03.20 00:13:27.540,0.85223,0.85237
2013.03.20 00:13:28.080,0.85224,0.85237
2013.03.20 00:13:28.149,0.85224,0.85237
2013.03.20 00:13:28.669,0.85224,0.85237
2013.03.20 00:14:28.733,0.85222,0.85238
2013.03.20 00:14:31.589,0.85222,0.85235
2013.03.20 00:14:35.940,0.85222,0.85236
2013.03.20 00:14:43.110,0.85222,0.85236
2013.03.20 00:15:05.991,0.85222,0.85237
2013.03.20 00:15:07.880,0.85222,0.85237
2013.03.20 00:15:14.851,0.85223,0.85237
2013.03.20 00:15:17.531,0.85224,0.85238
2013.03.20 00:15:30.912,0.85223,0.85237
2013.03.20 00:15:32.300,0.85223,0.85238
2013.03.20 00:15:32.841,0.85225,0.85238
2013.03.20 00:15:34.397,0.85225,0.85238
2013.03.20 00:15:34.991,0.85225,0.85237
2013.03.20 00:16:04.454,0.85223,0.85237
2013.03.20 00:16:05.188,0.85223,0.85236
2013.03.20 00:16:15.918,0.85222,0.85236
2013.03.20 00:16:20.461,0.85222,0.85237
2013.03.20 00:16:20.590,0.85223,0.85238
2013.03.20 00:16:20.840,0.85223,0.85238
2013.03.20 00:16:48.712,0.85224,0.85237
2013.03.20 00:16:49.089,0.85223,0.85235
2013.03.20 00:16:57.855,0.85222,0.85234
2013.03.20 00:17:05.391,0.85224,0.85236
2013.03.20 00:17:05.771,0.85225,0.85237
2013.03.20 00:17:06.319,0.85227,0.85239
2013.03.20 00:17:06.378,0.85225,0.85239
2013.03.20 00:17:06.829,0.85228,0.8524
2013.03.20 00:17:10.547,0.85228,0.85242
2013.03.20 00:17:11.908,0.85228,0.85242
2013.03.20 00:17:22.921,0.85228,0.85242
2013.03.20 00:17:23.229,0.85229,0.85239
2013.03.20 00:17:23.789,0.85228,0.85239
2013.03.20 00:17:50.442,0.85227,0.85239
2013.03.20 00:17:50.946,0.85227,0.85241
2013.03.20 00:18:05.378,0.85227,0.85241
2013.03.20 00:18:05.920,0.85225,0.85238
2013.03.20 00:18:06.049,0.85227,0.8524
2013.03.20 00:18:14.369,0.85225,0.85239
2013.03.20 00:18:16.279,0.85226,0.85237
2013.03.20 00:18:16.469,0.85228,0.85237
2013.03.20 00:18:16.988,0.85228,0.85237
2013.03.20 00:18:17.610,0.85228,0.85237
2013.03.20 00:18:20.008,0.85228,0.85241
2013.03.20 00:18:21.029,0.85228,0.85241
2013.03.20 00:18:21.219,0.85228,0.85241
2013.03.20 00:18:21.338,0.85228,0.85241
2013.03.20 00:18:21.517,0.85228,0.85241
2013.03.20 00:18:21.757,0.85227,0.85241
2013.03.20 00:18:21.877,0.85228,0.85241
2013.03.20 00:18:22.057,0.85227,0.85241
2013.03.20 00:18:22.650,0.85226,0.85241
2013.03.20 00:18:31.607,0.85226,0.85238
2013.03.20 00:18:32.268,0.85226,0.85239
2013.03.20 00:18:37.713,0.85226,0.85238
2013.03.20 00:18:40.258,0.85224,0.85238
2013.03.20 00:18:40.379,0.85224,0.85238
2013.03.20 00:18:40.882,0.85224,0.85238
2013.03.20 00:18:41.379,0.85225,0.85238
2013.03.20 00:18:41.908,0.85226,0.85238
2013.03.20 00:18:45.569,0.85226,0.85238
2013.03.20 00:18:46.118,0.85225,0.85236
2013.03.20 00:18:47.019,0.85225,0.85236
2013.03.20 00:18:47.329,0.85225,0.85239
2013.03.20 00:18:47.878,0.85225,0.85239
2013.03.20 00:18:48.118,0.85223,0.85235
2013.03.20 00:18:49.039,0.85225,0.85237
2013.03.20 00:19:02.619,0.85225,0.85237
2013.03.20 00:19:08.338,0.85224,0.85235
2013.03.20 00:19:08.519,0.85222,0.85235
2013.03.20 00:19:10.510,0.85222,0.85235
2013.03.20 00:19:11.278,0.85222,0.85235
2013.03.20 00:19:17.848,0.85222,0.85235
2013.03.20 00:19:18.388,0.85225,0.85238
2013.03.20 00:19:24.095,0.85223,0.85238
2013.03.20 00:19:24.620,0.85223,0.85237
2013.03.20 00:19:50.029,0.85223,0.85237
2013.03.20 00:19:50.338,0.85222,0.85234
2013.03.20 00:19:51.182,0.85222,0.85234
2013.03.20 00:19:56.840,0.85221,0.85233
2013.03.20 00:19:56.909,0.85221,0.85233
2013.03.20 00:19:57.161,0.85221,0.85232
2013.03.20 00:19:57.726,0.85218,0.8523
2013.03.20 00:19:58.768,0.85218,0.85229
2013.03.20 00:19:59.518,0.85217,0.85229
2013.03.20 00:20:00.262,0.85217,0.85229
2013.03.20 00:20:03.989,0.85217,0.85228
2013.03.20 00:20:05.959,0.85217,0.8523
2013.03.20 00:20:07.119,0.85218,0.85231
2013.03.20 00:20:07.420,0.85217,0.85231
2013.03.20 00:20:07.930,0.85218,0.85231
2013.03.20 00:20:08.294,0.85218,0.85231
2013.03.20 00:20:15.030,0.85216,0.85228
2013.03.20 00:20:16.168,0.85216,0.85228
2013.03.20 00:20:16.671,0.85214,0.85227
2013.03.20 00:20:16.738,0.85214,0.85227
2013.03.20 00:20:17.278,0.85214,0.85227
2013.03.20 00:20:17.799,0.85216,0.85229
2013.03.20 00:20:18.100,0.85219,0.85232
2013.03.20 00:20:18.408,0.8522,0.85233
2013.03.20 00:20:21.809,0.85221,0.85235
2013.03.20 00:20:23.888,0.85221,0.85236
2013.03.20 00:20:32.013,0.8522,0.85236
2013.03.20 00:20:39.948,0.8522,0.85235
2013.03.20 00:20:40.519,0.8522,0.85235
2013.03.20 00:20:43.309,0.8522,0.85235
2013.03.20 00:20:44.299,0.8522,0.85235
2013.03.20 00:20:46.019,0.8522,0.85234
2013.03.20 00:20:48.390,0.85221,0.85234
2013.03.20 00:20:57.689,0.8522,0.85234
2013.03.20 00:20:57.879,0.85219,0.85235
2013.03.20 00:20:59.222,0.85219,0.85235
2013.03.20 00:21:04.515,0.8522,0.85236
2013.03.20 00:21:04.598,0.85223,0.85237
2013.03.20 00:21:04.941,0.85224,0.85237
2013.03.20 00:21:05.010,0.85224,0.85237
2013.03.20 00:21:05.320,0.85226,0.8524
2013.03.20 00:21:07.059,0.85225,0.8524
2013.03.20 00:21:08.133,0.85225,0.8524
2013.03.20 00:21:09.169,0.85224,0.8524
2013.03.20 00:21:09.351,0.85224,0.8524
2013.03.20 00:21:09.673,0.85225,0.85239
2013.03.20 00:21:10.230,0.85226,0.8524
2013.03.20 00:21:13.229,0.85227,0.85241
2013.03.20 00:21:13.868,0.85227,0.85241
2013.03.20 00:21:19.599,0.85227,0.85241
2013.03.20 00:21:29.149,0.85227,0.85242
2013.03.20 00:21:30.781,0.85227,0.85242
2013.03.20 00:21:46.720,0.85227,0.85242
2013.03.20 00:21:59.058,0.85227,0.85242
2013.03.20 00:21:59.134,0.85227,0.85242
2013.03.20 00:22:05.670,0.85227,0.85243
2013.03.20 00:22:10.960,0.85227,0.8524
2013.03.20 00:22:13.029,0.85225,0.85239
2013.03.20 00:22:13.149,0.85227,0.8524
2013.03.20 00:22:14.004,0.85226,0.85238
2013.03.20 00:22:14.449,0.85227,0.8524
2013.03.20 00:22:22.490,0.85227,0.8524
2013.03.20 00:22:34.770,0.85227,0.8524
2013.03.20 00:22:37.179,0.85227,0.8524
2013.03.20 00:22:41.679,0.85227,0.85238
2013.03.20 00:22:59.789,0.85228,0.8524
2013.03.20 00:23:00.180,0.85227,0.85241
2013.03.20 00:23:01.579,0.85228,0.85241
2013.03.20 00:23:02.049,0.85229,0.85242
2013.03.20 00:23:05.422,0.85229,0.85242
2013.03.20 00:23:05.670,0.85229,0.85244
2013.03.20 00:23:06.549,0.85232,0.85245
2013.03.20 00:23:19.070,0.8523,0.85245
2013.03.20 00:23:23.829,0.85229,0.85244
2013.03.20 00:23:24.132,0.85227,0.85242
2013.03.20 00:23:24.202,0.85227,0.85242
2013.03.20 00:23:24.450,0.85226,0.85242
2013.03.20 00:23:24.509,0.85226,0.85242
2013.03.20 00:23:30.592,0.85227,0.85239
2013.03.20 00:23:33.970,0.8523,0.85243
2013.03.20 00:23:34.105,0.8523,0.85243
2013.03.20 00:23:41.149,0.8523,0.85244
2013.03.20 00:23:46.399,0.85231,0.85244
2013.03.20 00:23:59.979,0.85232,0.85245
2013.03.20 00:24:00.400,0.85232,0.85246
2013.03.20 00:24:00.949,0.85233,0.85248
2013.03.20 00:24:01.821,0.85233,0.85247
2013.03.20 00:24:02.400,0.85233,0.85248
2013.03.20 00:24:42.539,0.85234,0.85248
2013.03.20 00:24:43.200,0.85234,0.85249
2013.03.20 00:24:46.700,0.85235,0.8525
2013.03.20 00:24:47.249,0.85236,0.85248
2013.03.20 00:24:47.849,0.85236,0.85248
2013.03.20 00:24:49.539,0.85233,0.85248
2013.03.20 00:24:50.079,0.85232,0.85247
2013.03.20 00:24:50.589,0.85231,0.85247
2013.03.20 00:24:52.195,0.85231,0.85245
2013.03.20 00:24:53.829,0.8523,0.85245
2013.03.20 00:24:54.370,0.8523,0.85245
2013.03.20 00:24:54.990,0.8523,0.85245
2013.03.20 00:24:56.433,0.85229,0.85242
2013.03.20 00:24:56.572,0.85228,0.85242
2013.03.20 00:24:56.760,0.85226,0.85242
2013.03.20 00:24:57.182,0.85225,0.8524
2013.03.20 00:25:00.117,0.85225,0.85239
2013.03.20 00:25:02.590,0.85225,0.85237
2013.03.20 00:25:07.860,0.85225,0.85239
2013.03.20 00:25:14.464,0.85225,0.85238
2013.03.20 00:25:20.290,0.85225,0.85238
2013.03.20 00:25:23.700,0.85225,0.85238
2013.03.20 00:25:25.580,0.85228,0.85239
2013.03.20 00:25:25.711,0.85229,0.85242
2013.03.20 00:25:26.156,0.85232,0.85246
2013.03.20 00:25:26.291,0.85232,0.85246
2013.03.20 00:25:26.720,0.85235,0.85248
2013.03.20 00:25:27.041,0.85237,0.85247
2013.03.20 00:25:27.590,0.85237,0.85251
2013.03.20 00:25:28.909,0.85237,0.85252
2013.03.20 00:25:29.031,0.85236,0.85251
2013.03.20 00:25:29.281,0.85233,0.85248
2013.03.20 00:25:29.480,0.85232,0.85247
2013.03.20 00:25:29.789,0.85232,0.85247
2013.03.20 00:25:30.349,0.85232,0.85247
2013.03.20 00:25:30.659,0.85232,0.85247
2013.03.20 00:25:30.915,0.85236,0.85248
2013.03.20 00:25:31.040,0.85236,0.85248
2013.03.20 00:25:31.737,0.85237,0.85249
2013.03.20 00:25:33.550,0.85236,0.8525
2013.03.20 00:25:33.680,0.85234,0.85247
2013.03.20 00:25:33.740,0.85232,0.85246
2013.03.20 00:25:34.300,0.85232,0.85245
2013.03.20 00:25:34.849,0.85231,0.85245
2013.03.20 00:25:38.149,0.85231,0.85245
2013.03.20 00:25:38.450,0.85231,0.85245
2013.03.20 00:25:38.978,0.8523,0.85245
2013.03.20 00:25:39.529,0.8523,0.85244
2013.03.20 00:25:40.991,0.8523,0.85244
2013.03.20 00:25:41.514,0.8523,0.85242
2013.03.20 00:25:41.821,0.8523,0.85242
2013.03.20 00:25:42.493,0.85229,0.85241
2013.03.20 00:25:44.789,0.85229,0.85241
2013.03.20 00:25:44.970,0.85229,0.85241
2013.03.20 00:25:45.099,0.85229,0.85241
2013.03.20 00:25:45.611,0.85229,0.85241
2013.03.20 00:25:46.251,0.85229,0.85242
2013.03.20 00:25:50.249,0.8523,0.85242
2013.03.20 00:25:50.825,0.8523,0.85244
2013.03.20 00:25:51.421,0.85231,0.85244
2013.03.20 00:26:05.119,0.8523,0.85243
2013.03.20 00:26:06.699,0.8523,0.85243
2013.03.20 00:26:25.031,0.8523,0.85242
2013.03.20 00:26:38.282,0.8523,0.85243
2013.03.20 00:26:38.839,0.8523,0.85245
2013.03.20 00:26:39.019,0.8523,0.85245
2013.03.20 00:26:41.414,0.85234,0.85248
2013.03.20 00:26:42.365,0.85234,0.85247
2013.03.20 00:26:42.432,0.85237,0.8525
2013.03.20 00:26:42.681,0.85237,0.8525
2013.03.20 00:26:42.871,0.8524,0.85254
2013.03.20 00:26:43.001,0.8524,0.85254
2013.03.20 00:26:43.251,0.8524,0.85254
2013.03.20 00:26:43.799,0.8524,0.85254
2013.03.20 00:26:44.870,0.85239,0.85254
2013.03.20 00:26:45.110,0.85238,0.85252
2013.03.20 00:26:45.381,0.85237,0.85252
2013.03.20 00:26:47.842,0.85237,0.85246
2013.03.20 00:26:47.910,0.85232,0.85244
2013.03.20 00:26:47.980,0.85232,0.85244
2013.03.20 00:26:48.109,0.85232,0.85243
2013.03.20 00:26:48.668,0.85232,0.85243
2013.03.20 00:26:48.930,0.8523,0.85243
2013.03.20 00:26:48.990,0.85231,0.85243
2013.03.20 00:27:03.089,0.85229,0.85243
2013.03.20 00:27:03.209,0.85228,0.85241
2013.03.20 00:27:03.583,0.85228,0.8524
2013.03.20 00:27:03.925,0.85226,0.85238
2013.03.20 00:27:04.470,0.85225,0.85238
2013.03.20 00:27:05.860,0.85223,0.85237
2013.03.20 00:27:18.653,0.85223,0.85236
2013.03.20 00:27:19.150,0.85224,0.85239
2013.03.20 00:27:19.711,0.85224,0.85238
2013.03.20 00:27:20.271,0.85224,0.85238
2013.03.20 00:27:23.016,0.85225,0.85239
2013.03.20 00:27:23.260,0.85225,0.85239
2013.03.20 00:27:23.588,0.85227,0.85239
2013.03.20 00:27:23.911,0.8523,0.85243
2013.03.20 00:27:30.319,0.8523,0.85242
2013.03.20 00:27:36.579,0.8523,0.85243
2013.03.20 00:27:37.141,0.85231,0.85243
2013.03.20 00:27:38.104,0.85231,0.85244
2013.03.20 00:27:40.660,0.8523,0.85243
2013.03.20 00:27:41.112,0.85229,0.85243
2013.03.20 00:27:41.621,0.85229,0.85243
2013.03.20 00:27:42.310,0.85229,0.85243
2013.03.20 00:27:51.429,0.85229,0.85243
2013.03.20 00:27:51.670,0.85227,0.85242
2013.03.20 00:27:51.862,0.85226,0.8524
2013.03.20 00:27:56.370,0.85226,0.8524
2013.03.20 00:28:00.240,0.85226,0.85238
2013.03.20 00:28:21.426,0.85227,0.85239
2013.03.20 00:28:21.491,0.85227,0.85239
2013.03.20 00:28:29.400,0.85227,0.85241
2013.03.20 00:28:31.710,0.85226,0.85237
2013.03.20 00:28:48.691,0.85226,0.85239
2013.03.20 00:28:48.968,0.85224,0.85238
2013.03.20 00:29:00.966,0.85224,0.85238
2013.03.20 00:29:01.640,0.85224,0.85238
2013.03.20 00:29:06.044,0.85223,0.85236
2013.03.20 00:29:54.130,0.85224,0.85239
2013.03.20 00:29:54.929,0.85225,0.85239
2013.03.20 00:30:13.552,0.85224,0.85238
2013.03.20 00:30:13.741,0.85223,0.85237
2013.03.20 00:30:13.991,0.85222,0.85236
2013.03.20 00:30:14.499,0.8522,0.85235
2013.03.20 00:30:14.920,0.85217,0.85231
2013.03.20 00:30:14.992,0.85217,0.85231
2013.03.20 00:30:15.300,0.85217,0.85231
2013.03.20 00:30:15.841,0.85216,0.8523
2013.03.20 00:30:16.390,0.85218,0.85233
2013.03.20 00:30:16.940,0.85218,0.85232
2013.03.20 00:30:21.930,0.85218,0.85232
2013.03.20 00:30:22.973,0.85216,0.85231
2013.03.20 00:30:24.610,0.85217,0.85229
2013.03.20 00:30:25.151,0.85215,0.85228
2013.03.20 00:30:25.222,0.85215,0.85228
2013.03.20 00:30:27.972,0.85215,0.85226
2013.03.20 00:30:28.101,0.85214,0.85226
2013.03.20 00:30:28.660,0.85214,0.85226
2013.03.20 00:30:30.312,0.85214,0.85226
2013.03.20 00:30:30.442,0.85217,0.85228
2013.03.20 00:30:30.931,0.85217,0.85231
2013.03.20 00:30:34.103,0.85219,0.85235
2013.03.20 00:30:34.172,0.85219,0.85235
2013.03.20 00:30:34.720,0.85221,0.85236
2013.03.20 00:30:36.369,0.85221,0.85235
2013.03.20 00:30:38.126,0.85221,0.85236
2013.03.20 00:30:40.372,0.85223,0.85236
2013.03.20 00:30:42.533,0.85223,0.85238
2013.03.20 00:30:42.783,0.85226,0.85242
2013.03.20 00:30:43.042,0.85228,0.85241
2013.03.20 00:30:43.174,0.85229,0.85242
2013.03.20 00:30:43.690,0.85229,0.85242
2013.03.20 00:30:44.591,0.85229,0.85244
2013.03.20 00:30:44.841,0.85233,0.85247
2013.03.20 00:30:44.913,0.85233,0.85247
2013.03.20 00:30:45.222,0.8523,0.85246
2013.03.20 00:30:45.421,0.8523,0.8524
2013.03.20 00:30:45.623,0.85227,0.8524
2013.03.20 00:30:45.871,0.85227,0.85237
2013.03.20 00:30:46.179,0.85226,0.85237
2013.03.20 00:30:46.599,0.85224,0.85237
2013.03.20 00:30:48.260,0.85224,0.85237
2013.03.20 00:30:48.570,0.85222,0.85237
2013.03.20 00:30:49.121,0.85222,0.85237
2013.03.20 00:30:49.378,0.85222,0.85234
2013.03.20 00:30:49.810,0.8522,0.85233
2013.03.20 00:30:49.941,0.8522,0.85233
2013.03.20 00:30:50.502,0.85222,0.85234
2013.03.20 00:30:51.246,0.85222,0.85236
2013.03.20 00:30:51.760,0.85223,0.85237
2013.03.20 00:30:56.980,0.85221,0.85236
2013.03.20 00:30:57.532,0.85221,0.85235
2013.03.20 00:30:58.069,0.85221,0.85232
2013.03.20 00:30:59.721,0.85219,0.85232
2013.03.20 00:30:59.972,0.85219,0.85231
2013.03.20 00:31:00.530,0.85219,0.85231
2013.03.20 00:31:06.370,0.85217,0.85231
2013.03.20 00:31:06.923,0.85217,0.85231
2013.03.20 00:31:07.470,0.85217,0.8523
2013.03.20 00:31:08.021,0.85217,0.8523
2013.03.20 00:31:08.573,0.85216,0.85231
2013.03.20 00:31:08.900,0.85214,0.85228
2013.03.20 00:31:10.682,0.85216,0.85229
2013.03.20 00:31:10.934,0.85214,0.85227
2013.03.20 00:31:11.131,0.85214,0.85227
2013.03.20 00:31:12.228,0.85214,0.85226
2013.03.20 00:31:12.782,0.85214,0.85226
2013.03.20 00:31:12.912,0.85215,0.85226
2013.03.20 00:31:13.054,0.85216,0.8523
2013.03.20 00:31:13.836,0.85218,0.85231
2013.03.20 00:31:14.160,0.8522,0.85234
2013.03.20 00:31:17.432,0.85221,0.85234
2013.03.20 00:31:17.561,0.85222,0.85235
2013.03.20 00:31:18.110,0.85221,0.85235
2013.03.20 00:31:20.051,0.85221,0.85235
2013.03.20 00:31:20.122,0.85221,0.85236
2013.03.20 00:31:30.660,0.85221,0.85236
2013.03.20 00:31:30.782,0.85221,0.85235
2013.03.20 00:31:30.912,0.85219,0.85232
2013.03.20 00:31:31.242,0.85218,0.85233
2013.03.20 00:31:31.561,0.85217,0.85231
2013.03.20 00:31:33.112,0.85216,0.85231
2013.03.20 00:31:33.181,0.85216,0.8523
2013.03.20 00:31:35.616,0.85216,0.8523
2013.03.20 00:31:38.101,0.85216,0.8523
2013.03.20 00:31:41.991,0.85216,0.85229
2013.03.20 00:31:42.551,0.85217,0.8523
2013.03.20 00:31:54.951,0.85216,0.85228
2013.03.20 00:31:55.870,0.85215,0.85228
2013.03.20 00:31:59.910,0.85215,0.8523
2013.03.20 00:32:02.995,0.85215,0.8523
2013.03.20 00:32:03.547,0.85215,0.8523
2013.03.20 00:32:04.353,0.85214,0.85229
2013.03.20 00:32:04.492,0.85215,0.85227
2013.03.20 00:32:05.041,0.85215,0.85228
2013.03.20 00:32:05.112,0.85216,0.85228
2013.03.20 00:32:05.180,0.85216,0.85228
2013.03.20 00:32:07.031,0.85216,0.85229
2013.03.20 00:32:07.580,0.85216,0.85229
2013.03.20 00:32:07.652,0.85216,0.85228
2013.03.20 00:32:08.022,0.85216,0.85228
2013.03.20 00:32:09.754,0.85215,0.85225
2013.03.20 00:32:12.331,0.85215,0.85225
2013.03.20 00:32:14.841,0.85215,0.85225
2013.03.20 00:32:15.502,0.85215,0.85229
2013.03.20 00:32:15.630,0.85217,0.85229
2013.03.20 00:32:15.832,0.85217,0.8523
2013.03.20 00:32:19.661,0.85217,0.85229
2013.03.20 00:32:33.872,0.85217,0.85232
2013.03.20 00:32:34.001,0.85221,0.85232
2013.03.20 00:32:34.371,0.8522,0.85234
2013.03.20 00:32:34.930,0.85221,0.85234
2013.03.20 00:32:35.482,0.85221,0.85234
2013.03.20 00:32:36.010,0.85222,0.85235
2013.03.20 00:32:36.554,0.85222,0.85235
2013.03.20 00:32:40.308,0.85222,0.85233
2013.03.20 00:32:40.974,0.85222,0.85235
2013.03.20 00:32:41.111,0.85223,0.85237
2013.03.20 00:32:41.621,0.85225,0.85238
2013.03.20 00:32:41.691,0.85224,0.85237
2013.03.20 00:32:41.943,0.85222,0.85234
2013.03.20 00:32:42.473,0.85222,0.85234
2013.03.20 00:32:43.082,0.85222,0.85236
2013.03.20 00:32:43.151,0.85222,0.85236
2013.03.20 00:32:46.682,0.85223,0.85237
2013.03.20 00:32:46.828,0.85223,0.85237
2013.03.20 00:32:46.895,0.85223,0.85237
2013.03.20 00:32:47.452,0.85222,0.85236
2013.03.20 00:32:48.153,0.85222,0.85236
2013.03.20 00:32:49.029,0.85222,0.85236
2013.03.20 00:32:51.682,0.85222,0.85236
2013.03.20 00:32:52.190,0.85222,0.85236
2013.03.20 00:32:52.741,0.85222,0.85236
2013.03.20 00:32:53.680,0.85222,0.85237
2013.03.20 00:32:55.199,0.85222,0.85238
2013.03.20 00:33:00.386,0.85222,0.85237
2013.03.20 00:33:00.463,0.85222,0.85237
2013.03.20 00:33:03.590,0.85222,0.85237
2013.03.20 00:33:03.658,0.85222,0.85236
2013.03.20 00:33:04.258,0.85222,0.85237
2013.03.20 00:33:05.858,0.85221,0.85237
2013.03.20 00:33:06.047,0.85219,0.85236
2013.03.20 00:33:06.168,0.85219,0.85236
2013.03.20 00:33:09.639,0.85218,0.85235
2013.03.20 00:33:10.180,0.85217,0.85235
2013.03.20 00:33:10.961,0.85217,0.85234
2013.03.20 00:33:11.418,0.85217,0.85234
2013.03.20 00:33:11.479,0.85217,0.85234
2013.03.20 00:33:11.553,0.85217,0.85234
2013.03.20 00:33:12.108,0.85218,0.85232
2013.03.20 00:33:12.168,0.85218,0.85232
2013.03.20 00:33:12.229,0.85216,0.85232
2013.03.20 00:33:15.598,0.8522,0.85234
2013.03.20 00:33:15.738,0.8522,0.85234
2013.03.20 00:33:16.099,0.8522,0.85235
2013.03.20 00:33:16.650,0.85219,0.85235
2013.03.20 00:33:16.978,0.85219,0.85234
2013.03.20 00:33:17.398,0.85219,0.85231
2013.03.20 00:33:17.938,0.85218,0.85231
2013.03.20 00:33:18.491,0.85218,0.85231
2013.03.20 00:33:19.289,0.85219,0.85232
2013.03.20 00:33:19.800,0.85217,0.85234
2013.03.20 00:33:20.359,0.85218,0.85233
2013.03.20 00:33:20.739,0.85218,0.85233
2013.03.20 00:33:21.048,0.85218,0.85233
2013.03.20 00:33:21.659,0.85218,0.85232
2013.03.20 00:33:22.219,0.85216,0.85232
2013.03.20 00:33:22.726,0.85216,0.85232
2013.03.20 00:33:23.578,0.85217,0.85232
2013.03.20 00:33:28.961,0.85215,0.85231
2013.03.20 00:33:33.979,0.85215,0.85231
2013.03.20 00:33:34.050,0.85215,0.85231
2013.03.20 00:33:34.371,0.85212,0.85224
2013.03.20 00:33:34.689,0.85211,0.85223
2013.03.20 00:33:34.939,0.85211,0.85223
2013.03.20 00:33:35.150,0.85208,0.85223
2013.03.20 00:33:35.281,0.85208,0.85223
2013.03.20 00:33:35.422,0.85208,0.85223
2013.03.20 00:33:35.953,0.8521,0.85224
2013.03.20 00:33:36.150,0.8521,0.85225
2013.03.20 00:33:37.040,0.8521,0.85225
2013.03.20 00:33:37.931,0.85209,0.85223
2013.03.20 00:33:39.411,0.8521,0.85225
2013.03.20 00:33:39.599,0.8521,0.85225
2013.03.20 00:33:39.728,0.85214,0.85225
2013.03.20 00:33:40.089,0.85212,0.85228
2013.03.20 00:33:40.220,0.85212,0.85228
2013.03.20 00:33:43.371,0.85209,0.85226
2013.03.20 00:33:43.881,0.85209,0.85224
2013.03.20 00:33:44.129,0.85207,0.85222
2013.03.20 00:33:46.128,0.85209,0.85222
2013.03.20 00:33:46.568,0.85209,0.85224
2013.03.20 00:33:47.143,0.85209,0.85223
2013.03.20 00:33:49.309,0.85206,0.85223
2013.03.20 00:33:53.282,0.85206,0.85221
2013.03.20 00:33:53.789,0.85205,0.85221
2013.03.20 00:33:54.309,0.85204,0.85219
2013.03.20 00:33:57.168,0.85204,0.85219
2013.03.20 00:33:58.039,0.85204,0.85219
2013.03.20 00:33:58.351,0.85203,0.85218
2013.03.20 00:33:58.420,0.85203,0.85218
2013.03.20 00:33:59.303,0.85201,0.85217
2013.03.20 00:33:59.838,0.85201,0.85217
2013.03.20 00:34:02.031,0.85202,0.85217
2013.03.20 00:34:02.578,0.85202,0.85217
2013.03.20 00:34:03.119,0.85203,0.85217
2013.03.20 00:34:03.581,0.85203,0.85218
2013.03.20 00:34:03.916,0.85204,0.85218
2013.03.20 00:34:04.241,0.85205,0.85222
2013.03.20 00:34:04.386,0.85205,0.85222
2013.03.20 00:34:04.452,0.85206,0.85222
2013.03.20 00:34:04.760,0.85209,0.85223
2013.03.20 00:34:05.200,0.85213,0.85226
2013.03.20 00:34:05.805,0.85213,0.85227
2013.03.20 00:34:05.882,0.85215,0.85226
2013.03.20 00:34:06.709,0.85217,0.85231
2013.03.20 00:34:16.642,0.85216,0.85231
2013.03.20 00:34:22.199,0.85216,0.85231
2013.03.20 00:34:22.858,0.85215,0.85231
2013.03.20 00:34:24.939,0.85215,0.85231
2013.03.20 00:34:25.178,0.85215,0.85233
2013.03.20 00:34:30.093,0.85216,0.85232
2013.03.20 00:34:30.649,0.85216,0.85232
2013.03.20 00:34:31.619,0.85216,0.85232
2013.03.20 00:34:41.439,0.85216,0.85233
2013.03.20 00:34:41.778,0.85216,0.85233
2013.03.20 00:34:42.978,0.85216,0.85232
2013.03.20 00:34:43.531,0.85218,0.85233
2013.03.20 00:34:44.230,0.85219,0.85235
2013.03.20 00:34:44.313,0.85223,0.85237
2013.03.20 00:34:44.769,0.85222,0.85238
2013.03.20 00:34:44.889,0.85223,0.85238
2013.03.20 00:34:45.250,0.85227,0.85238
2013.03.20 00:34:45.799,0.85227,0.85237
2013.03.20 00:34:45.871,0.85226,0.85237
2013.03.20 00:34:45.942,0.85224,0.85237
2013.03.20 00:34:46.142,0.85224,0.85237
2013.03.20 00:34:46.688,0.85225,0.85237
2013.03.20 00:34:47.211,0.85225,0.85237
2013.03.20 00:34:47.648,0.85221,0.85237
2013.03.20 00:34:47.720,0.85221,0.85237
2013.03.20 00:34:47.790,0.8522,0.85236
2013.03.20 00:34:48.339,0.85218,0.85234
2013.03.20 00:34:48.709,0.85218,0.85233
2013.03.20 00:34:49.250,0.85218,0.85233
2013.03.20 00:34:49.596,0.85217,0.85233
2013.03.20 00:34:49.860,0.85217,0.85232
2013.03.20 00:34:50.409,0.85216,0.85232
2013.03.20 00:34:51.068,0.85216,0.85232
2013.03.20 00:34:54.670,0.85216,0.85231
2013.03.20 00:34:54.859,0.85214,0.8523
2013.03.20 00:34:55.550,0.85214,0.85228
2013.03.20 00:35:01.081,0.85213,0.85229
2013.03.20 00:35:06.229,0.85214,0.85229
2013.03.20 00:35:08.159,0.85212,0.85229
2013.03.20 00:35:08.709,0.85213,0.85229
2013.03.20 00:35:11.178,0.85212,0.85228
2013.03.20 00:35:12.169,0.85212,0.85227
2013.03.20 00:35:12.359,0.85211,0.85227
2013.03.20 00:35:15.627,0.85211,0.85227
2013.03.20 00:35:15.701,0.8521,0.85227
2013.03.20 00:35:24.242,0.8521,0.85227
2013.03.20 00:35:27.268,0.85209,0.85227
2013.03.20 00:35:28.118,0.85211,0.85227
2013.03.20 00:35:31.318,0.85209,0.85227
2013.03.20 00:35:31.868,0.8521,0.85226
2013.03.20 00:35:35.948,0.8521,0.85226
2013.03.20 00:35:36.488,0.8521,0.85226
2013.03.20 00:35:37.038,0.8521,0.85226
2013.03.20 00:35:37.602,0.8521,0.85226
2013.03.20 00:35:38.138,0.8521,0.85226
2013.03.20 00:35:40.407,0.85211,0.85226
2013.03.20 00:35:42.100,0.8521,0.85225
2013.03.20 00:35:44.089,0.8521,0.85225
2013.03.20 00:35:46.450,0.85208,0.85222
2013.03.20 00:35:46.701,0.85206,0.85222
2013.03.20 00:35:49.981,0.85205,0.85221
2013.03.20 00:35:50.054,0.85204,0.85219
2013.03.20 00:35:50.481,0.85205,0.85219
2013.03.20 00:35:50.789,0.85206,0.85223
2013.03.20 00:35:51.329,0.85207,0.85223
2013.03.20 00:35:51.869,0.85207,0.85223
2013.03.20 00:35:52.372,0.85207,0.85223
2013.03.20 00:35:53.032,0.85208,0.85223
2013.03.20 00:35:53.718,0.85209,0.85226
2013.03.20 00:35:54.979,0.8521,0.85226
2013.03.20 00:35:55.518,0.85208,0.85224
2013.03.20 00:35:55.939,0.85209,0.85224
2013.03.20 00:36:00.019,0.85208,0.85224
2013.03.20 00:36:01.211,0.85209,0.85224
2013.03.20 00:36:02.249,0.85207,0.85224
2013.03.20 00:36:02.760,0.85207,0.85222
2013.03.20 00:36:03.199,0.85205,0.8522
2013.03.20 00:36:05.400,0.85205,0.8522
2013.03.20 00:36:05.880,0.85205,0.8522
2013.03.20 00:36:07.160,0.85204,0.8522
2013.03.20 00:36:07.776,0.85205,0.8522
2013.03.20 00:36:08.080,0.85206,0.85221
2013.03.20 00:36:08.328,0.85206,0.85221
2013.03.20 00:36:10.390,0.85206,0.85221
2013.03.20 00:36:10.579,0.85206,0.85221
2013.03.20 00:36:10.649,0.85207,0.85223
2013.03.20 00:36:10.721,0.85207,0.85223
2013.03.20 00:36:11.149,0.85208,0.85223
2013.03.20 00:36:12.340,0.85207,0.85223
2013.03.20 00:36:12.960,0.85208,0.85223
2013.03.20 00:36:13.578,0.85207,0.85223
2013.03.20 00:36:17.799,0.85207,0.85223
2013.03.20 00:36:21.179,0.85207,0.85223
2013.03.20 00:36:21.240,0.85206,0.85223
2013.03.20 00:36:22.369,0.85205,0.85222
2013.03.20 00:36:22.429,0.85205,0.85222
2013.03.20 00:36:26.931,0.85205,0.85222
2013.03.20 00:36:27.408,0.85205,0.85223
2013.03.20 00:36:27.539,0.85205,0.8522
2013.03.20 00:36:28.089,0.85204,0.85218
2013.03.20 00:36:28.639,0.85203,0.85217
2013.03.20 00:36:31.439,0.85203,0.85217
2013.03.20 00:36:37.856,0.852,0.85217
2013.03.20 00:36:37.933,0.852,0.85214
2013.03.20 00:36:38.430,0.85198,0.85214
2013.03.20 00:36:38.950,0.85198,0.85214
2013.03.20 00:36:41.440,0.85198,0.85214
2013.03.20 00:36:41.570,0.85199,0.85214
2013.03.20 00:36:41.881,0.85201,0.85217
2013.03.20 00:36:42.070,0.85202,0.85217
2013.03.20 00:36:42.139,0.85203,0.8522
2013.03.20 00:36:42.460,0.85202,0.8522
2013.03.20 00:36:42.529,0.85203,0.8522
2013.03.20 00:36:48.562,0.85204,0.85221
2013.03.20 00:36:51.689,0.85204,0.8522
2013.03.20 00:36:55.759,0.85203,0.8522
2013.03.20 00:36:56.321,0.85203,0.8522
2013.03.20 00:36:56.900,0.85202,0.8522
2013.03.20 00:36:57.435,0.85202,0.85218
2013.03.20 00:37:02.485,0.85202,0.85218
2013.03.20 00:37:03.009,0.85203,0.8522
2013.03.20 00:37:03.540,0.85203,0.8522
2013.03.20 00:37:06.258,0.85206,0.8522
2013.03.20 00:37:06.403,0.85207,0.85222
2013.03.20 00:37:06.471,0.85208,0.85221
2013.03.20 00:37:07.298,0.8521,0.85222
2013.03.20 00:37:07.655,0.85212,0.85227
2013.03.20 00:37:11.458,0.85212,0.85228
2013.03.20 00:37:13.190,0.85212,0.85229
2013.03.20 00:37:18.026,0.85212,0.8523
2013.03.20 00:37:26.639,0.85213,0.85229
2013.03.20 00:37:26.700,0.85213,0.85231
2013.03.20 00:37:26.892,0.85214,0.85231
2013.03.20 00:37:27.201,0.85215,0.85231
2013.03.20 00:37:27.640,0.85216,0.85231
2013.03.20 00:37:28.199,0.85215,0.85231
2013.03.20 00:37:29.648,0.85215,0.8523
2013.03.20 00:37:31.869,0.85215,0.8523
2013.03.20 00:37:34.340,0.85214,0.8523
2013.03.20 00:37:34.869,0.85214,0.8523
2013.03.20 00:37:34.929,0.85214,0.8523
2013.03.20 00:37:36.670,0.85214,0.85229
2013.03.20 00:37:39.070,0.85214,0.85229
2013.03.20 00:37:41.080,0.85214,0.85229
2013.03.20 00:37:42.078,0.85214,0.8523
2013.03.20 00:37:42.614,0.85214,0.8523
2013.03.20 00:37:43.149,0.85211,0.85228
2013.03.20 00:37:43.689,0.85212,0.85228
2013.03.20 00:37:44.170,0.85211,0.85227
2013.03.20 00:37:44.739,0.85211,0.85227
2013.03.20 00:37:46.465,0.85209,0.85226
2013.03.20 00:37:47.610,0.85209,0.85223
2013.03.20 00:37:48.143,0.8521,0.85223
2013.03.20 00:37:48.939,0.8521,0.85223
2013.03.20 00:37:49.272,0.85214,0.85229
2013.03.20 00:37:49.781,0.85214,0.85229
2013.03.20 00:37:49.852,0.85214,0.85229
2013.03.20 00:37:49.921,0.85215,0.85229
2013.03.20 00:37:50.469,0.85213,0.85229
2013.03.20 00:37:54.079,0.85213,0.85229
2013.03.20 00:37:58.189,0.85213,0.85229
2013.03.20 00:38:01.149,0.85213,0.85229
2013.03.20 00:38:01.701,0.85212,0.85229
2013.03.20 00:38:02.979,0.85212,0.85229
2013.03.20 00:38:03.325,0.85211,0.85226
2013.03.20 00:38:03.878,0.85211,0.85226
2013.03.20 00:38:04.620,0.85207,0.85222
2013.03.20 00:38:04.869,0.85207,0.85222
2013.03.20 00:38:06.653,0.85207,0.85222
2013.03.20 00:38:07.209,0.85208,0.85224
2013.03.20 00:38:09.749,0.85208,0.85224
2013.03.20 00:38:11.214,0.85208,0.85224
2013.03.20 00:38:13.089,0.85208,0.85224
2013.03.20 00:38:14.506,0.85207,0.85221
2013.03.20 00:38:19.610,0.85207,0.85221
2013.03.20 00:38:24.411,0.85209,0.85225
2013.03.20 00:38:24.670,0.85211,0.85226
2013.03.20 00:38:25.192,0.85213,0.85228
2013.03.20 00:38:25.523,0.85212,0.85227
2013.03.20 00:38:27.504,0.85214,0.85227
2013.03.20 00:38:27.939,0.85213,0.85227
2013.03.20 00:38:29.330,0.85213,0.85229
2013.03.20 00:38:33.246,0.85214,0.85229
2013.03.20 00:38:33.750,0.85214,0.85231
2013.03.20 00:38:36.211,0.85212,0.85228
2013.03.20 00:38:36.750,0.85212,0.85227
2013.03.20 00:38:39.429,0.85214,0.85228
2013.03.20 00:38:41.960,0.85215,0.8523
2013.03.20 00:38:42.089,0.85215,0.85231
2013.03.20 00:38:42.390,0.85213,0.8523
2013.03.20 00:38:42.771,0.85208,0.85226
2013.03.20 00:38:42.960,0.8521,0.85226
2013.03.20 00:38:46.941,0.8521,0.85225
2013.03.20 00:38:47.461,0.8521,0.85225
2013.03.20 00:38:48.170,0.8521,0.85226
2013.03.20 00:38:48.720,0.8521,0.85226
2013.03.20 00:38:49.230,0.8521,0.85226
2013.03.20 00:38:51.114,0.85211,0.85226
2013.03.20 00:38:52.441,0.85211,0.85226
2013.03.20 00:38:52.570,0.85211,0.85226
2013.03.20 00:38:56.269,0.85212,0.85227
2013.03.20 00:38:58.399,0.85212,0.85227
2013.03.20 00:39:01.138,0.85211,0.85227
2013.03.20 00:39:11.029,0.85211,0.85226
2013.03.20 00:39:11.567,0.85211,0.85226
2013.03.20 00:39:19.629,0.85211,0.85227
2013.03.20 00:39:24.908,0.85211,0.85226
2013.03.20 00:39:31.959,0.85211,0.85227
2013.03.20 00:39:36.262,0.85211,0.85225
2013.03.20 00:39:36.471,0.85205,0.85223
2013.03.20 00:39:36.721,0.85205,0.85222
2013.03.20 00:39:44.376,0.85205,0.85222
2013.03.20 00:39:50.910,0.85205,0.85221
2013.03.20 00:40:00.028,0.85205,0.85222
2013.03.20 00:40:11.438,0.85205,0.85221
2013.03.20 00:40:20.079,0.85208,0.85221
2013.03.20 00:40:20.201,0.85211,0.85222
2013.03.20 00:40:20.461,0.85207,0.85222
2013.03.20 00:40:20.590,0.85207,0.85222
2013.03.20 00:40:20.899,0.85207,0.85221
2013.03.20 00:40:20.959,0.85207,0.85221
2013.03.20 00:40:21.500,0.85204,0.85221
2013.03.20 00:40:23.390,0.85206,0.85221
2013.03.20 00:40:24.017,0.85206,0.85222
2013.03.20 00:40:25.454,0.85204,0.85218
2013.03.20 00:40:25.771,0.85202,0.85215
2013.03.20 00:40:26.141,0.85201,0.85216
2013.03.20 00:40:26.210,0.852,0.85216
2013.03.20 00:40:26.341,0.852,0.85215
2013.03.20 00:40:26.484,0.852,0.85215
2013.03.20 00:40:27.030,0.85199,0.85214
2013.03.20 00:40:27.579,0.85199,0.85212
2013.03.20 00:40:27.711,0.85198,0.85212
2013.03.20 00:40:28.269,0.85196,0.8521
2013.03.20 00:40:28.901,0.85196,0.8521
2013.03.20 00:40:30.350,0.85194,0.85211
2013.03.20 00:40:30.420,0.85194,0.85208
2013.03.20 00:40:30.971,0.85193,0.85205
2013.03.20 00:40:36.618,0.85193,0.85205
2013.03.20 00:40:44.689,0.85193,0.85208
2013.03.20 00:40:45.050,0.85193,0.85206
2013.03.20 00:40:45.298,0.85196,0.85208
2013.03.20 00:40:45.420,0.85196,0.8521
2013.03.20 00:40:45.610,0.85197,0.85211
2013.03.20 00:40:45.680,0.85197,0.85215
2013.03.20 00:40:45.868,0.85197,0.85215
2013.03.20 00:40:46.548,0.85197,0.85215
2013.03.20 00:40:47.149,0.85199,0.85215
2013.03.20 00:40:49.589,0.85199,0.85215
2013.03.20 00:40:52.290,0.85199,0.85215
2013.03.20 00:41:10.279,0.852,0.85216
2013.03.20 00:41:11.159,0.85197,0.8521
2013.03.20 00:41:11.680,0.85197,0.85209
2013.03.20 00:41:18.189,0.85197,0.85209
2013.03.20 00:41:18.949,0.85194,0.85208
2013.03.20 00:41:27.310,0.85195,0.8521
2013.03.20 00:41:28.272,0.85194,0.8521
2013.03.20 00:41:54.557,0.85194,0.85209
2013.03.20 00:42:21.571,0.85196,0.8521
2013.03.20 00:42:21.700,0.85195,0.8521
2013.03.20 00:42:22.199,0.85197,0.85212
2013.03.20 00:42:26.970,0.85196,0.85211
2013.03.20 00:42:30.930,0.85195,0.85207
2013.03.20 00:43:31.416,0.85191,0.85207
2013.03.20 00:43:32.409,0.8519,0.85207
2013.03.20 00:43:37.103,0.8519,0.85207
2013.03.20 00:43:44.502,0.8519,0.85208
2013.03.20 00:43:44.569,0.8519,0.85208
2013.03.20 00:43:44.751,0.85191,0.85206
2013.03.20 00:43:45.301,0.85193,0.85207
2013.03.20 00:43:48.899,0.85195,0.85207
2013.03.20 00:43:55.470,0.85193,0.85207
2013.03.20 00:43:57.541,0.85196,0.85207
2013.03.20 00:43:58.089,0.85193,0.85207
2013.03.20 00:43:58.269,0.85193,0.85207
2013.03.20 00:43:58.858,0.85194,0.85207
2013.03.20 00:44:11.018,0.85192,0.85207
2013.03.20 00:44:14.119,0.85192,0.85206
2013.03.20 00:44:20.150,0.85192,0.85206
2013.03.20 00:44:24.768,0.85192,0.85206
2013.03.20 00:44:27.799,0.85192,0.85207
2013.03.20 00:44:42.670,0.85193,0.85206
2013.03.20 00:44:46.289,0.85191,0.85206
2013.03.20 00:44:46.962,0.85191,0.85205
2013.03.20 00:44:57.910,0.85194,0.85206
2013.03.20 00:44:58.447,0.85195,0.85207
2013.03.20 00:44:59.608,0.85195,0.85207
2013.03.20 00:45:00.570,0.85195,0.85207
2013.03.20 00:45:03.339,0.85195,0.85207
2013.03.20 00:45:04.527,0.85194,0.85207
2013.03.20 00:45:04.887,0.85194,0.85207
2013.03.20 00:45:05.309,0.85195,0.85207
2013.03.20 00:45:06.129,0.85192,0.85207
2013.03.20 00:45:06.250,0.85192,0.85207
2013.03.20 00:45:06.370,0.85191,0.85205
2013.03.20 00:45:06.910,0.85191,0.85205
2013.03.20 00:45:09.829,0.85192,0.85203
2013.03.20 00:45:14.162,0.85194,0.85205
2013.03.20 00:45:14.232,0.85194,0.85207
2013.03.20 00:45:14.420,0.85194,0.85206
2013.03.20 00:45:14.961,0.85192,0.85207
2013.03.20 00:45:17.959,0.8519,0.85206
2013.03.20 00:45:21.780,0.85191,0.85206
2013.03.20 00:45:22.342,0.85194,0.85206
2013.03.20 00:45:27.130,0.85194,0.85206
2013.03.20 00:45:28.529,0.85194,0.85207
2013.03.20 00:45:34.890,0.85194,0.85208
2013.03.20 00:45:36.111,0.85197,0.85208
2013.03.20 00:45:39.141,0.85198,0.85209
2013.03.20 00:45:39.390,0.85198,0.8521
2013.03.20 00:45:39.712,0.85197,0.8521
2013.03.20 00:45:40.260,0.85195,0.8521
2013.03.20 00:45:40.813,0.85198,0.85212
2013.03.20 00:45:42.171,0.852,0.85212
2013.03.20 00:45:42.714,0.852,0.85213
2013.03.20 00:45:43.979,0.85203,0.85212
2013.03.20 00:45:44.110,0.85203,0.85213
2013.03.20 00:45:44.289,0.85203,0.85213
2013.03.20 00:45:44.589,0.85206,0.85216
2013.03.20 00:45:45.130,0.85209,0.8522
2013.03.20 00:45:45.311,0.85207,0.85219
2013.03.20 00:45:45.380,0.85207,0.85219
2013.03.20 00:45:45.561,0.85207,0.85218
2013.03.20 00:45:46.080,0.85206,0.85218
2013.03.20 00:45:46.149,0.85205,0.85218
2013.03.20 00:45:46.268,0.85204,0.85218
2013.03.20 00:45:46.329,0.85204,0.85218
2013.03.20 00:45:46.749,0.85201,0.85216
2013.03.20 00:45:46.930,0.85202,0.85216
2013.03.20 00:45:49.671,0.85202,0.85216
2013.03.20 00:45:49.861,0.85203,0.85216
2013.03.20 00:45:50.362,0.85203,0.85217
2013.03.20 00:45:50.432,0.85201,0.85217
2013.03.20 00:45:50.989,0.85202,0.85215
2013.03.20 00:45:51.523,0.85201,0.85215
2013.03.20 00:45:51.591,0.852,0.85215
2013.03.20 00:45:52.151,0.85196,0.85211
2013.03.20 00:45:52.221,0.85195,0.85208
2013.03.20 00:45:52.352,0.85195,0.85208
2013.03.20 00:45:52.423,0.85193,0.85207
2013.03.20 00:45:52.975,0.85193,0.85208
2013.03.20 00:45:53.679,0.85193,0.85208
2013.03.20 00:45:54.160,0.85193,0.85208
2013.03.20 00:45:55.660,0.85194,0.85208
2013.03.20 00:45:56.210,0.85195,0.85208
2013.03.20 00:45:58.132,0.85195,0.85208
2013.03.20 00:45:58.903,0.85196,0.85207
2013.03.20 00:45:59.482,0.85196,0.85207
2013.03.20 00:46:08.499,0.85195,0.85207
2013.03.20 00:46:09.070,0.85197,0.85207
2013.03.20 00:46:09.689,0.85197,0.85208
2013.03.20 00:46:13.779,0.85197,0.85208
2013.03.20 00:46:17.140,0.85195,0.85207
2013.03.20 00:46:17.969,0.85195,0.85207
2013.03.20 00:46:27.221,0.85195,0.85208
2013.03.20 00:46:27.470,0.85194,0.85206
2013.03.20 00:46:28.021,0.85194,0.85206
2013.03.20 00:46:28.589,0.85194,0.85207
2013.03.20 00:46:32.062,0.85194,0.85202
2013.03.20 00:46:32.620,0.85194,0.85202
2013.03.20 00:46:37.459,0.85194,0.85206
2013.03.20 00:46:38.389,0.85194,0.85206
2013.03.20 00:46:38.900,0.85198,0.85206
2013.03.20 00:46:39.392,0.85199,0.85211
2013.03.20 00:46:39.459,0.852,0.8521
2013.03.20 00:46:39.999,0.85199,0.8521
2013.03.20 00:46:40.329,0.85199,0.8521
2013.03.20 00:46:42.859,0.85199,0.8521
2013.03.20 00:46:53.964,0.85199,0.85207
2013.03.20 00:46:54.450,0.85199,0.85213
2013.03.20 00:46:56.055,0.85199,0.85213
2013.03.20 00:47:12.140,0.85198,0.85212
2013.03.20 00:47:13.941,0.85199,0.85211
2013.03.20 00:47:18.079,0.85199,0.85211
2013.03.20 00:47:18.381,0.85202,0.85213
2013.03.20 00:47:18.929,0.85203,0.85215
2013.03.20 00:47:21.289,0.85201,0.85216
2013.03.20 00:47:21.951,0.85202,0.85216
2013.03.20 00:47:25.090,0.85202,0.85216
2013.03.20 00:47:26.671,0.85202,0.85216
2013.03.20 00:47:27.100,0.85199,0.85215
2013.03.20 00:47:29.200,0.85201,0.85213
2013.03.20 00:47:29.740,0.85201,0.85213
2013.03.20 00:47:32.052,0.85203,0.85216
2013.03.20 00:47:32.624,0.85203,0.85217
2013.03.20 00:47:36.412,0.85204,0.85217
2013.03.20 00:47:53.596,0.85204,0.85217
2013.03.20 00:47:53.719,0.85205,0.85217
2013.03.20 00:47:54.270,0.85204,0.85217
2013.03.20 00:47:56.133,0.85207,0.85219
2013.03.20 00:47:56.681,0.85207,0.85218
2013.03.20 00:47:56.999,0.85206,0.85218
2013.03.20 00:47:57.481,0.85204,0.85218
2013.03.20 00:48:00.229,0.85204,0.85218
2013.03.20 00:48:00.749,0.85204,0.85216
2013.03.20 00:48:04.700,0.85204,0.85218
2013.03.20 00:48:05.209,0.85204,0.85218
2013.03.20 00:48:07.373,0.85202,0.85214
2013.03.20 00:48:14.359,0.85202,0.85213
2013.03.20 00:48:25.531,0.85202,0.85215
2013.03.20 00:48:25.724,0.85204,0.85215
2013.03.20 00:48:25.793,0.85203,0.85215
2013.03.20 00:48:26.334,0.85203,0.85217
2013.03.20 00:48:31.645,0.85205,0.85217
2013.03.20 00:48:31.722,0.85205,0.85217
2013.03.20 00:48:31.791,0.85204,0.85217
2013.03.20 00:48:31.922,0.85204,0.85217
2013.03.20 00:48:32.231,0.85207,0.85217
2013.03.20 00:48:32.779,0.85207,0.85218
2013.03.20 00:48:35.811,0.85207,0.85218
2013.03.20 00:48:36.301,0.85207,0.85218
2013.03.20 00:48:45.210,0.85207,0.85218
2013.03.20 00:48:45.570,0.85207,0.85218
2013.03.20 00:49:02.389,0.85209,0.85218
2013.03.20 00:49:02.931,0.8521,0.85223
2013.03.20 00:49:06.651,0.8521,0.85223
2013.03.20 00:49:07.581,0.8521,0.85223
2013.03.20 00:49:24.451,0.8521,0.85222
2013.03.20 00:49:28.620,0.8521,0.85222
2013.03.20 00:49:31.731,0.85209,0.85222
2013.03.20 00:49:32.513,0.85208,0.85221
2013.03.20 00:49:54.310,0.85206,0.8522
2013.03.20 00:50:24.987,0.85206,0.85222
2013.03.20 00:50:39.954,0.85206,0.85221
2013.03.20 00:50:41.369,0.85206,0.85219
2013.03.20 00:50:41.969,0.85206,0.85219
2013.03.20 00:50:51.985,0.85203,0.85221
2013.03.20 00:50:53.048,0.85203,0.85221
2013.03.20 00:51:06.789,0.85204,0.8522
2013.03.20 00:51:07.556,0.85204,0.8522
2013.03.20 00:51:07.879,0.85202,0.85219
2013.03.20 00:51:08.120,0.85202,0.85219
2013.03.20 00:51:08.310,0.85202,0.8522
2013.03.20 00:51:13.129,0.85204,0.85221
2013.03.20 00:51:13.439,0.85207,0.8522
2013.03.20 00:51:26.060,0.85207,0.8522
2013.03.20 00:51:31.000,0.85205,0.85218
2013.03.20 00:51:32.889,0.85203,0.85218
2013.03.20 00:51:33.440,0.85203,0.85218
2013.03.20 00:51:44.761,0.85204,0.85218
2013.03.20 00:51:52.380,0.85204,0.85219
2013.03.20 00:52:00.240,0.85204,0.85219
2013.03.20 00:52:24.696,0.85204,0.85219
2013.03.20 00:52:28.880,0.85203,0.8522
2013.03.20 00:52:38.242,0.85202,0.85216
2013.03.20 00:52:38.310,0.85202,0.85216
2013.03.20 00:52:43.294,0.85204,0.85218
2013.03.20 00:52:48.331,0.85204,0.85218
2013.03.20 00:52:48.639,0.85207,0.85219
2013.03.20 00:52:49.563,0.85207,0.85219
2013.03.20 00:52:53.420,0.85205,0.85219
2013.03.20 00:52:57.102,0.85205,0.8522
2013.03.20 00:53:06.332,0.85205,0.8522
2013.03.20 00:53:06.402,0.85205,0.8522
2013.03.20 00:53:06.870,0.85206,0.85221
2013.03.20 00:53:06.930,0.85206,0.8522
2013.03.20 00:53:08.119,0.85206,0.8522
2013.03.20 00:53:18.910,0.85207,0.85222
2013.03.20 00:53:20.231,0.85207,0.85222
2013.03.20 00:53:25.021,0.85207,0.85222
2013.03.20 00:53:29.139,0.85207,0.85222
2013.03.20 00:53:29.441,0.85206,0.85221
2013.03.20 00:53:30.089,0.85206,0.85221
2013.03.20 00:53:35.790,0.85206,0.85221
2013.03.20 00:53:57.120,0.85206,0.85221
2013.03.20 00:54:01.612,0.85205,0.8522
2013.03.20 00:54:09.959,0.85207,0.85219
2013.03.20 00:54:27.991,0.85205,0.85219
2013.03.20 00:54:41.244,0.85207,0.85219
2013.03.20 00:54:41.440,0.85208,0.85223
2013.03.20 00:54:41.561,0.85208,0.85223
2013.03.20 00:54:42.801,0.85207,0.85222
2013.03.20 00:54:43.360,0.85205,0.8522
2013.03.20 00:54:59.600,0.85205,0.8522
2013.03.20 00:55:03.052,0.85205,0.8522
2013.03.20 00:55:09.841,0.85208,0.85221
2013.03.20 00:55:10.390,0.85208,0.85221
2013.03.20 00:55:11.850,0.85208,0.85221
2013.03.20 00:55:16.326,0.85208,0.85221
2013.03.20 00:55:40.256,0.85208,0.85221
2013.03.20 00:55:40.441,0.85207,0.85221
2013.03.20 00:55:40.990,0.85207,0.85221
2013.03.20 00:55:47.470,0.85207,0.85221
2013.03.20 00:55:56.712,0.85207,0.85221
2013.03.20 00:56:00.220,0.85209,0.85221
2013.03.20 00:56:12.642,0.85209,0.85224
2013.03.20 00:56:12.710,0.8521,0.85226
2013.03.20 00:56:13.250,0.85212,0.85226
2013.03.20 00:56:15.160,0.8521,0.85225
2013.03.20 00:56:15.302,0.8521,0.85223
2013.03.20 00:56:20.633,0.85209,0.85223
2013.03.20 00:56:24.241,0.85208,0.85221
2013.03.20 00:56:24.481,0.85208,0.85221
2013.03.20 00:56:24.672,0.85208,0.85221
2013.03.20 00:56:24.800,0.85208,0.85221
2013.03.20 00:56:25.561,0.85207,0.85221
2013.03.20 00:56:28.840,0.85207,0.85221
2013.03.20 00:56:31.056,0.85207,0.85221
2013.03.20 00:56:31.183,0.85208,0.85221
2013.03.20 00:56:31.432,0.85205,0.85221
2013.03.20 00:56:31.502,0.85205,0.85221
2013.03.20 00:56:32.131,0.85203,0.85217
2013.03.20 00:56:35.861,0.85203,0.85217
2013.03.20 00:56:36.371,0.85205,0.85219
2013.03.20 00:56:37.651,0.85204,0.85219
2013.03.20 00:56:38.331,0.85203,0.85219
2013.03.20 00:56:58.186,0.85202,0.85218
2013.03.20 00:57:04.881,0.85202,0.85219
2013.03.20 00:57:08.023,0.85202,0.85219
2013.03.20 00:57:40.681,0.85203,0.85219
2013.03.20 00:57:44.760,0.85203,0.8522
2013.03.20 00:57:54.251,0.85205,0.8522
2013.03.20 00:57:55.031,0.85205,0.8522
2013.03.20 00:57:55.544,0.85206,0.8522
2013.03.20 00:58:15.571,0.85204,0.85219
2013.03.20 00:58:16.100,0.85204,0.85219
2013.03.20 00:58:26.470,0.85204,0.85219
2013.03.20 00:58:47.601,0.85204,0.85219
2013.03.20 00:58:48.140,0.85204,0.85222
2013.03.20 00:58:55.941,0.85205,0.85221
2013.03.20 00:59:01.322,0.85205,0.85221
2013.03.20 00:59:01.871,0.85205,0.85221
2013.03.20 00:59:02.452,0.85204,0.85219
2013.03.20 00:59:03.273,0.85205,0.85219
2013.03.20 00:59:15.351,0.85204,0.85219
2013.03.20 00:59:27.161,0.85204,0.85218
2013.03.20 00:59:27.962,0.85204,0.85218
2013.03.20 00:59:36.940,0.85205,0.85218
2013.03.20 00:59:41.911,0.85204,0.85218
2013.03.20 00:59:42.091,0.85204,0.85217
2013.03.20 01:00:14.991,0.85202,0.85217
2013.03.20 01:00:15.171,0.85201,0.85215
2013.03.20 01:00:19.438,0.85202,0.85215
2013.03.20 01:00:20.311,0.85202,0.85215
2013.03.20 01:00:20.673,0.85202,0.85215
2013.03.20 01:00:27.798,0.85202,0.85215
2013.03.20 01:00:30.688,0.85202,0.85215
2013.03.20 01:00:30.947,0.85203,0.85216
2013.03.20 01:00:31.453,0.85204,0.85216
2013.03.20 01:00:31.993,0.85205,0.85218
2013.03.20 01:00:32.184,0.85206,0.85219
2013.03.20 01:00:32.816,0.85206,0.8522
2013.03.20 01:00:33.062,0.85208,0.8522
2013.03.20 01:00:33.612,0.85208,0.85222
2013.03.20 01:00:37.127,0.85208,0.85222
2013.03.20 01:00:37.371,0.85206,0.8522
2013.03.20 01:00:37.553,0.85206,0.8522
2013.03.20 01:00:37.802,0.85207,0.8522
2013.03.20 01:00:38.351,0.85207,0.8522
2013.03.20 01:00:39.034,0.85208,0.85221
2013.03.20 01:00:44.231,0.85208,0.85221
2013.03.20 01:00:45.802,0.85208,0.85221
2013.03.20 01:00:46.311,0.85206,0.85221
2013.03.20 01:00:51.301,0.85206,0.85221
2013.03.20 01:00:53.361,0.85206,0.85221
2013.03.20 01:00:59.400,0.85204,0.8522
2013.03.20 01:01:00.423,0.85206,0.8522
2013.03.20 01:01:04.642,0.85204,0.85219
2013.03.20 01:01:24.243,0.85204,0.85218
2013.03.20 01:01:24.792,0.85206,0.85219
2013.03.20 01:01:33.352,0.85207,0.85219
2013.03.20 01:02:15.832,0.85207,0.85221
2013.03.20 01:02:16.025,0.85209,0.85223
2013.03.20 01:02:16.332,0.85209,0.85223
2013.03.20 01:02:16.712,0.85209,0.85223
2013.03.20 01:02:16.782,0.85211,0.85223
2013.03.20 01:02:17.232,0.85212,0.85226
2013.03.20 01:02:20.363,0.85211,0.85226
2013.03.20 01:02:56.152,0.8521,0.85225
2013.03.20 01:02:58.342,0.85212,0.85225
2013.03.20 01:02:58.893,0.85211,0.85224
2013.03.20 01:02:59.920,0.85212,0.85225
2013.03.20 01:03:06.552,0.85212,0.85224
2013.03.20 01:03:08.266,0.85213,0.85225
2013.03.20 01:03:08.333,0.85213,0.85226
2013.03.20 01:03:08.653,0.85213,0.85227
2013.03.20 01:03:08.962,0.85215,0.85227
2013.03.20 01:03:09.503,0.85215,0.85228
2013.03.20 01:03:09.632,0.85215,0.85229
2013.03.20 01:03:09.882,0.85216,0.85229
2013.03.20 01:03:10.704,0.85215,0.85228
2013.03.20 01:03:10.852,0.85212,0.85225
2013.03.20 01:03:11.983,0.85214,0.85225
2013.03.20 01:03:20.081,0.85214,0.85225
2013.03.20 01:03:20.702,0.85211,0.85227
2013.03.20 01:03:21.071,0.85211,0.85226
2013.03.20 01:03:24.252,0.85212,0.85227
2013.03.20 01:03:24.801,0.85213,0.85227
2013.03.20 01:03:27.101,0.85213,0.85227
2013.03.20 01:03:37.942,0.85213,0.85225
2013.03.20 01:03:38.471,0.85213,0.85225
2013.03.20 01:03:39.013,0.85213,0.85224
2013.03.20 01:03:41.192,0.85212,0.85224
2013.03.20 01:03:41.941,0.85211,0.85224
2013.03.20 01:03:42.651,0.85211,0.85224
2013.03.20 01:04:10.121,0.85212,0.85225
2013.03.20 01:04:10.361,0.85212,0.85225
2013.03.20 01:04:20.741,0.85212,0.85225
2013.03.20 01:04:32.161,0.85212,0.85224
2013.03.20 01:04:36.546,0.85212,0.85224
2013.03.20 01:04:40.451,0.85211,0.85224
2013.03.20 01:04:41.831,0.85212,0.85224
2013.03.20 01:04:42.431,0.85212,0.85224
2013.03.20 01:04:48.549,0.85211,0.85226
2013.03.20 01:05:11.351,0.85211,0.85225
2013.03.20 01:05:13.559,0.85212,0.85225
2013.03.20 01:05:14.802,0.85212,0.85225
2013.03.20 01:05:20.081,0.85212,0.85225
2013.03.20 01:05:20.863,0.85212,0.85226
2013.03.20 01:05:20.991,0.85212,0.85226
2013.03.20 01:05:22.612,0.85212,0.85226
2013.03.20 01:05:29.112,0.85213,0.85226
2013.03.20 01:05:39.483,0.85212,0.85226
2013.03.20 01:05:40.871,0.85213,0.85227
2013.03.20 01:05:43.134,0.85214,0.85227
2013.03.20 01:05:43.681,0.85215,0.85228
2013.03.20 01:05:44.583,0.85215,0.85227
2013.03.20 01:05:44.713,0.85211,0.85226
2013.03.20 01:05:45.027,0.85211,0.85226
2013.03.20 01:06:06.175,0.85214,0.85226
2013.03.20 01:06:11.122,0.85214,0.85226
2013.03.20 01:06:11.304,0.85214,0.85229
2013.03.20 01:06:11.552,0.85216,0.85228
2013.03.20 01:06:11.672,0.85214,0.85226
2013.03.20 01:06:11.743,0.85214,0.85226
2013.03.20 01:06:21.302,0.85213,0.85226
2013.03.20 01:06:27.503,0.85214,0.85226
2013.03.20 01:06:31.585,0.85213,0.85225
2013.03.20 01:06:31.714,0.85211,0.85225
2013.03.20 01:06:34.602,0.85211,0.85222
2013.03.20 01:06:35.152,0.85211,0.85223
2013.03.20 01:06:37.852,0.85211,0.85225
2013.03.20 01:06:38.925,0.85211,0.85225
2013.03.20 01:06:39.173,0.8521,0.85223
2013.03.20 01:06:39.362,0.8521,0.85221
2013.03.20 01:06:39.842,0.85209,0.85223
2013.03.20 01:06:39.902,0.85209,0.85224
2013.03.20 01:06:40.412,0.8521,0.85224
2013.03.20 01:06:41.352,0.8521,0.85222
2013.03.20 01:06:48.188,0.8521,0.85225
2013.03.20 01:06:49.481,0.8521,0.85224
2013.03.20 01:06:50.042,0.85209,0.85221
2013.03.20 01:06:50.455,0.85209,0.8522
2013.03.20 01:06:50.959,0.85209,0.8522
2013.03.20 01:06:52.642,0.85208,0.85218
2013.03.20 01:06:53.276,0.85208,0.85218
2013.03.20 01:06:55.776,0.85207,0.85218
2013.03.20 01:06:56.314,0.85205,0.85218
2013.03.20 01:06:57.351,0.85205,0.85218
2013.03.20 01:07:04.063,0.85206,0.85218
2013.03.20 01:07:04.673,0.85204,0.85218
2013.03.20 01:07:11.901,0.85203,0.85218
2013.03.20 01:07:12.463,0.85203,0.85217
2013.03.20 01:07:13.086,0.85203,0.85217
2013.03.20 01:07:13.757,0.85202,0.85217
2013.03.20 01:07:23.327,0.85202,0.85213
2013.03.20 01:07:26.752,0.85202,0.85214
2013.03.20 01:07:27.301,0.85202,0.85214
2013.03.20 01:07:27.844,0.85202,0.85214
2013.03.20 01:07:28.402,0.85201,0.85214
2013.03.20 01:07:31.084,0.85201,0.85214
2013.03.20 01:07:37.933,0.85202,0.85214
2013.03.20 01:07:52.213,0.85201,0.85217
2013.03.20 01:07:52.282,0.85201,0.85217
2013.03.20 01:07:57.111,0.85201,0.85216
2013.03.20 01:08:03.469,0.85203,0.85215
2013.03.20 01:08:03.724,0.85201,0.85215
2013.03.20 01:08:04.392,0.85202,0.85215
2013.03.20 01:08:04.942,0.85201,0.85213
2013.03.20 01:08:06.231,0.85201,0.85213
2013.03.20 01:08:12.381,0.85199,0.85214
2013.03.20 01:08:13.912,0.85201,0.85214
2013.03.20 01:08:16.066,0.852,0.85216
2013.03.20 01:08:17.444,0.852,0.85216
2013.03.20 01:08:17.943,0.85203,0.85217
2013.03.20 01:08:26.197,0.85204,0.85218
2013.03.20 01:08:26.514,0.85204,0.85219
2013.03.20 01:08:26.584,0.85203,0.85217
2013.03.20 01:08:27.533,0.85202,0.85217
2013.03.20 01:08:27.872,0.852,0.85215
2013.03.20 01:08:30.062,0.85199,0.85212
2013.03.20 01:08:30.244,0.85199,0.8521
2013.03.20 01:08:30.803,0.852,0.85214
2013.03.20 01:08:30.873,0.852,0.85214
2013.03.20 01:08:31.421,0.85201,0.85214
2013.03.20 01:08:32.732,0.85201,0.85214
2013.03.20 01:08:54.038,0.85201,0.85215
2013.03.20 01:08:54.422,0.85202,0.85215
2013.03.20 01:08:54.791,0.85202,0.85216
2013.03.20 01:08:55.562,0.85203,0.85216
2013.03.20 01:08:56.611,0.852,0.85216
2013.03.20 01:08:57.539,0.85199,0.85214
2013.03.20 01:08:58.206,0.852,0.85215
2013.03.20 01:09:09.251,0.85201,0.85215
2013.03.20 01:09:09.676,0.85201,0.85217
2013.03.20 01:09:10.272,0.85203,0.85217
2013.03.20 01:09:18.501,0.85203,0.85217
2013.03.20 01:09:19.066,0.85203,0.85217
2013.03.20 01:09:24.223,0.852,0.85215
2013.03.20 01:09:24.773,0.85201,0.85213
2013.03.20 01:09:29.902,0.852,0.85215
2013.03.20 01:09:30.491,0.852,0.85213
2013.03.20 01:09:54.762,0.85198,0.85211
2013.03.20 01:09:54.894,0.85195,0.85209
2013.03.20 01:09:55.083,0.85195,0.85208
2013.03.20 01:09:55.592,0.85194,0.85208
2013.03.20 01:10:02.755,0.85194,0.85208
2013.03.20 01:10:02.826,0.85194,0.85206
2013.03.20 01:10:03.244,0.85193,0.85205
2013.03.20 01:10:05.984,0.8519,0.85205
2013.03.20 01:10:08.744,0.8519,0.85204
2013.03.20 01:10:15.972,0.85191,0.85204
2013.03.20 01:10:16.521,0.85193,0.85206
2013.03.20 01:10:21.023,0.85194,0.85208
2013.03.20 01:10:21.363,0.85196,0.85208
2013.03.20 01:10:21.881,0.85195,0.85208
2013.03.20 01:10:30.112,0.85198,0.85209
2013.03.20 01:10:41.352,0.85197,0.85206
2013.03.20 01:10:41.653,0.85198,0.85206
2013.03.20 01:10:42.996,0.85196,0.85203
2013.03.20 01:10:45.851,0.85194,0.85203
2013.03.20 01:10:47.241,0.85194,0.85203
2013.03.20 01:10:52.821,0.85195,0.85203
2013.03.20 01:10:55.172,0.85192,0.85205
2013.03.20 01:10:57.546,0.85192,0.85203
2013.03.20 01:10:57.673,0.85192,0.85203
2013.03.20 01:11:00.894,0.85196,0.85203
2013.03.20 01:11:00.971,0.85192,0.85203
2013.03.20 01:11:04.422,0.85193,0.85205
2013.03.20 01:11:04.973,0.85195,0.85206
2013.03.20 01:11:05.283,0.85195,0.85207
2013.03.20 01:11:06.103,0.85195,0.85207
2013.03.20 01:11:06.422,0.85195,0.85207
2013.03.20 01:11:06.611,0.85195,0.85207
2013.03.20 01:11:23.822,0.85191,0.85206
2013.03.20 01:11:25.423,0.85191,0.85205
2013.03.20 01:11:31.995,0.85193,0.85204
2013.03.20 01:11:33.342,0.8519,0.85204
2013.03.20 01:11:33.773,0.85192,0.85207
2013.03.20 01:11:34.324,0.85194,0.85208
2013.03.20 01:11:35.423,0.85194,0.85209
2013.03.20 01:11:36.391,0.85194,0.85209
2013.03.20 01:11:37.755,0.85194,0.85208
2013.03.20 01:11:37.883,0.85193,0.85208
2013.03.20 01:11:38.018,0.85193,0.85208
2013.03.20 01:11:38.983,0.85193,0.85206
2013.03.20 01:11:44.493,0.85192,0.85208
2013.03.20 01:11:45.894,0.85196,0.85209
2013.03.20 01:11:52.427,0.85197,0.8521
2013.03.20 01:11:55.145,0.85197,0.8521
2013.03.20 01:11:55.453,0.85198,0.85212
2013.03.20 01:11:56.002,0.85199,0.85213
2013.03.20 01:12:00.733,0.85199,0.85213
2013.03.20 01:12:19.044,0.85198,0.85214
2013.03.20 01:12:19.598,0.85198,0.85213
2013.03.20 01:12:28.703,0.85198,0.85211
2013.03.20 01:12:31.892,0.85197,0.85212
2013.03.20 01:12:33.362,0.85195,0.8521
2013.03.20 01:12:44.332,0.85195,0.8521
2013.03.20 01:12:50.666,0.85194,0.85208
2013.03.20 01:12:53.319,0.85196,0.85211
2013.03.20 01:12:54.061,0.85196,0.85211
2013.03.20 01:13:05.951,0.85195,0.8521
2013.03.20 01:13:06.251,0.85193,0.85207
2013.03.20 01:13:06.492,0.85193,0.8521
2013.03.20 01:14:06.513,0.85195,0.85213
2013.03.20 01:14:47.111,0.85195,0.85213
2013.03.20 01:14:54.482,0.85195,0.85212
2013.03.20 01:14:54.885,0.85192,0.85212
2013.03.20 01:14:56.051,0.85192,0.85212
2013.03.20 01:15:11.448,0.85192,0.85212
2013.03.20 01:15:14.812,0.85193,0.85211
2013.03.20 01:15:15.350,0.85193,0.85211
2013.03.20 01:15:35.154,0.85195,0.85208
2013.03.20 01:15:35.703,0.8519,0.85204
2013.03.20 01:15:36.505,0.85193,0.85204
2013.03.20 01:15:37.054,0.85192,0.85202
2013.03.20 01:15:51.242,0.85189,0.85202
2013.03.20 01:15:54.532,0.85189,0.85202
2013.03.20 01:15:55.072,0.85189,0.852
2013.03.20 01:15:55.617,0.85188,0.85198
2013.03.20 01:15:55.684,0.85188,0.85198
2013.03.20 01:15:56.619,0.85187,0.85199
2013.03.20 01:16:00.093,0.85187,0.85199
2013.03.20 01:16:00.632,0.85187,0.85198
2013.03.20 01:16:07.423,0.85187,0.852
2013.03.20 01:16:07.673,0.85188,0.852
2013.03.20 01:16:08.270,0.85188,0.852
2013.03.20 01:16:13.401,0.85188,0.852
2013.03.20 01:16:13.703,0.85186,0.852
2013.03.20 01:16:15.142,0.85186,0.85197
2013.03.20 01:16:15.392,0.85186,0.85198
2013.03.20 01:16:15.902,0.85186,0.85199
2013.03.20 01:16:23.623,0.85186,0.852
2013.03.20 01:16:41.707,0.85187,0.852
2013.03.20 01:16:42.232,0.85187,0.85202
2013.03.20 01:16:42.432,0.85188,0.85201
2013.03.20 01:16:54.792,0.85188,0.85203
2013.03.20 01:17:01.029,0.85189,0.85203
2013.03.20 01:17:01.573,0.85189,0.85203
2013.03.20 01:17:18.242,0.85189,0.85202
2013.03.20 01:17:21.352,0.85189,0.85202
2013.03.20 01:17:21.894,0.85189,0.85205
2013.03.20 01:17:22.434,0.85189,0.85205
2013.03.20 01:17:41.754,0.85191,0.85204
2013.03.20 01:17:42.257,0.85193,0.85207
2013.03.20 01:17:42.805,0.85192,0.85205
2013.03.20 01:17:43.778,0.85194,0.85207
2013.03.20 01:17:46.373,0.85192,0.85206
2013.03.20 01:17:48.221,0.85194,0.85208
2013.03.20 01:17:48.563,0.85197,0.8521
2013.03.20 01:17:49.103,0.85198,0.8521
2013.03.20 01:17:50.853,0.85196,0.85209
2013.03.20 01:17:50.923,0.85196,0.8521
2013.03.20 01:17:53.194,0.85196,0.8521
2013.03.20 01:17:53.340,0.85199,0.85214
2013.03.20 01:17:53.419,0.852,0.85215
2013.03.20 01:17:53.675,0.852,0.85215
2013.03.20 01:17:54.235,0.85201,0.85216
2013.03.20 01:17:54.785,0.85202,0.85216
2013.03.20 01:17:55.311,0.85202,0.85216
2013.03.20 01:17:55.854,0.85201,0.85217
2013.03.20 01:17:56.296,0.85201,0.85217
2013.03.20 01:17:56.423,0.85201,0.85215
2013.03.20 01:17:56.962,0.85202,0.85216
2013.03.20 01:17:57.383,0.85203,0.85216
2013.03.20 01:17:57.623,0.85203,0.85216
2013.03.20 01:17:58.163,0.85203,0.85216
2013.03.20 01:17:58.284,0.85202,0.85216
2013.03.20 01:17:58.832,0.85203,0.85216
2013.03.20 01:17:59.734,0.85203,0.85216
2013.03.20 01:18:00.242,0.85202,0.85218
2013.03.20 01:18:11.433,0.85203,0.85218
2013.03.20 01:18:15.820,0.85203,0.85218
2013.03.20 01:18:33.583,0.85202,0.85218
2013.03.20 01:18:34.107,0.852,0.85216
2013.03.20 01:18:38.234,0.85201,0.85216
2013.03.20 01:18:38.894,0.85201,0.85216
2013.03.20 01:18:44.825,0.852,0.85216
2013.03.20 01:18:45.013,0.85202,0.85218
2013.03.20 01:18:45.137,0.85204,0.85219
2013.03.20 01:18:45.204,0.85204,0.85219
2013.03.20 01:18:45.753,0.85207,0.85222
2013.03.20 01:18:46.244,0.85207,0.85222
2013.03.20 01:18:46.804,0.85208,0.85223
2013.03.20 01:18:47.492,0.85208,0.85223
2013.03.20 01:18:55.358,0.85207,0.85222
2013.03.20 01:18:55.428,0.85206,0.8522
2013.03.20 01:18:55.793,0.85206,0.85221
2013.03.20 01:18:56.343,0.85206,0.85221
2013.03.20 01:18:56.853,0.85209,0.85222
2013.03.20 01:18:59.825,0.85209,0.85223
2013.03.20 01:19:00.263,0.8521,0.85222
2013.03.20 01:19:01.113,0.8521,0.85223
2013.03.20 01:19:11.092,0.8521,0.85223
2013.03.20 01:19:11.872,0.8521,0.85222
2013.03.20 01:19:19.653,0.85209,0.85222
2013.03.20 01:19:20.191,0.8521,0.85222
2013.03.20 01:19:22.444,0.85208,0.85222
2013.03.20 01:19:22.752,0.85209,0.85222
2013.03.20 01:19:23.475,0.85209,0.85222
2013.03.20 01:19:24.003,0.85209,0.85223
2013.03.20 01:19:24.146,0.85211,0.85224
2013.03.20 01:19:24.662,0.85213,0.85224
2013.03.20 01:19:25.250,0.85213,0.85224
2013.03.20 01:19:29.472,0.85212,0.85223
2013.03.20 01:19:34.408,0.85213,0.85223
2013.03.20 01:19:34.491,0.85213,0.85229
2013.03.20 01:19:34.913,0.85215,0.8523
2013.03.20 01:19:35.333,0.85215,0.85228
2013.03.20 01:19:35.695,0.85217,0.85231
2013.03.20 01:19:36.243,0.85218,0.85231
2013.03.20 01:19:46.242,0.85217,0.85231
2013.03.20 01:19:46.894,0.85218,0.85231
2013.03.20 01:19:46.967,0.85218,0.85232
2013.03.20 01:19:47.035,0.85219,0.85232
2013.03.20 01:19:47.582,0.85221,0.85233
2013.03.20 01:19:48.786,0.8522,0.85233
2013.03.20 01:19:49.042,0.85221,0.85234
2013.03.20 01:19:49.344,0.85221,0.85234
2013.03.20 01:19:55.323,0.85219,0.85234
2013.03.20 01:19:55.982,0.85218,0.85232
2013.03.20 01:19:56.343,0.85217,0.85232
2013.03.20 01:19:56.764,0.85215,0.8523
2013.03.20 01:19:57.132,0.85215,0.8523
2013.03.20 01:19:59.202,0.85215,0.8523
2013.03.20 01:19:59.932,0.85215,0.8523
2013.03.20 01:20:00.052,0.85215,0.8523
2013.03.20 01:20:00.172,0.85215,0.8523
2013.03.20 01:20:02.383,0.85215,0.8523
2013.03.20 01:20:02.623,0.85215,0.85228
2013.03.20 01:20:03.163,0.85214,0.8523
2013.03.20 01:20:03.953,0.85214,0.85226
2013.03.20 01:20:04.022,0.85214,0.85226
2013.03.20 01:20:04.263,0.85214,0.85226
2013.03.20 01:20:05.084,0.85214,0.85227
2013.03.20 01:20:05.178,0.85207,0.85222
2013.03.20 01:20:05.562,0.85206,0.85221
2013.03.20 01:20:05.863,0.85205,0.85218
2013.03.20 01:20:06.402,0.85206,0.85221
2013.03.20 01:20:06.948,0.85206,0.85221
2013.03.20 01:20:08.802,0.85206,0.85221
2013.03.20 01:20:08.923,0.85206,0.85221
2013.03.20 01:20:09.242,0.85206,0.85221
2013.03.20 01:20:10.217,0.85206,0.85221
2013.03.20 01:20:10.463,0.85206,0.85221
2013.03.20 01:20:11.084,0.85204,0.85221
2013.03.20 01:20:11.425,0.85205,0.85219
2013.03.20 01:20:12.004,0.85204,0.85218
2013.03.20 01:20:12.254,0.85204,0.8522
2013.03.20 01:20:12.685,0.85204,0.8522
2013.03.20 01:20:16.613,0.85207,0.85222
2013.03.20 01:20:16.865,0.85207,0.85222
2013.03.20 01:20:16.934,0.85205,0.8522
2013.03.20 01:20:17.483,0.85205,0.8522
2013.03.20 01:20:18.733,0.85205,0.8522
2013.03.20 01:20:20.838,0.85205,0.85219
2013.03.20 01:20:22.015,0.85204,0.85218
2013.03.20 01:20:22.205,0.85203,0.85218
2013.03.20 01:20:22.634,0.85203,0.85218
2013.03.20 01:20:22.823,0.852,0.85218
2013.03.20 01:20:23.444,0.852,0.85218
2013.03.20 01:20:33.924,0.85202,0.85218
2013.03.20 01:20:34.473,0.85203,0.85218
2013.03.20 01:20:41.066,0.85204,0.85218
2013.03.20 01:20:41.257,0.85205,0.85221
2013.03.20 01:20:41.744,0.85207,0.85221
2013.03.20 01:20:42.265,0.85206,0.85221
2013.03.20 01:20:42.932,0.85205,0.85221
2013.03.20 01:20:44.943,0.85207,0.85221
2013.03.20 01:20:45.454,0.85205,0.85218
2013.03.20 01:20:48.743,0.85205,0.85219
2013.03.20 01:20:51.914,0.85206,0.85221
2013.03.20 01:20:52.245,0.85208,0.85221
2013.03.20 01:20:52.793,0.85208,0.85223
2013.03.20 01:20:55.744,0.85208,0.85223
2013.03.20 01:20:56.714,0.85206,0.8522
2013.03.20 01:20:57.025,0.85207,0.8522
2013.03.20 01:20:57.153,0.85205,0.8522
2013.03.20 01:20:57.515,0.85204,0.85218
2013.03.20 01:20:58.572,0.85205,0.85216
2013.03.20 01:20:59.170,0.85205,0.85217
2013.03.20 01:21:11.373,0.85204,0.85217
2013.03.20 01:21:13.774,0.85204,0.85217
2013.03.20 01:21:16.543,0.85206,0.85221
2013.03.20 01:21:17.083,0.85206,0.85221
2013.03.20 01:21:17.217,0.85204,0.85221
2013.03.20 01:21:17.774,0.85204,0.8522
2013.03.20 01:21:25.163,0.85204,0.8522
2013.03.20 01:21:45.040,0.85204,0.8522
2013.03.20 01:21:45.554,0.85206,0.85221
2013.03.20 01:21:46.063,0.85206,0.85221
2013.03.20 01:21:46.894,0.85209,0.85223
2013.03.20 01:21:47.423,0.85207,0.85222
2013.03.20 01:21:48.444,0.85207,0.85222
2013.03.20 01:22:06.165,0.85208,0.85221
2013.03.20 01:22:46.775,0.85209,0.85221
2013.03.20 01:22:52.822,0.85209,0.85222
2013.03.20 01:22:56.215,0.8521,0.85222
2013.03.20 01:23:01.095,0.85209,0.85222
2013.03.20 01:23:01.934,0.85209,0.85222
2013.03.20 01:23:07.574,0.85209,0.85222
2013.03.20 01:23:07.823,0.8521,0.85226
2013.03.20 01:23:08.123,0.8521,0.85224
2013.03.20 01:23:08.484,0.85211,0.85226
2013.03.20 01:23:08.973,0.85212,0.85227
2013.03.20 01:23:09.093,0.85213,0.85227
2013.03.20 01:23:09.724,0.85213,0.85227
2013.03.20 01:23:10.233,0.85213,0.85227
2013.03.20 01:23:15.520,0.85213,0.85227
2013.03.20 01:23:16.065,0.85213,0.85227
2013.03.20 01:23:16.423,0.85212,0.85225
2013.03.20 01:23:17.025,0.85212,0.85225
2013.03.20 01:23:17.535,0.85211,0.85223
2013.03.20 01:23:17.855,0.85211,0.8522
2013.03.20 01:23:17.926,0.85207,0.8522
2013.03.20 01:23:17.995,0.85205,0.8522
2013.03.20 01:23:18.064,0.85204,0.8522
2013.03.20 01:23:18.134,0.85205,0.8522
2013.03.20 01:23:18.456,0.85208,0.8522
2013.03.20 01:23:19.004,0.85209,0.85221
2013.03.20 01:23:20.123,0.85209,0.85219
2013.03.20 01:23:21.223,0.85206,0.8522
2013.03.20 01:23:22.313,0.85209,0.8522
2013.03.20 01:23:22.435,0.85209,0.8522
2013.03.20 01:23:22.684,0.85209,0.8522
2013.03.20 01:23:22.993,0.85208,0.85224
2013.03.20 01:23:23.354,0.85209,0.85224
2013.03.20 01:23:23.905,0.85209,0.85224
2013.03.20 01:23:24.553,0.85209,0.85224
2013.03.20 01:23:31.704,0.85209,0.85223
2013.03.20 01:23:34.469,0.85209,0.85223
2013.03.20 01:23:36.883,0.85209,0.85223
2013.03.20 01:23:37.585,0.85209,0.85223
2013.03.20 01:23:44.993,0.85209,0.85223
2013.03.20 01:23:45.570,0.85209,0.85223
2013.03.20 01:23:47.124,0.85209,0.85224
2013.03.20 01:23:47.195,0.8521,0.85223
2013.03.20 01:23:47.864,0.85211,0.85223
2013.03.20 01:23:47.993,0.8521,0.85225
2013.03.20 01:23:48.533,0.8521,0.85225
2013.03.20 01:23:50.183,0.8521,0.85225
2013.03.20 01:23:50.752,0.8521,0.85225
2013.03.20 01:23:55.024,0.8521,0.85225
2013.03.20 01:23:55.223,0.8521,0.85225
2013.03.20 01:23:57.785,0.8521,0.85225
2013.03.20 01:23:58.452,0.85211,0.85226
2013.03.20 01:23:58.773,0.85211,0.85226
2013.03.20 01:23:59.836,0.85211,0.85225
2013.03.20 01:24:00.384,0.85209,0.85223
2013.03.20 01:24:00.934,0.85208,0.85221
2013.03.20 01:24:01.003,0.85209,0.85221
2013.03.20 01:24:02.913,0.85208,0.8522
2013.03.20 01:24:04.714,0.85208,0.8522
2013.03.20 01:24:45.242,0.85208,0.85222
2013.03.20 01:24:57.563,0.85209,0.8522
2013.03.20 01:24:59.156,0.8521,0.8522
2013.03.20 01:25:22.863,0.85207,0.85222
2013.03.20 01:25:23.415,0.85205,0.8522
2013.03.20 01:25:23.605,0.85204,0.8522
2013.03.20 01:25:26.934,0.85204,0.85218
2013.03.20 01:25:27.560,0.85209,0.8522
2013.03.20 01:25:29.234,0.85208,0.8522
2013.03.20 01:25:30.206,0.8521,0.8522
2013.03.20 01:25:32.014,0.85207,0.85219
2013.03.20 01:25:32.553,0.85207,0.85219
2013.03.20 01:25:33.857,0.85207,0.85219
2013.03.20 01:25:34.362,0.85207,0.85221
2013.03.20 01:25:38.464,0.85209,0.85221
2013.03.20 01:25:38.693,0.8521,0.85221
2013.03.20 01:25:59.803,0.85209,0.85222
2013.03.20 01:26:00.353,0.8521,0.85221
2013.03.20 01:26:14.373,0.8521,0.8522
2013.03.20 01:26:14.685,0.85208,0.85217
2013.03.20 01:26:14.814,0.85206,0.85217
2013.03.20 01:26:14.884,0.85205,0.85217
2013.03.20 01:26:17.424,0.85206,0.85216
2013.03.20 01:26:18.068,0.85206,0.85216
2013.03.20 01:26:19.844,0.85206,0.85216
2013.03.20 01:26:31.433,0.85206,0.85216
2013.03.20 01:26:31.740,0.85206,0.8522
2013.03.20 01:26:31.985,0.85206,0.85222
2013.03.20 01:26:32.535,0.85209,0.85224
2013.03.20 01:26:33.122,0.85211,0.85226
2013.03.20 01:26:33.183,0.85211,0.85226
2013.03.20 01:26:51.894,0.85214,0.85228
2013.03.20 01:26:52.434,0.85215,0.85228
2013.03.20 01:26:58.274,0.85212,0.85228
2013.03.20 01:26:59.294,0.85212,0.85224
2013.03.20 01:27:08.184,0.85212,0.85224
2013.03.20 01:27:11.456,0.85212,0.85224
2013.03.20 01:27:15.754,0.85212,0.85224
2013.03.20 01:27:18.905,0.85212,0.85224
2013.03.20 01:27:19.216,0.85212,0.85224
2013.03.20 01:27:19.773,0.85212,0.85225
2013.03.20 01:27:20.755,0.85214,0.85225
2013.03.20 01:27:21.304,0.85215,0.85225
2013.03.20 01:27:23.085,0.85215,0.85228
2013.03.20 01:27:23.633,0.85217,0.85229
2013.03.20 01:27:25.585,0.85214,0.85229
2013.03.20 01:27:26.174,0.85214,0.85229
2013.03.20 01:27:32.992,0.85214,0.85229
2013.03.20 01:27:41.761,0.85216,0.85229
2013.03.20 01:27:46.624,0.85216,0.85229
2013.03.20 01:27:49.797,0.85216,0.85229
2013.03.20 01:28:02.935,0.85215,0.85227
2013.03.20 01:28:03.186,0.85215,0.8523
2013.03.20 01:28:03.794,0.85217,0.85231
2013.03.20 01:28:03.913,0.85217,0.85231
2013.03.20 01:28:16.243,0.85215,0.8523
2013.03.20 01:28:17.114,0.85215,0.8523
2013.03.20 01:28:17.425,0.85217,0.85231
2013.03.20 01:28:24.568,0.85217,0.85231
2013.03.20 01:28:38.853,0.85217,0.85231
2013.03.20 01:28:53.073,0.85218,0.85232
2013.03.20 01:28:59.454,0.85218,0.85232
2013.03.20 01:28:59.955,0.85218,0.85233
2013.03.20 01:29:00.521,0.85219,0.85233
2013.03.20 01:29:10.664,0.85217,0.85233
2013.03.20 01:29:11.213,0.85217,0.85232
2013.03.20 01:29:11.474,0.85216,0.85232
2013.03.20 01:29:11.894,0.85216,0.85232
2013.03.20 01:29:13.403,0.85216,0.85232
2013.03.20 01:29:18.263,0.85214,0.8523
2013.03.20 01:29:32.815,0.85215,0.85231
2013.03.20 01:29:33.124,0.85217,0.85231
2013.03.20 01:29:35.314,0.85217,0.85232
2013.03.20 01:29:35.854,0.85218,0.85231
2013.03.20 01:29:49.723,0.85216,0.85229
2013.03.20 01:29:51.305,0.85217,0.85231
2013.03.20 01:29:52.458,0.85218,0.85232
2013.03.20 01:29:54.033,0.85217,0.85232
2013.03.20 01:29:54.563,0.85215,0.8523
2013.03.20 01:30:02.614,0.85215,0.85228
2013.03.20 01:30:02.744,0.85215,0.85228
2013.03.20 01:30:05.715,0.85213,0.85227
2013.03.20 01:30:06.144,0.85213,0.85227
2013.03.20 01:30:44.888,0.85215,0.85229
2013.03.20 01:30:44.959,0.85215,0.85229
2013.03.20 01:30:49.537,0.85214,0.8523
2013.03.20 01:30:49.907,0.85211,0.85226
2013.03.20 01:30:50.469,0.85209,0.85225
2013.03.20 01:30:50.654,0.85208,0.85222
2013.03.20 01:30:50.964,0.85209,0.85225
2013.03.20 01:30:51.085,0.85209,0.85222
2013.03.20 01:30:51.934,0.85207,0.85223
2013.03.20 01:30:52.295,0.85209,0.85223
2013.03.20 01:30:52.543,0.85209,0.85223
2013.03.20 01:30:53.063,0.85209,0.85223
2013.03.20 01:30:53.613,0.85209,0.85223
2013.03.20 01:30:56.364,0.85209,0.85224
2013.03.20 01:30:58.120,0.85209,0.85224
2013.03.20 01:30:58.421,0.85209,0.85224
2013.03.20 01:31:08.174,0.85211,0.85224
2013.03.20 01:31:13.025,0.85211,0.85224
2013.03.20 01:31:13.217,0.85212,0.85225
2013.03.20 01:31:13.764,0.85211,0.85227
2013.03.20 01:31:14.314,0.85214,0.85229
2013.03.20 01:31:18.424,0.85214,0.85228
2013.03.20 01:31:18.545,0.85213,0.85229
2013.03.20 01:31:18.615,0.85215,0.85231
2013.03.20 01:31:19.054,0.85214,0.8523
2013.03.20 01:31:20.291,0.85214,0.8523
2013.03.20 01:31:20.428,0.85216,0.85232
2013.03.20 01:31:20.578,0.85216,0.85232
2013.03.20 01:31:20.885,0.85217,0.85232
2013.03.20 01:31:26.352,0.8522,0.85232
2013.03.20 01:31:26.415,0.8522,0.85232
2013.03.20 01:31:26.845,0.85219,0.85231
2013.03.20 01:31:27.395,0.85218,0.85231
2013.03.20 01:31:27.525,0.85217,0.85231
2013.03.20 01:31:28.026,0.85217,0.85231
2013.03.20 01:31:29.176,0.85218,0.85231
2013.03.20 01:31:30.406,0.85217,0.85231
2013.03.20 01:31:30.666,0.85214,0.8523
2013.03.20 01:31:31.354,0.85214,0.8523
2013.03.20 01:31:31.894,0.85214,0.8523
2013.03.20 01:31:43.427,0.85214,0.85229
2013.03.20 01:32:02.365,0.85215,0.85231
2013.03.20 01:32:03.161,0.85216,0.85231
2013.03.20 01:32:03.704,0.85217,0.85231
2013.03.20 01:32:06.032,0.85215,0.85227
2013.03.20 01:32:06.168,0.85212,0.85228
2013.03.20 01:32:07.345,0.85212,0.85227
2013.03.20 01:32:07.884,0.85212,0.85227
2013.03.20 01:32:20.875,0.85212,0.85225
2013.03.20 01:32:21.135,0.85211,0.85224
2013.03.20 01:32:26.735,0.85208,0.85223
2013.03.20 01:32:27.284,0.85208,0.85223
2013.03.20 01:32:34.406,0.85209,0.85225
2013.03.20 01:32:44.794,0.85209,0.85226
2013.03.20 01:32:49.208,0.85209,0.85223
2013.03.20 01:33:04.446,0.85208,0.85223
2013.03.20 01:33:05.575,0.85208,0.85223
2013.03.20 01:33:06.150,0.85208,0.85223
2013.03.20 01:33:18.094,0.85209,0.85223
2013.03.20 01:33:21.973,0.85209,0.8522
2013.03.20 01:33:25.617,0.85209,0.85221
2013.03.20 01:33:26.220,0.85208,0.85221
2013.03.20 01:33:42.423,0.85209,0.85223
2013.03.20 01:34:27.110,0.85209,0.85222
2013.03.20 01:34:29.473,0.85209,0.85221
2013.03.20 01:34:30.003,0.85208,0.85221
2013.03.20 01:34:32.693,0.85208,0.85221
2013.03.20 01:34:39.424,0.85208,0.85221
2013.03.20 01:34:42.344,0.85208,0.85221
2013.03.20 01:34:42.893,0.85208,0.85221
2013.03.20 01:34:44.893,0.85209,0.85221
2013.03.20 01:34:46.403,0.85209,0.85221
2013.03.20 01:34:46.955,0.85208,0.85222
2013.03.20 01:34:47.437,0.8521,0.85225
2013.03.20 01:34:47.814,0.85213,0.85227
2013.03.20 01:34:57.274,0.85211,0.85227
2013.03.20 01:34:58.712,0.85211,0.85227
2013.03.20 01:34:59.519,0.85211,0.85227
2013.03.20 01:35:09.815,0.85212,0.85227
2013.03.20 01:35:20.894,0.85211,0.85227
2013.03.20 01:35:21.775,0.85211,0.85227
2013.03.20 01:35:22.084,0.85211,0.85227
2013.03.20 01:35:22.204,0.85211,0.85227
2013.03.20 01:35:39.055,0.85212,0.85227
2013.03.20 01:35:39.358,0.85212,0.85227
2013.03.20 01:35:53.200,0.85211,0.85227
2013.03.20 01:35:55.556,0.85211,0.85227
2013.03.20 01:36:34.605,0.85212,0.85227
2013.03.20 01:36:44.569,0.85212,0.85226
2013.03.20 01:36:50.235,0.85212,0.85228
2013.03.20 01:36:51.460,0.85213,0.85227
2013.03.20 01:36:55.484,0.85212,0.85229
2013.03.20 01:36:56.169,0.85212,0.85227
2013.03.20 01:36:57.405,0.85212,0.85228
2013.03.20 01:36:57.945,0.85212,0.85228
2013.03.20 01:37:10.803,0.85212,0.85228
2013.03.20 01:37:11.974,0.85212,0.85228
2013.03.20 01:37:14.492,0.85212,0.85228
2013.03.20 01:37:16.877,0.85212,0.85227
2013.03.20 01:37:17.435,0.85212,0.85227
2013.03.20 01:37:24.235,0.85211,0.85227
2013.03.20 01:38:08.336,0.85212,0.85227
2013.03.20 01:38:08.843,0.85212,0.85227
2013.03.20 01:38:16.793,0.85212,0.85227
2013.03.20 01:38:23.354,0.85212,0.85227
2013.03.20 01:38:24.475,0.85212,0.85227
2013.03.20 01:38:25.228,0.85215,0.85229
2013.03.20 01:38:25.748,0.85213,0.85227
2013.03.20 01:38:28.864,0.85213,0.85229
2013.03.20 01:38:29.403,0.85217,0.85229
2013.03.20 01:38:30.073,0.85217,0.85228
2013.03.20 01:38:31.357,0.85217,0.85229
2013.03.20 01:38:31.915,0.85217,0.85229
2013.03.20 01:38:32.964,0.85217,0.85229
2013.03.20 01:38:38.015,0.85215,0.85229
2013.03.20 01:38:38.075,0.85214,0.85229
2013.03.20 01:38:38.634,0.85213,0.85229
2013.03.20 01:38:38.995,0.85215,0.85229
2013.03.20 01:38:44.046,0.85215,0.8523
2013.03.20 01:38:56.407,0.85214,0.85229
2013.03.20 01:38:56.594,0.85215,0.8523
2013.03.20 01:38:57.158,0.85215,0.8523
2013.03.20 01:39:00.669,0.85216,0.8523
2013.03.20 01:39:00.916,0.85217,0.85231
2013.03.20 01:39:01.444,0.85217,0.85231
2013.03.20 01:39:02.287,0.85217,0.85231
2013.03.20 01:39:02.727,0.85218,0.85231
2013.03.20 01:39:39.247,0.85218,0.85232
2013.03.20 01:39:53.601,0.85217,0.85231
2013.03.20 01:39:55.774,0.85217,0.85231
2013.03.20 01:39:58.388,0.85217,0.85231
2013.03.20 01:39:59.654,0.85217,0.85231
2013.03.20 01:40:00.195,0.85217,0.85232
2013.03.20 01:40:00.734,0.85218,0.85232
2013.03.20 01:40:01.266,0.85218,0.85232
2013.03.20 01:40:11.482,0.85218,0.85232
2013.03.20 01:40:25.236,0.85218,0.85232
2013.03.20 01:40:25.898,0.85218,0.85232
2013.03.20 01:40:31.944,0.85218,0.85233
2013.03.20 01:40:32.508,0.85218,0.85233
2013.03.20 01:40:51.746,0.85218,0.85232
2013.03.20 01:41:02.076,0.85218,0.85232
2013.03.20 01:41:14.340,0.85217,0.85229
2013.03.20 01:41:15.242,0.85218,0.85228
2013.03.20 01:41:15.570,0.85217,0.85232
2013.03.20 01:41:15.881,0.85217,0.85232
2013.03.20 01:41:20.380,0.85217,0.8523
2013.03.20 01:41:20.869,0.85216,0.85233
2013.03.20 01:41:21.441,0.85218,0.85233
2013.03.20 01:41:27.880,0.85216,0.85231
2013.03.20 01:41:27.951,0.85215,0.85229
2013.03.20 01:41:28.140,0.85214,0.85228
2013.03.20 01:41:28.630,0.85214,0.85228
2013.03.20 01:41:28.941,0.85214,0.8523
2013.03.20 01:41:29.130,0.85217,0.85229
2013.03.20 01:41:29.259,0.85216,0.85231
2013.03.20 01:41:29.801,0.85217,0.85231
2013.03.20 01:41:31.671,0.85218,0.85231
2013.03.20 01:41:35.170,0.85218,0.85231
2013.03.20 01:41:40.370,0.85216,0.85231
2013.03.20 01:41:41.609,0.85215,0.85229
2013.03.20 01:41:41.739,0.85215,0.85229
2013.03.20 01:41:42.132,0.85215,0.85231
2013.03.20 01:41:43.049,0.85215,0.85227
2013.03.20 01:41:43.171,0.85213,0.85227
2013.03.20 01:41:44.039,0.85212,0.85227
2013.03.20 01:41:44.160,0.85215,0.85228
2013.03.20 01:41:44.469,0.85215,0.85228
2013.03.20 01:41:45.791,0.85214,0.85226
2013.03.20 01:41:46.360,0.85213,0.85226
2013.03.20 01:41:47.869,0.85213,0.85226
2013.03.20 01:41:51.496,0.85213,0.85226
2013.03.20 01:41:52.050,0.85213,0.85226
2013.03.20 01:41:59.329,0.85213,0.85226
2013.03.20 01:41:59.400,0.85213,0.85226
2013.03.20 01:42:07.112,0.85213,0.85226
2013.03.20 01:42:27.270,0.85212,0.85226
2013.03.20 01:42:31.511,0.85212,0.85226
2013.03.20 01:42:42.355,0.85212,0.85225
2013.03.20 01:42:57.948,0.85212,0.85226
2013.03.20 01:43:12.039,0.85212,0.85226
2013.03.20 01:43:23.369,0.85212,0.85226
2013.03.20 01:43:31.913,0.85212,0.85226
2013.03.20 01:43:36.893,0.85212,0.85226
2013.03.20 01:43:37.020,0.85212,0.85226
2013.03.20 01:43:37.570,0.85212,0.85226
2013.03.20 01:43:40.521,0.85212,0.85227
2013.03.20 01:43:42.004,0.85212,0.85226
2013.03.20 01:43:50.100,0.85212,0.85228
2013.03.20 01:43:51.504,0.85215,0.85229
2013.03.20 01:43:52.035,0.85215,0.8523
2013.03.20 01:44:08.160,0.85213,0.85226
2013.03.20 01:44:08.722,0.85212,0.85228
2013.03.20 01:44:14.290,0.85212,0.85227
2013.03.20 01:44:18.179,0.85212,0.85227
2013.03.20 01:44:20.830,0.85212,0.85227
2013.03.20 01:44:21.031,0.85213,0.85229
2013.03.20 01:44:21.659,0.85213,0.85229
2013.03.20 01:44:21.899,0.85213,0.85229
2013.03.20 01:44:29.170,0.85215,0.85229
2013.03.20 01:45:04.251,0.85216,0.85231
2013.03.20 01:45:05.560,0.85216,0.85231
2013.03.20 01:45:06.111,0.85216,0.8523
2013.03.20 01:45:06.421,0.85212,0.85228
2013.03.20 01:45:06.490,0.85212,0.85228
2013.03.20 01:45:06.672,0.85212,0.85228
2013.03.20 01:45:07.230,0.85213,0.85228
2013.03.20 01:45:15.090,0.85212,0.85229
2013.03.20 01:45:15.340,0.85212,0.85226
2013.03.20 01:45:15.820,0.85212,0.85226
2013.03.20 01:45:20.145,0.8521,0.85224
2013.03.20 01:45:20.271,0.8521,0.85224
2013.03.20 01:45:20.700,0.85209,0.85223
2013.03.20 01:45:21.890,0.85211,0.85223
2013.03.20 01:45:24.430,0.85211,0.85224
2013.03.20 01:45:24.502,0.85211,0.85224
2013.03.20 01:45:25.050,0.85211,0.85225
2013.03.20 01:45:26.390,0.85211,0.85225
2013.03.20 01:45:26.841,0.85211,0.85224
2013.03.20 01:45:29.342,0.8521,0.85226
2013.03.20 01:45:36.918,0.85211,0.85226
2013.03.20 01:45:43.681,0.8521,0.85226
2013.03.20 01:45:44.370,0.85211,0.85226
2013.03.20 01:45:55.870,0.8521,0.85223
2013.03.20 01:45:59.444,0.8521,0.85225
2013.03.20 01:45:59.521,0.85211,0.85227
2013.03.20 01:46:05.862,0.85211,0.85227
2013.03.20 01:46:06.480,0.85213,0.85228
2013.03.20 01:46:13.343,0.85213,0.85228
2013.03.20 01:46:13.951,0.85212,0.85226
2013.03.20 01:46:16.689,0.85212,0.85226
2013.03.20 01:46:20.521,0.85214,0.85228
2013.03.20 01:46:21.059,0.85214,0.85228
2013.03.20 01:46:38.641,0.85212,0.85228
2013.03.20 01:46:38.711,0.85212,0.85228
2013.03.20 01:46:39.259,0.85212,0.85227
2013.03.20 01:46:53.639,0.85213,0.85227
2013.03.20 01:46:54.150,0.85213,0.85226
2013.03.20 01:46:59.332,0.85213,0.85227
2013.03.20 01:47:00.276,0.85213,0.85227
2013.03.20 01:47:00.791,0.85213,0.85227
2013.03.20 01:47:02.310,0.85213,0.85227
2013.03.20 01:47:20.669,0.85213,0.85227
2013.03.20 01:47:30.081,0.85212,0.85227
2013.03.20 01:47:30.270,0.8521,0.85226
2013.03.20 01:47:30.779,0.8521,0.85226
2013.03.20 01:47:31.401,0.8521,0.85226
2013.03.20 01:47:34.021,0.85211,0.85226
2013.03.20 01:47:42.720,0.85212,0.85226
2013.03.20 01:47:43.278,0.85212,0.85226
2013.03.20 01:47:51.302,0.85211,0.85226
2013.03.20 01:47:52.110,0.85211,0.85226
2013.03.20 01:47:53.112,0.85211,0.85226
2013.03.20 01:47:53.301,0.85211,0.85226
2013.03.20 01:47:53.370,0.85212,0.85226
2013.03.20 01:47:53.731,0.85213,0.85225
2013.03.20 01:47:54.549,0.85214,0.85226
2013.03.20 01:47:55.428,0.85211,0.85226
2013.03.20 01:48:06.711,0.85211,0.85226
2013.03.20 01:48:15.320,0.85212,0.85226
2013.03.20 01:48:15.879,0.85212,0.85226
2013.03.20 01:48:16.179,0.85212,0.85226
2013.03.20 01:48:28.385,0.85214,0.85228
2013.03.20 01:48:28.940,0.85214,0.85228
2013.03.20 01:48:29.489,0.85214,0.85228
2013.03.20 01:48:30.260,0.85214,0.85228
2013.03.20 01:48:33.209,0.85216,0.85231
2013.03.20 01:48:33.330,0.85215,0.85231
2013.03.20 01:48:33.456,0.85215,0.85231
2013.03.20 01:48:34.010,0.85215,0.85231
2013.03.20 01:48:39.641,0.85219,0.85234
2013.03.20 01:48:39.711,0.8522,0.85235
2013.03.20 01:48:40.330,0.85222,0.85234
2013.03.20 01:48:40.908,0.85221,0.85234
2013.03.20 01:48:41.212,0.85221,0.85234
2013.03.20 01:48:42.630,0.85221,0.85234
2013.03.20 01:48:42.933,0.85221,0.85234
2013.03.20 01:48:46.440,0.85222,0.85234
2013.03.20 01:48:52.089,0.85223,0.85234
2013.03.20 01:48:53.301,0.85223,0.85234
2013.03.20 01:48:53.970,0.85223,0.85234
2013.03.20 01:48:56.730,0.85221,0.85234
2013.03.20 01:49:15.442,0.85224,0.85234
2013.03.20 01:49:16.841,0.85225,0.85234
2013.03.20 01:49:17.151,0.85228,0.85241
2013.03.20 01:49:17.281,0.85229,0.85241
2013.03.20 01:49:17.810,0.85229,0.85243
2013.03.20 01:49:21.122,0.85229,0.85243
2013.03.20 01:49:29.111,0.8523,0.85243
2013.03.20 01:49:29.291,0.85231,0.85244
2013.03.20 01:49:29.841,0.85231,0.85244
2013.03.20 01:49:31.713,0.8523,0.85244
2013.03.20 01:49:32.201,0.85231,0.85244
2013.03.20 01:49:32.776,0.8523,0.85244
2013.03.20 01:49:33.151,0.8523,0.85244
2013.03.20 01:49:33.674,0.85231,0.85244
2013.03.20 01:49:33.921,0.85231,0.85244
2013.03.20 01:49:49.221,0.85228,0.85244
2013.03.20 01:49:55.510,0.85231,0.85244
2013.03.20 01:49:56.050,0.85231,0.85246
2013.03.20 01:49:57.371,0.85232,0.85246
2013.03.20 01:49:57.563,0.85232,0.85246
2013.03.20 01:49:57.940,0.85233,0.85247
2013.03.20 01:49:58.120,0.85233,0.85247
2013.03.20 01:49:58.421,0.85234,0.85249
2013.03.20 01:49:58.970,0.85234,0.85249
2013.03.20 01:49:59.480,0.85236,0.85249
2013.03.20 01:50:00.430,0.85236,0.8525
2013.03.20 01:50:00.913,0.85234,0.85249
2013.03.20 01:50:01.100,0.85234,0.85249
2013.03.20 01:50:01.220,0.85234,0.85249
2013.03.20 01:50:01.461,0.85236,0.85249
2013.03.20 01:50:01.901,0.85233,0.85248
2013.03.20 01:50:02.518,0.85234,0.85246
2013.03.20 01:50:02.599,0.8523,0.85246
2013.03.20 01:50:02.731,0.85229,0.85245
2013.03.20 01:50:03.222,0.85231,0.85245
2013.03.20 01:50:03.422,0.85232,0.85246
2013.03.20 01:50:03.890,0.85232,0.85248
2013.03.20 01:50:04.191,0.85233,0.85248
2013.03.20 01:50:04.865,0.85234,0.85248
2013.03.20 01:50:12.321,0.85235,0.85249
2013.03.20 01:50:21.001,0.85235,0.85249
2013.03.20 01:50:23.752,0.85236,0.85249
2013.03.20 01:50:24.292,0.85236,0.85249
2013.03.20 01:50:27.171,0.85236,0.85249
2013.03.20 01:50:29.724,0.85234,0.85248
2013.03.20 01:50:39.633,0.85233,0.85248
2013.03.20 01:50:39.941,0.85231,0.85247
2013.03.20 01:50:40.192,0.85231,0.85243
2013.03.20 01:50:40.742,0.85231,0.85243
2013.03.20 01:50:41.301,0.85231,0.85245
2013.03.20 01:50:41.372,0.85231,0.85245
2013.03.20 01:50:41.919,0.85231,0.85245
2013.03.20 01:50:49.630,0.8523,0.85245
2013.03.20 01:50:53.365,0.8523,0.85245
2013.03.20 01:50:53.491,0.85232,0.85248
2013.03.20 01:50:53.923,0.85233,0.85248
2013.03.20 01:50:54.559,0.85234,0.85247
2013.03.20 01:50:58.321,0.85234,0.85248
2013.03.20 01:50:58.770,0.85234,0.85248
2013.03.20 01:50:59.132,0.85233,0.85248
2013.03.20 01:51:01.391,0.85233,0.85248
2013.03.20 01:51:02.672,0.85234,0.85248
2013.03.20 01:51:17.480,0.85234,0.85248
2013.03.20 01:51:18.260,0.85234,0.85248
2013.03.20 01:51:19.582,0.85234,0.85248
2013.03.20 01:51:20.210,0.85234,0.85249
2013.03.20 01:51:24.781,0.85233,0.85249
2013.03.20 01:51:30.647,0.85233,0.85249
2013.03.20 01:51:33.741,0.85233,0.85249
2013.03.20 01:51:35.961,0.85233,0.85249
2013.03.20 01:51:45.402,0.85233,0.85249
2013.03.20 01:51:46.110,0.85233,0.85249
2013.03.20 01:51:48.491,0.85233,0.85246
2013.03.20 01:51:48.821,0.8523,0.85244
2013.03.20 01:51:49.130,0.85229,0.85243
2013.03.20 01:51:49.722,0.8523,0.85244
2013.03.20 01:51:50.270,0.85232,0.85246
2013.03.20 01:51:52.622,0.85232,0.85246
2013.03.20 01:51:53.641,0.85232,0.85246
2013.03.20 01:51:54.080,0.8523,0.85242
2013.03.20 01:51:54.150,0.8523,0.85242
2013.03.20 01:51:56.659,0.8523,0.85242
2013.03.20 01:52:11.416,0.8523,0.85243
2013.03.20 01:52:13.911,0.85231,0.85244
2013.03.20 01:52:14.222,0.85231,0.85244
2013.03.20 01:52:15.231,0.85235,0.85244
2013.03.20 01:52:18.454,0.85235,0.85245
2013.03.20 01:52:19.240,0.85235,0.85245
2013.03.20 01:52:20.052,0.85235,0.85247
2013.03.20 01:52:20.372,0.85238,0.85252
2013.03.20 01:52:20.572,0.85239,0.85251
2013.03.20 01:52:20.712,0.85242,0.85253
2013.03.20 01:52:21.036,0.85244,0.85256
2013.03.20 01:52:21.401,0.85244,0.85256
2013.03.20 01:52:23.120,0.85243,0.85256
2013.03.20 01:52:23.561,0.85244,0.85256
2013.03.20 01:52:24.641,0.85242,0.85256
2013.03.20 01:52:24.712,0.85242,0.85256
2013.03.20 01:52:25.551,0.85242,0.85254
2013.03.20 01:52:25.981,0.85242,0.85255
2013.03.20 01:52:26.486,0.85242,0.85255
2013.03.20 01:52:29.001,0.85242,0.85255
2013.03.20 01:52:34.891,0.85242,0.85253
2013.03.20 01:52:35.421,0.85242,0.85255
2013.03.20 01:52:42.071,0.85241,0.85255
2013.03.20 01:52:42.410,0.85241,0.85255
2013.03.20 01:52:42.951,0.8524,0.85254
2013.03.20 01:52:43.390,0.85239,0.8525
2013.03.20 01:52:44.022,0.85239,0.8525
2013.03.20 01:52:47.803,0.85239,0.8525
2013.03.20 01:52:52.908,0.85237,0.8525
2013.03.20 01:52:54.181,0.85237,0.8525
2013.03.20 01:52:59.970,0.85237,0.8525
2013.03.20 01:53:18.000,0.85237,0.85251
2013.03.20 01:53:30.202,0.85237,0.85251
2013.03.20 01:53:30.891,0.85237,0.8525
2013.03.20 01:53:31.011,0.85235,0.85251
2013.03.20 01:53:31.583,0.85235,0.8525
2013.03.20 01:53:39.461,0.85235,0.85251
2013.03.20 01:53:39.591,0.85237,0.85251
2013.03.20 01:53:40.140,0.85237,0.85251
2013.03.20 01:53:41.880,0.85237,0.85251
2013.03.20 01:53:48.920,0.85237,0.85251
2013.03.20 01:53:50.460,0.85238,0.85251
2013.03.20 01:53:50.582,0.85239,0.85252
2013.03.20 01:53:50.770,0.85239,0.85254
2013.03.20 01:53:51.027,0.85239,0.85254
2013.03.20 01:53:53.292,0.85238,0.85253
2013.03.20 01:53:54.185,0.85241,0.85254
2013.03.20 01:53:54.661,0.85241,0.85254
2013.03.20 01:53:57.620,0.8524,0.85254
2013.03.20 01:53:58.101,0.85238,0.85252
2013.03.20 01:53:58.825,0.85238,0.85252
2013.03.20 01:54:02.681,0.85236,0.85251
2013.03.20 01:54:03.241,0.85236,0.85251
2013.03.20 01:54:04.054,0.85237,0.85251
2013.03.20 01:54:04.582,0.85238,0.85251
2013.03.20 01:54:05.131,0.85238,0.85251
2013.03.20 01:54:14.511,0.85241,0.85252
2013.03.20 01:54:14.943,0.85241,0.85254
2013.03.20 01:54:16.116,0.85241,0.85254
2013.03.20 01:54:19.661,0.85241,0.85254
2013.03.20 01:54:20.022,0.85242,0.85255
2013.03.20 01:54:20.211,0.85243,0.85255
2013.03.20 01:54:20.751,0.85243,0.85255
2013.03.20 01:54:21.292,0.85243,0.85255
2013.03.20 01:54:32.131,0.85243,0.85255
2013.03.20 01:54:33.220,0.85243,0.85255
2013.03.20 01:54:34.055,0.85243,0.85257
2013.03.20 01:54:38.566,0.85243,0.85258
2013.03.20 01:54:39.631,0.85243,0.85258
2013.03.20 01:54:40.171,0.85243,0.85256
2013.03.20 01:54:40.710,0.85243,0.85255
2013.03.20 01:54:43.161,0.85244,0.85255
2013.03.20 01:54:44.202,0.85247,0.85257
2013.03.20 01:54:44.393,0.85246,0.8526
2013.03.20 01:54:44.725,0.85246,0.85258
2013.03.20 01:54:44.972,0.85244,0.85258
2013.03.20 01:54:45.281,0.85245,0.85256
2013.03.20 01:54:54.170,0.85244,0.85255
2013.03.20 01:54:54.920,0.85244,0.85255
2013.03.20 01:55:01.191,0.85243,0.85255
2013.03.20 01:55:05.121,0.85242,0.85255
2013.03.20 01:55:05.301,0.8524,0.85254
2013.03.20 01:55:05.540,0.85238,0.85253
2013.03.20 01:55:06.101,0.85238,0.85251
2013.03.20 01:55:43.307,0.85241,0.85252
2013.03.20 01:55:43.502,0.85245,0.85256
2013.03.20 01:55:44.170,0.85243,0.85256
2013.03.20 01:55:44.501,0.85246,0.85256
2013.03.20 01:55:46.193,0.85244,0.85256
2013.03.20 01:55:46.441,0.85243,0.85255
2013.03.20 01:55:49.961,0.85241,0.85252
2013.03.20 01:55:51.511,0.85241,0.85252
2013.03.20 01:55:52.181,0.85241,0.85252
2013.03.20 01:55:53.511,0.85246,0.85252
2013.03.20 01:55:53.831,0.85246,0.85253
2013.03.20 01:55:54.418,0.85246,0.85255
2013.03.20 01:56:04.994,0.85246,0.85255
2013.03.20 01:56:06.031,0.85244,0.85255
2013.03.20 01:56:11.641,0.85244,0.85255
2013.03.20 01:56:11.841,0.85242,0.85255
2013.03.20 01:56:12.152,0.85242,0.85255
2013.03.20 01:56:13.158,0.85242,0.85253
2013.03.20 01:56:30.371,0.85242,0.85253
2013.03.20 01:56:41.240,0.8524,0.85252
2013.03.20 01:56:41.790,0.8524,0.85252
2013.03.20 01:56:42.321,0.8524,0.85252
2013.03.20 01:56:45.211,0.8524,0.85252
2013.03.20 01:56:45.753,0.85241,0.85252
2013.03.20 01:56:54.176,0.85244,0.85252
2013.03.20 01:56:54.767,0.85246,0.85252
2013.03.20 01:57:09.101,0.85245,0.85252
2013.03.20 01:57:10.615,0.85247,0.85254
2013.03.20 01:57:10.744,0.85248,0.8526
2013.03.20 01:57:10.872,0.8525,0.85259
2013.03.20 01:57:11.241,0.8525,0.85265
2013.03.20 01:57:11.302,0.8525,0.85266
2013.03.20 01:57:11.371,0.8525,0.85266
2013.03.20 01:57:11.672,0.85253,0.85268
2013.03.20 01:57:11.922,0.85253,0.85268
2013.03.20 01:57:12.231,0.85252,0.85268
2013.03.20 01:57:12.987,0.85252,0.85268
2013.03.20 01:57:14.635,0.85252,0.85268
2013.03.20 01:57:14.761,0.85252,0.85268
2013.03.20 01:57:16.041,0.85252,0.85268
2013.03.20 01:57:17.243,0.85254,0.85268
2013.03.20 01:57:17.964,0.85254,0.85268
2013.03.20 01:57:18.649,0.85254,0.85268
2013.03.20 01:57:18.722,0.85254,0.85268
2013.03.20 01:57:22.451,0.85253,0.85268
2013.03.20 01:57:23.001,0.85253,0.85268
2013.03.20 01:57:23.963,0.85253,0.85268
2013.03.20 01:57:26.643,0.85253,0.85268
2013.03.20 01:57:31.002,0.85254,0.85269
2013.03.20 01:57:32.117,0.85253,0.85269
2013.03.20 01:57:32.643,0.85253,0.85269
2013.03.20 01:57:33.132,0.85253,0.85269
2013.03.20 01:57:34.124,0.85256,0.8527
2013.03.20 01:57:34.462,0.85255,0.85269
2013.03.20 01:57:34.901,0.85256,0.85272
2013.03.20 01:57:35.084,0.85256,0.85272
2013.03.20 01:57:35.392,0.85256,0.85272
2013.03.20 01:57:35.882,0.85256,0.85272
2013.03.20 01:57:36.417,0.85256,0.85271
2013.03.20 01:57:38.532,0.85256,0.85271
2013.03.20 01:57:40.184,0.85257,0.85272
2013.03.20 01:57:40.732,0.85261,0.85274
2013.03.20 01:57:41.281,0.85261,0.85274
2013.03.20 01:57:46.751,0.85261,0.85274
2013.03.20 01:57:47.306,0.85262,0.85278
2013.03.20 01:57:47.373,0.85262,0.85278
2013.03.20 01:57:47.693,0.85262,0.85278
2013.03.20 01:57:48.253,0.85262,0.85276
2013.03.20 01:57:49.102,0.85262,0.85276
2013.03.20 01:57:49.505,0.8526,0.85276
2013.03.20 01:57:49.911,0.85259,0.85276
2013.03.20 01:57:50.413,0.8526,0.85276
2013.03.20 01:57:50.932,0.8526,0.85276
2013.03.20 01:57:51.484,0.85261,0.85276
2013.03.20 01:57:52.094,0.85262,0.85276
2013.03.20 01:57:59.760,0.85262,0.85277
2013.03.20 01:58:04.981,0.85262,0.85276
2013.03.20 01:58:06.392,0.85262,0.85276
2013.03.20 01:58:11.912,0.85262,0.85276
2013.03.20 01:58:18.402,0.85262,0.85276
2013.03.20 01:58:18.912,0.85263,0.85278
2013.03.20 01:58:19.453,0.85263,0.85277
2013.03.20 01:58:20.620,0.85264,0.85278
2013.03.20 01:58:21.121,0.85264,0.85278
2013.03.20 01:58:21.850,0.85264,0.8528
2013.03.20 01:58:21.911,0.85264,0.8528
2013.03.20 01:58:22.647,0.85264,0.8528
2013.03.20 01:58:23.331,0.85264,0.8528
2013.03.20 01:58:23.903,0.85264,0.8528
2013.03.20 01:58:24.412,0.85265,0.85282
2013.03.20 01:58:24.931,0.85268,0.85282
2013.03.20 01:58:26.841,0.85268,0.85282
2013.03.20 01:58:30.091,0.85268,0.85282
2013.03.20 01:58:30.992,0.85268,0.85282
2013.03.20 01:58:31.060,0.85268,0.85282
2013.03.20 01:58:31.728,0.85268,0.85281
2013.03.20 01:58:38.140,0.85268,0.85281
2013.03.20 01:58:40.540,0.85268,0.85281
2013.03.20 01:58:41.071,0.85268,0.85282
2013.03.20 01:58:48.592,0.85268,0.85282
2013.03.20 01:58:48.661,0.85269,0.85282
2013.03.20 01:58:48.798,0.85269,0.85282
2013.03.20 01:58:49.040,0.85269,0.85282
2013.03.20 01:58:49.592,0.85268,0.85282
2013.03.20 01:58:50.430,0.85269,0.85282
2013.03.20 01:59:00.311,0.85267,0.8528
2013.03.20 01:59:02.071,0.85267,0.8528
2013.03.20 01:59:02.141,0.85267,0.8528
2013.03.20 01:59:02.202,0.85269,0.85283
2013.03.20 01:59:02.752,0.85271,0.85282
2013.03.20 01:59:03.280,0.85271,0.85283
2013.03.20 01:59:04.990,0.85273,0.85283
2013.03.20 01:59:05.807,0.85272,0.85283
2013.03.20 01:59:08.040,0.85272,0.85283
2013.03.20 01:59:13.062,0.85272,0.85283
2013.03.20 01:59:13.757,0.85273,0.85283
2013.03.20 01:59:16.381,0.85272,0.85283
2013.03.20 01:59:18.450,0.85272,0.85283
2013.03.20 01:59:21.149,0.85272,0.85282
2013.03.20 01:59:21.690,0.85273,0.85282
2013.03.20 01:59:22.371,0.85274,0.85287
2013.03.20 01:59:23.569,0.85273,0.85287
2013.03.20 01:59:32.989,0.85271,0.85287
2013.03.20 01:59:42.782,0.85271,0.85287
2013.03.20 01:59:43.323,0.85272,0.85287
2013.03.20 02:00:02.510,0.85271,0.85284
2013.03.20 02:00:02.869,0.85271,0.85284
2013.03.20 02:00:03.412,0.85271,0.85284
2013.03.20 02:00:05.349,0.8527,0.85284
2013.03.20 02:00:05.899,0.8527,0.85284
2013.03.20 02:00:08.852,0.85271,0.85284
2013.03.20 02:00:35.959,0.85269,0.85282
2013.03.20 02:00:41.450,0.85269,0.85281
2013.03.20 02:00:41.990,0.8527,0.85283
2013.03.20 02:00:42.510,0.85271,0.85284
2013.03.20 02:00:54.152,0.85272,0.85284
2013.03.20 02:00:56.573,0.85272,0.85284
2013.03.20 02:00:56.884,0.85272,0.85284
2013.03.20 02:00:57.444,0.85274,0.85284
2013.03.20 02:00:58.901,0.85274,0.85284
2013.03.20 02:00:59.281,0.85274,0.85284
2013.03.20 02:01:00.535,0.85274,0.85285
2013.03.20 02:01:02.160,0.85274,0.85285
2013.03.20 02:01:03.323,0.85273,0.85285
2013.03.20 02:01:04.980,0.85271,0.85285
2013.03.20 02:01:05.101,0.85271,0.85285
2013.03.20 02:01:05.653,0.85273,0.85286
2013.03.20 02:01:06.140,0.85273,0.85286
2013.03.20 02:01:06.921,0.85273,0.85286
2013.03.20 02:01:08.220,0.85273,0.85286
2013.03.20 02:01:11.061,0.85272,0.85286
2013.03.20 02:01:16.922,0.85272,0.85286
2013.03.20 02:01:17.574,0.85272,0.85286
2013.03.20 02:01:19.721,0.85272,0.85286
2013.03.20 02:01:20.272,0.85272,0.85286
2013.03.20 02:01:23.632,0.8527,0.85285
2013.03.20 02:01:32.010,0.85272,0.85285
2013.03.20 02:01:41.900,0.85272,0.85287
2013.03.20 02:01:42.910,0.85272,0.85287
2013.03.20 02:01:46.480,0.85272,0.85287
2013.03.20 02:01:47.024,0.85272,0.85287
2013.03.20 02:01:47.630,0.8527,0.85286
2013.03.20 02:01:55.291,0.8527,0.85286
2013.03.20 02:01:57.691,0.8527,0.85286
2013.03.20 02:02:02.305,0.8527,0.85286
2013.03.20 02:02:02.801,0.85271,0.85286
2013.03.20 02:02:03.540,0.8527,0.85286
2013.03.20 02:02:06.499,0.85271,0.85286
2013.03.20 02:02:07.369,0.8527,0.85285
2013.03.20 02:02:08.269,0.85269,0.85283
2013.03.20 02:02:11.423,0.85269,0.85283
2013.03.20 02:02:12.004,0.85269,0.85283
2013.03.20 02:02:18.300,0.85269,0.85283
2013.03.20 02:02:24.964,0.85269,0.85282
2013.03.20 02:02:33.919,0.85269,0.85282
2013.03.20 02:02:36.860,0.85269,0.85282
