Time,Bid,Ask
2013.03.31 21:00:36.913,0.84255,0.84332
2013.03.31 21:00:37.351,0.84258,0.84316
2013.03.31 21:00:38.677,0.84268,0.84332
2013.03.31 21:00:52.617,0.84267,0.84317
2013.03.31 21:00:54.657,0.84268,0.84332
2013.03.31 21:00:58.408,0.84267,0.84328
2013.03.31 21:01:01.476,0.84268,0.84332
2013.03.31 21:01:05.158,0.84267,0.84328
2013.03.31 21:01:15.339,0.84266,0.84329
2013.03.31 21:01:23.517,0.84267,0.84327
2013.03.31 21:01:28.387,0.84271,0.84336
2013.03.31 21:01:36.727,0.8427,0.84338
2013.03.31 21:01:36.847,0.84272,0.84335
2013.03.31 21:01:36.908,0.84268,0.84336
2013.03.31 21:01:51.437,0.84267,0.84333
2013.03.31 21:01:57.019,0.84265,0.84333
2013.03.31 21:02:15.529,0.8427,0.84334
2013.03.31 21:02:15.860,0.84272,0.84335
2013.03.31 21:02:16.783,0.84267,0.84331
2013.03.31 21:02:32.908,0.84267,0.84326
2013.03.31 21:02:39.668,0.84267,0.84331
2013.03.31 21:02:42.929,0.84272,0.84337
2013.03.31 21:02:48.978,0.84272,0.84336
2013.03.31 21:02:50.917,0.84266,0.84332
2013.03.31 21:02:51.805,0.84268,0.84332
2013.03.31 21:03:13.254,0.84267,0.84331
2013.03.31 21:03:18.697,0.84266,0.84327
2013.03.31 21:03:26.897,0.84266,0.84314
2013.03.31 21:03:27.258,0.84262,0.84292
2013.03.31 21:03:27.447,0.84264,0.8429
2013.03.31 21:04:05.638,0.84259,0.84304
2013.03.31 21:04:05.917,0.8426,0.84305
2013.03.31 21:04:31.268,0.84263,0.8431
2013.03.31 21:04:31.387,0.84264,0.84309
2013.03.31 21:04:32.125,0.84264,0.84309
2013.03.31 21:04:34.588,0.84262,0.84305
2013.03.31 21:04:52.278,0.84259,0.84309
2013.03.31 21:04:52.398,0.84262,0.84305
2013.03.31 21:05:11.290,0.84263,0.84307
2013.03.31 21:05:21.358,0.84263,0.84311
2013.03.31 21:05:21.418,0.84263,0.84311
2013.03.31 21:05:21.958,0.84263,0.84306
2013.03.31 21:05:30.531,0.84263,0.84304
2013.03.31 21:05:30.837,0.84267,0.84305
2013.03.31 21:05:31.571,0.84264,0.84307
2013.03.31 21:05:31.688,0.84263,0.84301
2013.03.31 21:05:32.524,0.84282,0.84308
2013.03.31 21:05:34.430,0.84261,0.84304
2013.03.31 21:05:35.419,0.84262,0.84302
2013.03.31 21:05:47.958,0.84261,0.84303
2013.03.31 21:05:48.078,0.84264,0.84302
2013.03.31 21:06:08.358,0.84262,0.843
2013.03.31 21:06:25.969,0.84261,0.84301
2013.03.31 21:06:31.438,0.84264,0.84302
2013.03.31 21:06:34.762,0.84264,0.84302
2013.03.31 21:07:34.932,0.84254,0.84309
2013.03.31 21:07:39.467,0.84254,0.84309
2013.03.31 21:07:43.898,0.84274,0.84308
2013.03.31 21:08:17.678,0.84266,0.84304
2013.03.31 21:08:29.089,0.84271,0.84304
2013.03.31 21:08:37.299,0.84274,0.84304
2013.03.31 21:08:37.418,0.84272,0.84304
2013.03.31 21:08:46.708,0.84272,0.84304
2013.03.31 21:08:46.828,0.84272,0.84305
2013.03.31 21:08:46.953,0.84272,0.84305
2013.03.31 21:08:47.663,0.84271,0.84304
2013.03.31 21:08:48.220,0.84271,0.84304
2013.03.31 21:08:55.411,0.84271,0.84304
2013.03.31 21:08:56.013,0.8427,0.84305
2013.03.31 21:09:07.948,0.8427,0.84307
2013.03.31 21:09:08.128,0.84271,0.84322
2013.03.31 21:09:08.188,0.84271,0.84324
2013.03.31 21:09:08.328,0.84268,0.84336
2013.03.31 21:09:08.388,0.84268,0.84337
2013.03.31 21:09:08.448,0.84269,0.84339
2013.03.31 21:09:09.878,0.84269,0.84343
2013.03.31 21:09:13.908,0.84269,0.84343
2013.03.31 21:09:48.799,0.84266,0.84338
2013.03.31 21:09:51.418,0.84266,0.84338
2013.03.31 21:09:52.188,0.84284,0.84338
2013.03.31 21:09:53.748,0.84273,0.84337
2013.03.31 21:09:58.995,0.84274,0.84322
2013.03.31 21:09:59.314,0.84276,0.84314
2013.03.31 21:10:04.833,0.84278,0.84313
2013.03.31 21:10:10.428,0.84278,0.84308
2013.03.31 21:10:10.738,0.84267,0.84299
2013.03.31 21:10:11.171,0.84267,0.84299
2013.03.31 21:10:12.528,0.84267,0.84312
2013.03.31 21:10:16.458,0.84264,0.84302
2013.03.31 21:10:16.698,0.84262,0.84296
2013.03.31 21:10:16.998,0.84258,0.84296
2013.03.31 21:11:03.668,0.8426,0.84304
2013.03.31 21:11:03.908,0.84256,0.84306
2013.03.31 21:11:04.159,0.84269,0.84308
2013.03.31 21:11:04.219,0.84255,0.84316
2013.03.31 21:11:04.278,0.84255,0.84329
2013.03.31 21:11:04.818,0.84256,0.84334
2013.03.31 21:11:04.927,0.84256,0.84338
2013.03.31 21:11:05.384,0.84256,0.84345
2013.03.31 21:11:08.158,0.8426,0.84341
2013.03.31 21:11:28.948,0.84284,0.84336
2013.03.31 21:12:00.649,0.84276,0.84335
2013.03.31 21:12:01.029,0.84282,0.84326
2013.03.31 21:12:04.910,0.843,0.84326
2013.03.31 21:12:05.088,0.84285,0.84333
2013.03.31 21:12:05.148,0.84287,0.84333
2013.03.31 21:12:05.328,0.84287,0.8433
2013.03.31 21:12:05.688,0.84286,0.84326
2013.03.31 21:12:21.919,0.84286,0.84332
2013.03.31 21:12:27.139,0.84285,0.84333
2013.03.31 21:12:27.730,0.84285,0.84332
2013.03.31 21:12:50.838,0.84287,0.84325
2013.03.31 21:13:09.370,0.8429,0.84326
2013.03.31 21:13:09.883,0.84293,0.84328
2013.03.31 21:13:11.130,0.84295,0.84327
2013.03.31 21:13:11.859,0.84293,0.84326
2013.03.31 21:13:12.420,0.84293,0.84326
2013.03.31 21:13:12.539,0.84291,0.84329
2013.03.31 21:13:17.360,0.84291,0.84327
2013.03.31 21:13:17.539,0.84291,0.84327
2013.03.31 21:13:18.116,0.84289,0.84324
2013.03.31 21:13:18.790,0.84291,0.84323
2013.03.31 21:13:18.909,0.84289,0.8433
2013.03.31 21:13:51.580,0.84299,0.84332
2013.03.31 21:13:56.149,0.84298,0.84333
2013.03.31 21:13:56.389,0.84293,0.84332
2013.03.31 21:14:09.090,0.84294,0.84327
2013.03.31 21:14:09.294,0.84293,0.84327
2013.03.31 21:14:09.814,0.84293,0.84329
2013.03.31 21:14:17.949,0.84295,0.84331
2013.03.31 21:14:26.370,0.84296,0.84331
2013.03.31 21:14:26.669,0.84294,0.84333
2013.03.31 21:14:38.910,0.84292,0.84332
2013.03.31 21:14:40.018,0.84295,0.84329
2013.03.31 21:14:41.259,0.84295,0.84329
2013.03.31 21:14:55.349,0.84296,0.84329
2013.03.31 21:14:55.904,0.84297,0.84329
2013.03.31 21:14:59.380,0.84297,0.84331
2013.03.31 21:14:59.499,0.84299,0.84332
2013.03.31 21:14:59.819,0.84305,0.84333
2013.03.31 21:15:00.575,0.84305,0.84335
2013.03.31 21:15:14.887,0.84304,0.84333
2013.03.31 21:15:14.949,0.84303,0.84332
2013.03.31 21:15:15.020,0.84299,0.84334
2013.03.31 21:15:15.199,0.84293,0.84333
2013.03.31 21:15:15.799,0.84297,0.84329
2013.03.31 21:15:21.426,0.84296,0.84329
2013.03.31 21:15:22.054,0.84297,0.84329
2013.03.31 21:15:39.440,0.84296,0.84327
2013.03.31 21:15:39.861,0.84294,0.84329
2013.03.31 21:15:41.550,0.84298,0.84328
2013.03.31 21:15:47.020,0.84299,0.84329
2013.03.31 21:15:47.559,0.84299,0.84329
2013.03.31 21:16:01.159,0.84298,0.84329
2013.03.31 21:16:04.310,0.84299,0.84329
2013.03.31 21:16:15.240,0.84297,0.84329
2013.03.31 21:16:16.580,0.84295,0.84329
2013.03.31 21:16:16.640,0.84293,0.84327
2013.03.31 21:16:16.760,0.84292,0.84326
2013.03.31 21:16:17.330,0.84294,0.84326
2013.03.31 21:16:17.514,0.84291,0.84325
2013.03.31 21:16:17.700,0.84291,0.84323
2013.03.31 21:16:17.761,0.8429,0.84324
2013.03.31 21:16:18.120,0.84287,0.84319
2013.03.31 21:16:18.300,0.84284,0.84317
2013.03.31 21:16:18.360,0.84284,0.84315
2013.03.31 21:16:18.600,0.84286,0.84318
2013.03.31 21:16:18.660,0.84287,0.84324
2013.03.31 21:16:18.721,0.84292,0.84324
2013.03.31 21:16:18.900,0.84292,0.84328
2013.03.31 21:16:19.662,0.84291,0.84327
2013.03.31 21:16:26.600,0.84291,0.84327
2013.03.31 21:16:26.729,0.84294,0.84328
2013.03.31 21:16:28.709,0.84292,0.84328
2013.03.31 21:16:29.659,0.84292,0.84329
2013.03.31 21:16:30.439,0.84292,0.8433
2013.03.31 21:16:42.689,0.84292,0.84328
2013.03.31 21:17:02.961,0.84292,0.84328
2013.03.31 21:17:28.460,0.84292,0.84331
2013.03.31 21:17:29.000,0.84292,0.84331
2013.03.31 21:17:32.742,0.84292,0.84331
2013.03.31 21:17:34.040,0.84291,0.84331
2013.03.31 21:18:33.015,0.84278,0.84339
2013.03.31 21:18:49.649,0.84277,0.84352
2013.03.31 21:18:49.709,0.84289,0.8434
2013.03.31 21:18:50.159,0.84291,0.8434
2013.03.31 21:18:54.120,0.84293,0.84334
2013.03.31 21:18:54.448,0.84291,0.84333
2013.03.31 21:18:54.985,0.84292,0.84329
2013.03.31 21:19:22.359,0.84292,0.8433
2013.03.31 21:19:37.620,0.84292,0.8433
2013.03.31 21:19:37.740,0.84293,0.84328
2013.03.31 21:19:40.257,0.84291,0.84331
2013.03.31 21:19:54.190,0.84291,0.84331
2013.03.31 21:19:54.489,0.8429,0.8433
2013.03.31 21:19:54.889,0.84292,0.84328
2013.03.31 21:19:55.499,0.84291,0.84327
2013.03.31 21:20:03.519,0.84293,0.84328
2013.03.31 21:20:03.639,0.84291,0.84328
2013.03.31 21:20:13.579,0.84291,0.8433
2013.03.31 21:20:13.770,0.84293,0.84325
2013.03.31 21:20:17.003,0.84292,0.84324
2013.03.31 21:20:17.120,0.84293,0.84325
2013.03.31 21:20:19.132,0.84293,0.84327
2013.03.31 21:20:33.110,0.84293,0.84327
2013.03.31 21:20:33.500,0.84291,0.84328
2013.03.31 21:21:11.040,0.84292,0.84329
2013.03.31 21:21:11.100,0.84293,0.8433
2013.03.31 21:21:11.340,0.84294,0.84329
2013.03.31 21:21:11.760,0.84293,0.84327
2013.03.31 21:21:21.634,0.84293,0.84337
2013.03.31 21:21:21.850,0.84293,0.84339
2013.03.31 21:21:22.030,0.84292,0.84338
2013.03.31 21:21:22.280,0.84294,0.84338
2013.03.31 21:21:22.896,0.84293,0.84338
2013.03.31 21:21:31.760,0.84293,0.84338
2013.03.31 21:21:32.000,0.84292,0.84338
2013.03.31 21:21:32.570,0.84294,0.84336
2013.03.31 21:21:32.690,0.84291,0.84337
2013.03.31 21:21:32.750,0.84292,0.84338
2013.03.31 21:21:33.310,0.84291,0.84337
2013.03.31 21:21:36.271,0.84291,0.84335
2013.03.31 21:21:36.400,0.84287,0.84329
2013.03.31 21:21:36.820,0.84289,0.84328
2013.03.31 21:21:37.440,0.84291,0.84324
2013.03.31 21:21:37.863,0.84289,0.84323
2013.03.31 21:21:38.601,0.84291,0.84321
2013.03.31 21:21:38.661,0.84291,0.84321
2013.03.31 21:21:39.164,0.84288,0.84319
2013.03.31 21:21:39.460,0.84288,0.84319
2013.03.31 21:21:47.950,0.84287,0.84319
2013.03.31 21:22:27.090,0.84287,0.84319
2013.03.31 21:22:39.369,0.84289,0.84321
2013.03.31 21:22:39.673,0.84286,0.8432
2013.03.31 21:23:00.040,0.84285,0.84319
2013.03.31 21:23:40.240,0.84287,0.8432
2013.03.31 21:23:40.321,0.84289,0.84321
2013.03.31 21:23:45.860,0.84287,0.84321
2013.03.31 21:23:46.525,0.84288,0.84322
2013.03.31 21:23:47.371,0.84288,0.84322
2013.03.31 21:23:47.861,0.84287,0.84321
2013.03.31 21:24:41.240,0.84288,0.84322
2013.03.31 21:24:41.420,0.84287,0.84319
2013.03.31 21:24:50.810,0.84288,0.8432
2013.03.31 21:24:55.395,0.84288,0.8432
2013.03.31 21:24:56.094,0.84288,0.8432
2013.03.31 21:25:10.630,0.84288,0.8432
2013.03.31 21:25:10.750,0.84288,0.8432
2013.03.31 21:25:12.691,0.84288,0.8432
2013.03.31 21:25:55.600,0.84284,0.84318
2013.03.31 21:25:56.214,0.84286,0.84318
2013.03.31 21:26:15.930,0.84287,0.84319
2013.03.31 21:26:49.884,0.84288,0.84319
2013.03.31 21:26:50.560,0.84288,0.84319
2013.03.31 21:26:51.210,0.84289,0.8432
2013.03.31 21:26:51.839,0.84288,0.8432
2013.03.31 21:27:33.051,0.84288,0.84319
2013.03.31 21:27:47.033,0.84289,0.84319
2013.03.31 21:27:52.490,0.84287,0.84317
2013.03.31 21:27:52.611,0.84282,0.84314
2013.03.31 21:27:52.672,0.84282,0.84314
2013.03.31 21:27:53.151,0.84281,0.8431
2013.03.31 21:28:52.782,0.84281,0.84312
2013.03.31 21:28:53.477,0.84281,0.84313
2013.03.31 21:28:56.120,0.84282,0.84314
2013.03.31 21:28:56.180,0.84283,0.84314
2013.03.31 21:28:56.907,0.84281,0.84314
2013.03.31 21:29:30.632,0.84283,0.84314
2013.03.31 21:29:31.146,0.84284,0.84315
2013.03.31 21:29:51.402,0.84284,0.84315
2013.03.31 21:30:21.261,0.84283,0.84314
2013.03.31 21:30:24.653,0.84283,0.84315
2013.03.31 21:30:25.330,0.84282,0.84314
2013.03.31 21:30:26.181,0.84282,0.84314
2013.03.31 21:30:26.301,0.84283,0.84314
2013.03.31 21:30:30.851,0.84284,0.84314
2013.03.31 21:30:31.459,0.84287,0.84318
2013.03.31 21:30:46.180,0.84287,0.84318
2013.03.31 21:31:30.916,0.84281,0.84306
2013.03.31 21:31:46.358,0.8428,0.84328
2013.03.31 21:32:04.440,0.8428,0.84328
2013.03.31 21:32:05.045,0.84278,0.84329
2013.03.31 21:32:51.941,0.84281,0.84304
2013.03.31 21:32:52.301,0.84282,0.84312
2013.03.31 21:33:22.578,0.84282,0.84312
2013.03.31 21:33:29.542,0.84282,0.84312
2013.03.31 21:33:29.662,0.84282,0.84314
2013.03.31 21:33:30.141,0.84285,0.84315
2013.03.31 21:33:30.321,0.84285,0.84313
2013.03.31 21:33:30.381,0.84283,0.84313
2013.03.31 21:33:31.005,0.84283,0.84313
2013.03.31 21:33:31.352,0.84281,0.84313
2013.03.31 21:33:32.611,0.84281,0.84313
2013.03.31 21:33:33.147,0.84282,0.84312
2013.03.31 21:33:39.701,0.84282,0.84314
2013.03.31 21:33:39.821,0.84284,0.8432
2013.03.31 21:33:39.882,0.84289,0.84321
2013.03.31 21:33:40.001,0.8429,0.84324
2013.03.31 21:33:40.781,0.84289,0.84323
2013.03.31 21:33:41.467,0.84291,0.84323
2013.03.31 21:34:06.704,0.84293,0.84323
2013.03.31 21:34:06.942,0.84285,0.84317
2013.03.31 21:34:07.481,0.84284,0.84316
2013.03.31 21:35:07.069,0.84284,0.84318
2013.03.31 21:35:09.061,0.84284,0.84318
2013.03.31 21:35:22.036,0.84285,0.84317
2013.03.31 21:35:29.752,0.84284,0.84314
2013.03.31 21:36:05.485,0.84284,0.84314
2013.03.31 21:36:31.281,0.84284,0.84315
2013.03.31 21:37:05.649,0.84284,0.84316
2013.03.31 21:37:31.446,0.84276,0.84323
2013.03.31 21:37:54.385,0.84276,0.84324
2013.03.31 21:37:54.941,0.84278,0.84319
2013.03.31 21:37:55.467,0.84285,0.84317
2013.03.31 21:38:14.997,0.84285,0.84317
2013.03.31 21:38:35.223,0.84283,0.84317
2013.03.31 21:39:16.911,0.84283,0.84317
2013.03.31 21:39:39.073,0.84283,0.84317
2013.03.31 21:39:51.452,0.84287,0.84317
2013.03.31 21:39:56.833,0.84287,0.84317
2013.03.31 21:39:57.317,0.84285,0.84316
2013.03.31 21:40:35.742,0.84286,0.84317
2013.03.31 21:40:43.111,0.84286,0.84317
2013.03.31 21:41:22.432,0.84285,0.84316
2013.03.31 21:41:26.241,0.84285,0.84317
2013.03.31 21:41:29.602,0.84286,0.84316
2013.03.31 21:41:30.279,0.84285,0.84315
2013.03.31 21:41:42.062,0.84284,0.84316
2013.03.31 21:41:42.391,0.84285,0.84316
2013.03.31 21:41:43.144,0.84285,0.84319
2013.03.31 21:41:45.672,0.84285,0.84317
2013.03.31 21:41:56.522,0.84285,0.84319
2013.03.31 21:42:11.573,0.84285,0.84317
2013.03.31 21:42:11.693,0.84285,0.84318
2013.03.31 21:42:38.492,0.84284,0.84318
2013.03.31 21:42:39.473,0.84286,0.84318
2013.03.31 21:42:44.604,0.84285,0.84317
2013.03.31 21:42:45.153,0.84285,0.84319
2013.03.31 21:42:49.572,0.84284,0.84318
2013.03.31 21:42:51.752,0.84286,0.84318
2013.03.31 21:42:52.612,0.84285,0.84317
2013.03.31 21:42:52.792,0.84285,0.84317
2013.03.31 21:42:54.010,0.84284,0.84318
2013.03.31 21:43:05.602,0.84285,0.84319
2013.03.31 21:44:09.940,0.84286,0.84318
2013.03.31 21:44:10.532,0.84285,0.84317
2013.03.31 21:45:07.741,0.84286,0.84318
2013.03.31 21:45:29.251,0.84284,0.84318
2013.03.31 21:45:29.613,0.84286,0.84317
2013.03.31 21:45:30.415,0.84289,0.8432
2013.03.31 21:45:47.622,0.84289,0.8432
2013.03.31 21:45:47.983,0.84286,0.84318
2013.03.31 21:45:49.882,0.84288,0.84318
2013.03.31 21:46:11.913,0.84288,0.84319
2013.03.31 21:46:12.233,0.84288,0.84318
2013.03.31 21:46:14.893,0.84288,0.84318
2013.03.31 21:46:15.448,0.84286,0.84317
2013.03.31 21:46:17.295,0.84286,0.84318
2013.03.31 21:46:17.416,0.84286,0.84319
2013.03.31 21:46:22.082,0.84289,0.84319
2013.03.31 21:46:26.473,0.84289,0.84319
2013.03.31 21:46:34.222,0.84287,0.84318
2013.03.31 21:46:38.153,0.84287,0.84319
2013.03.31 21:47:08.212,0.84289,0.8432
2013.03.31 21:47:09.674,0.84288,0.84304
2013.03.31 21:47:09.852,0.84286,0.84317
2013.03.31 21:47:10.254,0.84282,0.84314
2013.03.31 21:47:10.842,0.84283,0.84314
2013.03.31 21:47:41.363,0.84283,0.84313
2013.03.31 21:48:06.063,0.84284,0.84314
2013.03.31 21:48:09.869,0.84284,0.84314
2013.03.31 21:48:39.273,0.84283,0.84314
2013.03.31 21:48:40.573,0.84283,0.84314
2013.03.31 21:48:56.843,0.84282,0.84313
2013.03.31 21:48:57.752,0.84281,0.84313
2013.03.31 21:48:59.319,0.84283,0.84314
2013.03.31 21:49:00.010,0.84281,0.84313
2013.03.31 21:49:00.588,0.84283,0.84314
2013.03.31 21:49:01.498,0.84282,0.84313
2013.03.31 21:49:09.722,0.84283,0.84314
2013.03.31 21:49:17.755,0.84281,0.84313
2013.03.31 21:49:19.253,0.84283,0.84313
2013.03.31 21:49:19.937,0.84281,0.84313
2013.03.31 21:49:22.073,0.84283,0.84315
2013.03.31 21:49:22.433,0.84288,0.84319
2013.03.31 21:49:22.989,0.84288,0.84318
2013.03.31 21:49:43.022,0.84288,0.84318
2013.03.31 21:50:02.593,0.84288,0.84319
2013.03.31 21:50:05.547,0.84288,0.84319
2013.03.31 21:50:05.733,0.84288,0.84319
2013.03.31 21:50:26.012,0.8429,0.8432
2013.03.31 21:50:31.433,0.8429,0.84321
2013.03.31 21:50:55.492,0.84287,0.84321
2013.03.31 21:51:06.733,0.84287,0.84317
2013.03.31 21:51:09.832,0.84288,0.84318
2013.03.31 21:51:10.893,0.84287,0.84321
2013.03.31 21:51:26.173,0.84287,0.84321
2013.03.31 21:51:26.603,0.84286,0.8432
2013.03.31 21:51:46.868,0.84287,0.8432
2013.03.31 21:52:02.153,0.84287,0.8432
2013.03.31 21:52:03.363,0.84286,0.84319
2013.03.31 21:53:03.477,0.84277,0.84321
2013.03.31 21:53:19.993,0.84288,0.84321
2013.03.31 21:53:20.663,0.84287,0.8432
2013.03.31 21:53:24.240,0.84287,0.84321
2013.03.31 21:53:36.763,0.84286,0.8432
2013.03.31 21:53:41.469,0.84286,0.8432
2013.03.31 21:53:49.658,0.84285,0.8432
2013.03.31 21:53:53.652,0.84285,0.8432
2013.03.31 21:53:57.225,0.84285,0.8432
2013.03.31 21:53:57.808,0.84285,0.8432
2013.03.31 21:54:33.003,0.84285,0.8432
2013.03.31 21:54:44.444,0.84287,0.8432
2013.03.31 21:54:44.563,0.84284,0.84319
2013.03.31 21:54:46.433,0.84284,0.84319
2013.03.31 21:54:46.945,0.84285,0.8432
2013.03.31 21:54:49.823,0.84284,0.84319
2013.03.31 21:54:50.263,0.84284,0.84319
2013.03.31 21:54:50.853,0.84286,0.8432
2013.03.31 21:54:51.683,0.84285,0.84319
2013.03.31 21:55:01.934,0.84285,0.8432
2013.03.31 21:55:10.523,0.84285,0.84319
2013.03.31 21:55:14.617,0.84285,0.84319
2013.03.31 21:55:46.428,0.84286,0.84321
2013.03.31 21:56:22.943,0.84286,0.84323
2013.03.31 21:56:33.792,0.84286,0.84321
2013.03.31 21:56:34.824,0.84286,0.84323
2013.03.31 21:56:34.884,0.84288,0.84321
2013.03.31 21:56:35.004,0.84294,0.84325
2013.03.31 21:56:35.505,0.84297,0.84328
2013.03.31 21:56:40.475,0.84297,0.84329
2013.03.31 21:56:40.595,0.84294,0.84329
2013.03.31 21:56:40.774,0.84292,0.84326
2013.03.31 21:56:41.493,0.84293,0.84328
2013.03.31 21:56:41.613,0.8429,0.84324
2013.03.31 21:56:41.853,0.84292,0.84326
2013.03.31 21:56:43.575,0.84295,0.84326
2013.03.31 21:56:43.894,0.84299,0.84333
2013.03.31 21:56:44.193,0.84294,0.84326
2013.03.31 21:56:44.434,0.84285,0.84318
2013.03.31 21:56:44.493,0.84285,0.84296
2013.03.31 21:56:44.794,0.84283,0.84294
2013.03.31 21:56:45.094,0.84282,0.84293
2013.03.31 21:56:45.164,0.84282,0.84291
2013.03.31 21:56:45.403,0.84274,0.84286
2013.03.31 21:56:45.943,0.84273,0.84285
2013.03.31 21:56:46.494,0.84271,0.84285
2013.03.31 21:56:46.554,0.84271,0.84283
2013.03.31 21:56:47.025,0.84271,0.84305
2013.03.31 21:56:47.328,0.84274,0.84309
2013.03.31 21:56:47.513,0.84274,0.84316
2013.03.31 21:56:47.934,0.84274,0.84312
2013.03.31 21:56:48.413,0.84274,0.84316
2013.03.31 21:56:49.924,0.84275,0.84311
2013.03.31 21:56:50.463,0.84276,0.84314
2013.03.31 21:56:50.983,0.84276,0.84312
2013.03.31 21:56:51.583,0.84277,0.84313
2013.03.31 21:56:51.943,0.84275,0.84311
2013.03.31 21:56:52.303,0.84277,0.84315
2013.03.31 21:56:52.464,0.84277,0.84315
2013.03.31 21:56:53.196,0.84275,0.84313
2013.03.31 21:56:53.504,0.84277,0.84299
2013.03.31 21:56:53.634,0.84277,0.84315
2013.03.31 21:56:53.884,0.84279,0.84317
2013.03.31 21:56:55.134,0.8428,0.84299
2013.03.31 21:56:55.545,0.8428,0.84299
2013.03.31 21:56:56.494,0.84283,0.84299
2013.03.31 21:56:56.803,0.84285,0.84296
2013.03.31 21:56:57.314,0.84285,0.84319
2013.03.31 21:56:57.703,0.84288,0.84322
2013.03.31 21:56:58.262,0.84286,0.84321
2013.03.31 21:57:34.464,0.84289,0.84323
2013.03.31 21:57:34.644,0.84292,0.84322
2013.03.31 21:57:35.198,0.84292,0.84324
2013.03.31 21:57:36.805,0.84293,0.84324
2013.03.31 21:57:38.912,0.84293,0.84324
2013.03.31 21:57:39.274,0.84293,0.84324
2013.03.31 21:57:42.855,0.84291,0.84322
2013.03.31 21:57:43.226,0.84289,0.84322
2013.03.31 21:57:56.651,0.8429,0.84322
2013.03.31 21:57:59.444,0.8429,0.84323
2013.03.31 21:58:00.204,0.8429,0.84321
2013.03.31 21:58:10.865,0.84289,0.84322
2013.03.31 21:58:24.133,0.8429,0.84321
2013.03.31 21:58:24.673,0.84289,0.84322
2013.03.31 21:58:28.114,0.8429,0.84321
2013.03.31 21:58:28.654,0.84288,0.84319
2013.03.31 21:58:28.834,0.84289,0.84322
2013.03.31 21:58:42.225,0.84294,0.8432
2013.03.31 21:58:42.285,0.84288,0.84316
2013.03.31 21:59:01.634,0.84286,0.8431
2013.03.31 21:59:02.250,0.84285,0.8431
2013.03.31 21:59:03.414,0.84283,0.84308
2013.03.31 21:59:19.984,0.84283,0.84307
2013.03.31 21:59:21.554,0.84283,0.84308
2013.03.31 21:59:22.177,0.84283,0.84307
2013.03.31 21:59:24.844,0.84283,0.84306
2013.03.31 21:59:25.265,0.84285,0.84306
2013.03.31 21:59:25.804,0.84285,0.84308
2013.03.31 21:59:37.274,0.84285,0.84307
2013.03.31 21:59:37.339,0.84277,0.843
2013.03.31 21:59:37.404,0.84282,0.84303
2013.03.31 21:59:37.824,0.84279,0.84302
2013.03.31 21:59:37.944,0.84279,0.84304
2013.03.31 21:59:38.183,0.84288,0.84306
2013.03.31 21:59:38.244,0.84288,0.84308
2013.03.31 21:59:39.694,0.84288,0.84311
2013.03.31 21:59:39.814,0.84288,0.84309
2013.03.31 21:59:40.334,0.84289,0.84309
2013.03.31 21:59:40.717,0.84289,0.84306
2013.03.31 21:59:40.895,0.84289,0.84312
2013.03.31 21:59:41.015,0.84288,0.84308
2013.03.31 21:59:41.335,0.84288,0.84306
2013.03.31 21:59:41.504,0.84288,0.84308
2013.03.31 21:59:41.804,0.84286,0.84307
2013.03.31 21:59:42.344,0.84278,0.84299
2013.03.31 21:59:42.704,0.8428,0.84301
2013.03.31 21:59:43.014,0.84287,0.84302
2013.03.31 21:59:43.074,0.84287,0.84304
2013.03.31 21:59:43.134,0.84287,0.84306
2013.03.31 21:59:43.254,0.84287,0.84308
2013.03.31 21:59:43.760,0.84287,0.84307
2013.03.31 21:59:43.990,0.84287,0.84309
2013.03.31 21:59:44.704,0.84287,0.84307
2013.03.31 21:59:44.765,0.84287,0.84309
2013.03.31 21:59:45.314,0.84288,0.84306
2013.03.31 21:59:45.434,0.8428,0.84299
2013.03.31 21:59:45.795,0.84287,0.84299
2013.03.31 21:59:45.915,0.84287,0.84306
2013.03.31 21:59:46.234,0.84287,0.8431
2013.03.31 21:59:46.766,0.84288,0.84309
2013.03.31 21:59:47.785,0.84288,0.84313
2013.03.31 21:59:48.185,0.84276,0.84296
2013.03.31 21:59:48.423,0.84274,0.84297
2013.03.31 21:59:48.664,0.8428,0.84301
2013.03.31 21:59:48.965,0.84288,0.84309
2013.03.31 21:59:50.247,0.8429,0.84311
2013.03.31 21:59:51.783,0.84288,0.84311
2013.03.31 21:59:51.904,0.84277,0.843
2013.03.31 21:59:52.024,0.84273,0.84303
2013.03.31 21:59:55.956,0.84278,0.84299
2013.03.31 21:59:56.494,0.84277,0.843
2013.03.31 22:00:00.295,0.84278,0.84317
2013.03.31 22:00:00.358,0.84278,0.84314
2013.03.31 22:00:00.715,0.84278,0.84312
2013.03.31 22:00:01.016,0.84278,0.84308
2013.03.31 22:00:01.194,0.84278,0.8431
2013.03.31 22:00:01.404,0.84278,0.84308
2013.03.31 22:00:01.764,0.84278,0.8431
2013.03.31 22:00:01.944,0.84278,0.84301
2013.03.31 22:00:02.305,0.84284,0.84307
2013.03.31 22:00:02.484,0.84279,0.84309
2013.03.31 22:00:02.604,0.84277,0.84309
2013.03.31 22:00:02.724,0.84287,0.8431
2013.03.31 22:00:07.334,0.84285,0.8431
2013.03.31 22:00:07.644,0.84287,0.8431
2013.03.31 22:00:08.724,0.84287,0.84309
2013.03.31 22:00:09.809,0.84291,0.84309
2013.03.31 22:00:10.174,0.84291,0.84311
2013.03.31 22:00:10.755,0.8429,0.84311
2013.03.31 22:00:12.378,0.8429,0.84312
2013.03.31 22:00:13.144,0.8429,0.84313
2013.03.31 22:00:13.684,0.8429,0.84312
2013.03.31 22:00:14.854,0.8429,0.84313
2013.03.31 22:00:15.345,0.8429,0.84311
2013.03.31 22:00:15.744,0.8429,0.84313
2013.03.31 22:00:15.864,0.8429,0.84311
2013.03.31 22:00:16.065,0.8429,0.84314
2013.03.31 22:00:16.994,0.8429,0.84313
2013.03.31 22:00:17.811,0.8429,0.84315
2013.03.31 22:00:18.054,0.8429,0.84313
2013.03.31 22:00:19.064,0.8429,0.84312
2013.03.31 22:00:20.154,0.8429,0.84311
2013.03.31 22:00:20.274,0.8429,0.84313
2013.03.31 22:00:20.845,0.8429,0.84312
2013.03.31 22:00:21.234,0.8429,0.84315
2013.03.31 22:00:22.234,0.8429,0.84316
2013.03.31 22:00:22.763,0.8429,0.84317
2013.03.31 22:00:22.824,0.84287,0.84317
2013.03.31 22:00:22.884,0.84287,0.84315
2013.03.31 22:00:24.184,0.84287,0.84313
2013.03.31 22:00:24.730,0.84287,0.84312
2013.03.31 22:00:25.685,0.84287,0.84311
2013.03.31 22:00:26.904,0.84287,0.84312
2013.03.31 22:00:27.434,0.84287,0.84313
2013.03.31 22:00:27.974,0.84287,0.84312
2013.03.31 22:00:28.094,0.84287,0.84314
2013.03.31 22:00:28.214,0.84287,0.84312
2013.03.31 22:00:28.574,0.84287,0.84314
2013.03.31 22:00:30.114,0.84287,0.84315
2013.03.31 22:00:31.364,0.84287,0.84316
2013.03.31 22:00:31.544,0.84287,0.84319
2013.03.31 22:00:31.665,0.84289,0.8432
2013.03.31 22:00:32.086,0.84289,0.84315
2013.03.31 22:00:33.146,0.84289,0.84316
2013.03.31 22:00:33.710,0.84289,0.84315
2013.03.31 22:00:33.796,0.84289,0.84317
2013.03.31 22:00:34.362,0.84289,0.84318
2013.03.31 22:00:34.546,0.84287,0.84317
2013.03.31 22:00:37.077,0.84287,0.84316
2013.03.31 22:00:41.307,0.84287,0.84317
2013.03.31 22:00:47.418,0.84287,0.84315
2013.03.31 22:00:47.726,0.84287,0.84313
2013.03.31 22:00:48.146,0.8429,0.84313
2013.03.31 22:00:48.515,0.8429,0.84318
2013.03.31 22:00:48.578,0.8429,0.84313
2013.03.31 22:00:50.196,0.8429,0.84314
2013.03.31 22:00:51.246,0.8429,0.84317
2013.03.31 22:00:51.895,0.8429,0.84316
2013.03.31 22:00:52.015,0.8429,0.84313
2013.03.31 22:00:52.557,0.8429,0.84314
2013.03.31 22:00:52.617,0.8429,0.84316
2013.03.31 22:00:53.276,0.8429,0.84315
2013.03.31 22:00:54.626,0.84291,0.84315
2013.03.31 22:00:54.946,0.84288,0.84315
2013.03.31 22:00:55.465,0.84288,0.84314
2013.03.31 22:00:57.195,0.84288,0.84315
2013.03.31 22:00:57.435,0.84288,0.84313
2013.03.31 22:00:57.987,0.84287,0.84313
2013.03.31 22:01:01.343,0.84287,0.8431
2013.03.31 22:01:02.726,0.84286,0.8431
2013.03.31 22:01:09.158,0.84282,0.84304
2013.03.31 22:01:09.227,0.84279,0.84304
2013.03.31 22:01:09.588,0.84278,0.843
2013.03.31 22:01:09.946,0.8428,0.843
2013.03.31 22:01:10.258,0.84284,0.843
2013.03.31 22:01:10.767,0.84284,0.8431
2013.03.31 22:01:10.886,0.84287,0.8431
2013.03.31 22:01:15.266,0.84287,0.84309
2013.03.31 22:01:15.816,0.84287,0.84308
2013.03.31 22:01:16.356,0.84286,0.84307
2013.03.31 22:01:18.106,0.84286,0.84306
2013.03.31 22:01:19.296,0.84286,0.84305
2013.03.31 22:01:19.415,0.84286,0.84307
2013.03.31 22:01:20.036,0.84287,0.84307
2013.03.31 22:01:21.129,0.84285,0.84304
2013.03.31 22:01:29.816,0.84285,0.84303
2013.03.31 22:01:30.357,0.84286,0.84303
2013.03.31 22:01:31.479,0.84285,0.84306
2013.03.31 22:01:32.698,0.84285,0.84305
2013.03.31 22:01:34.517,0.84284,0.84305
2013.03.31 22:01:40.066,0.8429,0.84305
2013.03.31 22:01:53.337,0.84284,0.84303
2013.03.31 22:01:53.940,0.84277,0.84297
2013.03.31 22:01:54.066,0.84274,0.84297
2013.03.31 22:01:57.938,0.84275,0.84297
2013.03.31 22:01:58.477,0.84274,0.84297
2013.03.31 22:02:05.038,0.84274,0.84296
2013.03.31 22:02:05.577,0.84274,0.84295
2013.03.31 22:02:06.327,0.84274,0.84296
2013.03.31 22:02:07.018,0.84274,0.84295
2013.03.31 22:02:07.774,0.84274,0.84296
2013.03.31 22:02:08.517,0.84274,0.84295
2013.03.31 22:02:08.698,0.84274,0.84292
2013.03.31 22:02:08.937,0.84269,0.8429
2013.03.31 22:02:09.357,0.84265,0.84291
2013.03.31 22:02:09.896,0.84265,0.84292
2013.03.31 22:02:10.139,0.84267,0.84292
2013.03.31 22:02:10.687,0.84267,0.84291
2013.03.31 22:02:11.867,0.84266,0.8429
2013.03.31 22:02:12.227,0.84265,0.84288
2013.03.31 22:02:13.487,0.84265,0.8429
2013.03.31 22:02:14.840,0.84264,0.84284
2013.03.31 22:02:17.388,0.84265,0.84284
2013.03.31 22:02:24.747,0.84264,0.84284
2013.03.31 22:02:25.090,0.84266,0.84284
2013.03.31 22:02:26.277,0.84265,0.84284
2013.03.31 22:02:40.156,0.84265,0.84285
2013.03.31 22:02:45.977,0.84265,0.84282
2013.03.31 22:02:47.588,0.84266,0.84282
2013.03.31 22:02:49.357,0.84264,0.84282
2013.03.31 22:02:52.887,0.84265,0.84282
2013.03.31 22:02:53.749,0.84263,0.84282
2013.03.31 22:02:53.878,0.84266,0.84283
2013.03.31 22:02:53.966,0.84266,0.84286
2013.03.31 22:02:54.157,0.84266,0.84282
2013.03.31 22:02:54.848,0.84265,0.84282
2013.03.31 22:02:54.966,0.84262,0.84282
2013.03.31 22:02:55.511,0.84263,0.84282
2013.03.31 22:02:57.058,0.84265,0.84282
2013.03.31 22:02:57.127,0.84265,0.84284
2013.03.31 22:02:57.677,0.84266,0.84284
2013.03.31 22:02:58.046,0.84263,0.84284
2013.03.31 22:02:58.919,0.84264,0.84284
2013.03.31 22:02:59.467,0.84264,0.84283
2013.03.31 22:02:59.946,0.84263,0.84285
2013.03.31 22:03:03.577,0.84263,0.84282
2013.03.31 22:03:04.137,0.84264,0.84282
2013.03.31 22:03:05.129,0.84263,0.84282
2013.03.31 22:03:06.137,0.84264,0.84282
2013.03.31 22:03:06.677,0.84263,0.84282
2013.03.31 22:03:07.216,0.84264,0.84282
2013.03.31 22:03:31.890,0.84264,0.84276
2013.03.31 22:03:31.957,0.84264,0.84281
2013.03.31 22:03:32.497,0.84264,0.84284
2013.03.31 22:03:32.880,0.84261,0.84284
2013.03.31 22:03:35.267,0.84263,0.84282
2013.03.31 22:03:35.577,0.84262,0.84279
2013.03.31 22:03:35.639,0.8426,0.84279
2013.03.31 22:03:41.106,0.84258,0.84279
2013.03.31 22:03:54.247,0.84258,0.84278
2013.03.31 22:03:57.966,0.84257,0.84278
2013.03.31 22:04:40.247,0.84255,0.84281
2013.03.31 22:04:47.997,0.84255,0.84281
2013.03.31 22:04:48.117,0.84255,0.84281
2013.03.31 22:04:48.326,0.84255,0.84281
2013.03.31 22:04:58.104,0.84251,0.84281
2013.03.31 22:05:04.671,0.84254,0.8428
2013.03.31 22:05:34.278,0.84253,0.84275
2013.03.31 22:05:34.337,0.84253,0.84272
2013.03.31 22:05:34.398,0.84251,0.84272
2013.03.31 22:05:34.518,0.84251,0.84276
2013.03.31 22:05:34.636,0.84252,0.84277
2013.03.31 22:05:36.028,0.84252,0.84274
2013.03.31 22:05:37.306,0.84252,0.84273
2013.03.31 22:05:37.487,0.84251,0.84277
2013.03.31 22:05:37.786,0.84251,0.84269
2013.03.31 22:05:38.061,0.84251,0.84276
2013.03.31 22:05:38.188,0.84251,0.84276
2013.03.31 22:05:38.807,0.84252,0.84276
2013.03.31 22:05:45.627,0.84252,0.84278
2013.03.31 22:05:45.988,0.84252,0.84276
2013.03.31 22:05:46.227,0.84252,0.84278
2013.03.31 22:05:46.547,0.84252,0.84276
2013.03.31 22:05:46.726,0.84252,0.84278
2013.03.31 22:05:47.592,0.84252,0.84276
2013.03.31 22:05:47.936,0.84252,0.84278
2013.03.31 22:05:48.176,0.84252,0.84277
2013.03.31 22:05:48.479,0.84252,0.84278
2013.03.31 22:05:48.607,0.84252,0.84276
2013.03.31 22:05:49.147,0.8425,0.84276
2013.03.31 22:05:50.578,0.84251,0.84275
2013.03.31 22:05:50.698,0.84251,0.84275
2013.03.31 22:05:54.116,0.84251,0.84274
2013.03.31 22:06:00.511,0.84251,0.84275
2013.03.31 22:06:01.309,0.84251,0.84275
2013.03.31 22:06:02.846,0.84251,0.84275
2013.03.31 22:06:07.546,0.84251,0.84275
2013.03.31 22:06:08.347,0.84251,0.84275
2013.03.31 22:06:08.408,0.84251,0.84275
2013.03.31 22:06:09.151,0.84251,0.8427
2013.03.31 22:06:09.307,0.84251,0.84269
2013.03.31 22:06:09.738,0.84251,0.84276
2013.03.31 22:06:09.976,0.84251,0.84275
2013.03.31 22:06:10.388,0.84252,0.84277
2013.03.31 22:06:10.780,0.84252,0.84277
2013.03.31 22:06:18.696,0.8425,0.84276
2013.03.31 22:06:19.222,0.84251,0.84275
2013.03.31 22:06:21.506,0.84251,0.84275
2013.03.31 22:06:24.570,0.84251,0.84275
2013.03.31 22:06:34.507,0.84251,0.84272
2013.03.31 22:06:35.046,0.84251,0.84272
2013.03.31 22:06:36.377,0.84251,0.84272
2013.03.31 22:06:36.912,0.84251,0.84272
2013.03.31 22:06:37.507,0.84251,0.84272
2013.03.31 22:06:38.066,0.84251,0.84272
2013.03.31 22:06:38.573,0.84251,0.84272
2013.03.31 22:06:44.878,0.84252,0.84272
2013.03.31 22:06:52.452,0.84252,0.84272
2013.03.31 22:06:52.996,0.84251,0.84272
2013.03.31 22:06:53.936,0.84252,0.84271
2013.03.31 22:06:54.176,0.84252,0.84276
2013.03.31 22:06:54.716,0.84252,0.84277
2013.03.31 22:06:55.076,0.84252,0.84276
2013.03.31 22:07:00.176,0.84252,0.84277
2013.03.31 22:07:01.018,0.84252,0.84277
2013.03.31 22:07:01.566,0.84252,0.84277
2013.03.31 22:07:02.348,0.84252,0.84277
2013.03.31 22:07:10.976,0.84252,0.84276
2013.03.31 22:07:16.296,0.84252,0.84273
2013.03.31 22:07:20.237,0.84252,0.84273
2013.03.31 22:07:23.698,0.84253,0.84276
2013.03.31 22:07:30.807,0.84255,0.84276
2013.03.31 22:07:30.868,0.84253,0.84276
2013.03.31 22:07:30.930,0.84253,0.84276
2013.03.31 22:07:31.058,0.84251,0.84276
2013.03.31 22:07:31.184,0.84251,0.84276
2013.03.31 22:07:31.309,0.84249,0.84275
2013.03.31 22:07:31.376,0.84249,0.84275
2013.03.31 22:07:31.677,0.84247,0.84274
2013.03.31 22:07:32.255,0.84246,0.84274
2013.03.31 22:07:33.058,0.84246,0.84274
2013.03.31 22:07:35.267,0.84246,0.84274
2013.03.31 22:07:38.106,0.84245,0.8427
2013.03.31 22:07:40.187,0.84245,0.84272
2013.03.31 22:07:41.287,0.84245,0.8427
2013.03.31 22:07:43.069,0.84245,0.8427
2013.03.31 22:07:45.659,0.84245,0.8427
2013.03.31 22:07:46.537,0.84245,0.8427
2013.03.31 22:07:58.899,0.84246,0.84271
2013.03.31 22:08:01.627,0.84246,0.84272
2013.03.31 22:08:03.777,0.84248,0.84274
2013.03.31 22:08:04.598,0.84247,0.84273
2013.03.31 22:08:05.018,0.84244,0.84271
2013.03.31 22:08:05.139,0.84244,0.84271
2013.03.31 22:08:05.647,0.84245,0.84272
2013.03.31 22:08:05.898,0.84245,0.8427
2013.03.31 22:08:06.453,0.84245,0.84271
2013.03.31 22:08:08.969,0.84244,0.8427
2013.03.31 22:08:10.096,0.84245,0.84271
2013.03.31 22:08:10.756,0.84245,0.84271
2013.03.31 22:08:15.559,0.84245,0.84271
2013.03.31 22:08:15.747,0.84247,0.84274
2013.03.31 22:08:36.656,0.84248,0.84274
2013.03.31 22:08:57.036,0.84246,0.84275
2013.03.31 22:09:04.857,0.84246,0.84274
2013.03.31 22:09:05.696,0.84247,0.84274
2013.03.31 22:09:07.687,0.84247,0.84274
2013.03.31 22:09:07.867,0.84246,0.84274
2013.03.31 22:09:18.146,0.84245,0.84271
2013.03.31 22:09:24.267,0.84245,0.84271
2013.03.31 22:09:25.366,0.84245,0.84272
2013.03.31 22:09:26.039,0.84245,0.84271
2013.03.31 22:09:30.688,0.84245,0.84271
2013.03.31 22:09:31.206,0.84245,0.84271
2013.03.31 22:09:34.558,0.84246,0.84273
2013.03.31 22:09:35.097,0.84248,0.84274
2013.03.31 22:09:41.967,0.84248,0.84274
2013.03.31 22:09:42.606,0.84247,0.84274
2013.03.31 22:09:43.557,0.84248,0.84274
2013.03.31 22:09:49.730,0.84248,0.84275
2013.03.31 22:09:50.268,0.8425,0.84277
2013.03.31 22:09:52.917,0.84249,0.84276
2013.03.31 22:09:53.037,0.84248,0.84275
2013.03.31 22:10:00.917,0.84248,0.84273
2013.03.31 22:10:00.977,0.84249,0.84273
2013.03.31 22:10:22.438,0.84252,0.84274
2013.03.31 22:10:22.557,0.84253,0.84277
2013.03.31 22:10:22.918,0.84255,0.84279
2013.03.31 22:10:24.958,0.84257,0.84279
2013.03.31 22:10:25.018,0.84255,0.84279
2013.03.31 22:10:25.077,0.84257,0.84281
2013.03.31 22:10:25.197,0.84259,0.84282
2013.03.31 22:10:25.498,0.8426,0.84283
2013.03.31 22:10:26.097,0.84262,0.84285
2013.03.31 22:10:26.518,0.84262,0.84286
2013.03.31 22:10:26.638,0.84261,0.84285
2013.03.31 22:10:30.597,0.84261,0.84283
2013.03.31 22:10:30.657,0.84256,0.84281
2013.03.31 22:10:31.237,0.84257,0.84281
2013.03.31 22:10:31.867,0.84255,0.84281
2013.03.31 22:10:32.612,0.84256,0.8428
2013.03.31 22:10:32.736,0.84256,0.8428
2013.03.31 22:10:34.527,0.84257,0.84281
2013.03.31 22:10:34.708,0.84256,0.84281
2013.03.31 22:10:35.308,0.84256,0.8428
2013.03.31 22:10:35.608,0.84256,0.84282
2013.03.31 22:10:42.069,0.84256,0.8428
2013.03.31 22:10:42.318,0.84257,0.8428
2013.03.31 22:10:42.828,0.84257,0.8428
2013.03.31 22:10:43.599,0.84257,0.8428
2013.03.31 22:10:44.768,0.84257,0.8428
2013.03.31 22:10:45.365,0.84257,0.8428
2013.03.31 22:10:50.378,0.84257,0.8428
2013.03.31 22:10:50.919,0.84256,0.84279
2013.03.31 22:10:51.278,0.84257,0.84279
2013.03.31 22:10:51.480,0.84255,0.84279
2013.03.31 22:10:51.607,0.84257,0.84279
2013.03.31 22:10:52.158,0.84256,0.84278
2013.03.31 22:10:52.697,0.84255,0.84279
2013.03.31 22:10:55.748,0.84257,0.84279
2013.03.31 22:10:57.278,0.84256,0.84278
2013.03.31 22:10:58.696,0.84257,0.84279
2013.03.31 22:11:00.637,0.84257,0.84279
2013.03.31 22:11:09.077,0.84254,0.84276
2013.03.31 22:11:09.438,0.84252,0.84274
2013.03.31 22:11:09.979,0.84252,0.84275
2013.03.31 22:11:10.528,0.8425,0.84274
2013.03.31 22:11:12.377,0.8425,0.84274
2013.03.31 22:11:15.687,0.8425,0.84274
2013.03.31 22:11:18.577,0.8425,0.84274
2013.03.31 22:11:20.176,0.8425,0.84274
2013.03.31 22:11:20.598,0.84252,0.84274
2013.03.31 22:11:22.112,0.84252,0.84274
2013.03.31 22:11:22.418,0.84252,0.84274
2013.03.31 22:11:22.599,0.84249,0.84272
2013.03.31 22:11:22.669,0.84249,0.84272
2013.03.31 22:11:23.160,0.84249,0.84272
2013.03.31 22:11:26.019,0.84249,0.84272
2013.03.31 22:11:26.790,0.84247,0.84269
2013.03.31 22:11:26.860,0.84245,0.84268
2013.03.31 22:11:27.377,0.84245,0.84267
2013.03.31 22:11:30.618,0.84244,0.84266
2013.03.31 22:11:30.681,0.84244,0.84266
2013.03.31 22:11:31.758,0.84244,0.84268
2013.03.31 22:11:32.002,0.84244,0.84266
2013.03.31 22:11:32.599,0.84245,0.84267
2013.03.31 22:11:33.548,0.84247,0.8427
2013.03.31 22:11:37.138,0.84247,0.8427
2013.03.31 22:11:37.619,0.84246,0.84268
2013.03.31 22:11:37.689,0.84246,0.84268
2013.03.31 22:11:37.810,0.84245,0.84267
2013.03.31 22:11:38.059,0.84245,0.84267
2013.03.31 22:11:38.358,0.84245,0.84268
2013.03.31 22:11:40.027,0.84244,0.84266
2013.03.31 22:11:40.148,0.84244,0.84266
2013.03.31 22:11:40.736,0.84243,0.84267
2013.03.31 22:11:40.800,0.84243,0.84267
2013.03.31 22:11:41.751,0.84243,0.84266
2013.03.31 22:11:42.759,0.84245,0.84267
2013.03.31 22:11:43.335,0.84244,0.84266
2013.03.31 22:11:57.477,0.84244,0.84268
2013.03.31 22:11:58.027,0.84243,0.84266
2013.03.31 22:11:58.668,0.84245,0.84267
2013.03.31 22:12:03.018,0.84245,0.84266
2013.03.31 22:12:03.562,0.84244,0.84266
2013.03.31 22:12:05.867,0.84244,0.84266
2013.03.31 22:12:19.348,0.84245,0.84267
2013.03.31 22:12:19.938,0.84244,0.84266
2013.03.31 22:12:26.504,0.84244,0.84268
2013.03.31 22:12:45.148,0.84244,0.84268
2013.03.31 22:12:46.017,0.84246,0.84268
2013.03.31 22:13:06.058,0.84246,0.84266
2013.03.31 22:13:10.818,0.84244,0.84266
2013.03.31 22:13:11.217,0.84242,0.84264
2013.03.31 22:13:12.157,0.84243,0.84265
2013.03.31 22:13:12.337,0.84243,0.84265
2013.03.31 22:13:16.553,0.84243,0.84265
2013.03.31 22:13:19.887,0.84243,0.84265
2013.03.31 22:13:23.097,0.84242,0.84264
2013.03.31 22:13:32.892,0.84241,0.8426
2013.03.31 22:13:32.959,0.84241,0.84256
2013.03.31 22:13:33.853,0.84242,0.84256
2013.03.31 22:13:33.940,0.84242,0.84263
2013.03.31 22:13:34.478,0.84242,0.84264
2013.03.31 22:13:35.520,0.84242,0.84262
2013.03.31 22:13:35.647,0.84242,0.84261
2013.03.31 22:13:35.768,0.84242,0.84262
2013.03.31 22:13:36.308,0.84242,0.84261
2013.03.31 22:13:36.857,0.84242,0.84265
2013.03.31 22:13:37.739,0.84242,0.84264
2013.03.31 22:13:39.140,0.84242,0.84264
2013.03.31 22:13:40.597,0.84242,0.84264
2013.03.31 22:13:41.147,0.84242,0.84262
2013.03.31 22:13:41.209,0.84242,0.84256
2013.03.31 22:13:41.392,0.84241,0.8426
2013.03.31 22:13:41.939,0.84242,0.84261
2013.03.31 22:13:48.239,0.84242,0.84264
2013.03.31 22:13:49.468,0.84242,0.84264
2013.03.31 22:13:50.448,0.84243,0.84265
2013.03.31 22:13:52.277,0.84242,0.84264
2013.03.31 22:13:52.909,0.84243,0.84265
2013.03.31 22:14:00.447,0.84243,0.84265
2013.03.31 22:14:10.647,0.84242,0.84266
2013.03.31 22:14:16.847,0.84243,0.84265
2013.03.31 22:14:16.907,0.84243,0.84265
2013.03.31 22:14:17.668,0.84242,0.84264
2013.03.31 22:14:18.797,0.84243,0.84265
2013.03.31 22:14:19.346,0.84242,0.84264
2013.03.31 22:14:20.317,0.84242,0.84264
2013.03.31 22:14:21.486,0.84242,0.84265
2013.03.31 22:14:21.987,0.84242,0.84265
2013.03.31 22:14:24.039,0.84241,0.84261
2013.03.31 22:14:24.158,0.84241,0.84262
2013.03.31 22:14:25.337,0.84241,0.84261
2013.03.31 22:14:25.877,0.84239,0.84261
2013.03.31 22:14:25.997,0.84237,0.8426
2013.03.31 22:14:26.618,0.84235,0.84259
2013.03.31 22:14:28.528,0.84236,0.84259
2013.03.31 22:14:29.240,0.84236,0.84256
2013.03.31 22:14:31.387,0.84235,0.84257
2013.03.31 22:14:35.169,0.84234,0.84257
2013.03.31 22:14:35.298,0.84235,0.84257
2013.03.31 22:14:35.686,0.84235,0.84257
2013.03.31 22:14:38.458,0.84234,0.84252
2013.03.31 22:14:38.640,0.84233,0.84252
2013.03.31 22:14:39.188,0.84232,0.84248
2013.03.31 22:14:39.768,0.84233,0.84248
2013.03.31 22:14:40.488,0.84232,0.84248
2013.03.31 22:14:41.034,0.84232,0.84251
2013.03.31 22:14:41.717,0.84232,0.84251
2013.03.31 22:14:43.262,0.84232,0.84251
2013.03.31 22:14:43.449,0.84232,0.84252
2013.03.31 22:14:47.798,0.84233,0.84252
2013.03.31 22:14:48.717,0.84233,0.84252
2013.03.31 22:14:49.842,0.84235,0.84252
2013.03.31 22:14:53.747,0.84234,0.84251
2013.03.31 22:14:54.717,0.84234,0.84251
2013.03.31 22:14:55.701,0.84233,0.84254
2013.03.31 22:14:56.248,0.84235,0.84255
2013.03.31 22:14:59.648,0.84234,0.84255
2013.03.31 22:14:59.767,0.84232,0.84255
2013.03.31 22:15:00.308,0.84233,0.84255
2013.03.31 22:15:00.367,0.84235,0.84255
2013.03.31 22:15:01.868,0.84235,0.84255
2013.03.31 22:15:02.350,0.84234,0.84256
2013.03.31 22:15:02.889,0.84234,0.84256
2013.03.31 22:15:02.948,0.84234,0.84256
2013.03.31 22:15:06.517,0.84234,0.84256
2013.03.31 22:15:08.268,0.84235,0.84252
2013.03.31 22:15:08.828,0.84234,0.84252
2013.03.31 22:15:19.787,0.84234,0.84253
2013.03.31 22:15:21.298,0.84236,0.84256
2013.03.31 22:15:24.647,0.84234,0.84256
2013.03.31 22:15:25.067,0.84237,0.84256
2013.03.31 22:15:26.187,0.84237,0.84256
2013.03.31 22:15:27.861,0.84236,0.84251
2013.03.31 22:15:29.881,0.84236,0.84251
2013.03.31 22:15:30.459,0.84234,0.84251
2013.03.31 22:15:30.818,0.84232,0.84251
2013.03.31 22:15:31.008,0.84233,0.84251
2013.03.31 22:15:33.839,0.84233,0.84246
2013.03.31 22:15:34.079,0.84231,0.84246
2013.03.31 22:15:34.698,0.84231,0.84246
2013.03.31 22:15:35.238,0.84231,0.84248
2013.03.31 22:15:35.359,0.84232,0.84248
2013.03.31 22:15:35.718,0.84233,0.84246
2013.03.31 22:15:36.329,0.84232,0.84246
2013.03.31 22:15:36.989,0.84232,0.84248
2013.03.31 22:15:37.620,0.84232,0.84247
2013.03.31 22:15:42.108,0.84232,0.84246
2013.03.31 22:15:42.689,0.84232,0.84246
2013.03.31 22:15:43.961,0.84232,0.84249
2013.03.31 22:15:44.148,0.84233,0.84248
2013.03.31 22:15:49.835,0.84232,0.84248
2013.03.31 22:15:49.957,0.84234,0.84248
2013.03.31 22:16:00.708,0.84234,0.84247
2013.03.31 22:16:06.467,0.84235,0.84247
2013.03.31 22:16:08.317,0.84234,0.84247
2013.03.31 22:16:20.527,0.84235,0.84247
2013.03.31 22:16:21.175,0.84235,0.84247
2013.03.31 22:16:27.837,0.84234,0.84247
2013.03.31 22:16:27.957,0.84233,0.84247
2013.03.31 22:16:30.449,0.84233,0.84247
2013.03.31 22:16:32.450,0.84233,0.84247
2013.03.31 22:16:37.860,0.84233,0.84247
2013.03.31 22:16:40.618,0.84234,0.84247
2013.03.31 22:16:40.918,0.84233,0.84247
2013.03.31 22:16:46.398,0.84232,0.84247
2013.03.31 22:16:46.517,0.84233,0.84247
2013.03.31 22:16:47.357,0.84232,0.84248
2013.03.31 22:16:49.459,0.84232,0.84251
2013.03.31 22:16:50.531,0.84233,0.8425
2013.03.31 22:16:50.718,0.84232,0.8425
2013.03.31 22:16:50.838,0.84235,0.8425
2013.03.31 22:17:00.738,0.84234,0.84251
2013.03.31 22:17:01.408,0.84235,0.84251
2013.03.31 22:17:04.460,0.84237,0.84254
2013.03.31 22:17:04.578,0.84239,0.84261
2013.03.31 22:17:04.697,0.84239,0.84262
2013.03.31 22:17:04.819,0.84243,0.84265
2013.03.31 22:17:05.180,0.84251,0.84274
2013.03.31 22:17:05.487,0.84251,0.84273
2013.03.31 22:17:06.028,0.84251,0.84273
2013.03.31 22:17:10.477,0.84248,0.84272
2013.03.31 22:17:14.939,0.84248,0.84272
2013.03.31 22:17:15.058,0.8425,0.84274
2013.03.31 22:17:18.307,0.84251,0.84274
2013.03.31 22:17:28.677,0.8425,0.84274
2013.03.31 22:17:29.220,0.84251,0.84274
2013.03.31 22:17:29.718,0.84255,0.84276
2013.03.31 22:17:29.778,0.84256,0.84277
2013.03.31 22:17:30.318,0.84258,0.8428
2013.03.31 22:17:30.687,0.84259,0.84281
2013.03.31 22:17:31.169,0.84259,0.84281
2013.03.31 22:17:31.230,0.84268,0.84283
2013.03.31 22:17:31.300,0.84271,0.84287
2013.03.31 22:17:31.368,0.84271,0.84288
2013.03.31 22:17:31.428,0.84274,0.84288
2013.03.31 22:17:31.788,0.84278,0.84299
2013.03.31 22:17:31.848,0.84278,0.84299
2013.03.31 22:17:31.969,0.84276,0.84296
2013.03.31 22:17:32.089,0.84276,0.8429
2013.03.31 22:17:32.332,0.8428,0.84301
2013.03.31 22:17:32.399,0.8428,0.84302
2013.03.31 22:17:32.459,0.84279,0.84297
2013.03.31 22:17:32.819,0.84277,0.8429
2013.03.31 22:17:33.474,0.84276,0.8429
2013.03.31 22:17:33.543,0.84264,0.8429
2013.03.31 22:17:36.688,0.84264,0.84287
2013.03.31 22:17:36.928,0.84258,0.84281
2013.03.31 22:17:36.989,0.84255,0.84281
2013.03.31 22:17:37.565,0.84256,0.84282
2013.03.31 22:17:37.648,0.84256,0.84282
2013.03.31 22:17:37.949,0.84255,0.84277
2013.03.31 22:17:38.008,0.84252,0.84274
2013.03.31 22:17:38.068,0.8425,0.84274
2013.03.31 22:17:41.698,0.8425,0.84272
2013.03.31 22:17:41.879,0.84243,0.84265
2013.03.31 22:17:42.130,0.84242,0.84267
2013.03.31 22:17:44.938,0.8424,0.84264
2013.03.31 22:17:45.648,0.8424,0.84266
2013.03.31 22:17:45.888,0.84242,0.84267
2013.03.31 22:17:46.549,0.84244,0.8427
2013.03.31 22:17:46.608,0.84246,0.84273
2013.03.31 22:17:46.668,0.84247,0.84274
2013.03.31 22:17:46.847,0.84249,0.84274
2013.03.31 22:17:48.418,0.84249,0.84275
2013.03.31 22:17:49.518,0.8425,0.84275
2013.03.31 22:17:50.047,0.84251,0.84276
2013.03.31 22:17:50.858,0.8425,0.84275
2013.03.31 22:17:51.107,0.8425,0.84276
2013.03.31 22:17:51.407,0.8425,0.84275
2013.03.31 22:17:51.918,0.84251,0.84276
2013.03.31 22:17:52.517,0.84251,0.84276
2013.03.31 22:17:53.228,0.84251,0.84276
2013.03.31 22:17:53.737,0.84251,0.84276
2013.03.31 22:17:54.569,0.84251,0.84276
2013.03.31 22:17:55.178,0.84251,0.84276
2013.03.31 22:17:56.048,0.84251,0.84276
2013.03.31 22:17:56.168,0.84249,0.84276
2013.03.31 22:17:56.227,0.84249,0.84276
2013.03.31 22:17:56.648,0.84248,0.84273
2013.03.31 22:17:56.768,0.84241,0.84277
2013.03.31 22:17:57.447,0.84241,0.84277
2013.03.31 22:17:57.748,0.84241,0.84277
2013.03.31 22:17:58.297,0.84241,0.84277
2013.03.31 22:17:58.658,0.84246,0.84273
2013.03.31 22:17:59.247,0.84246,0.84272
2013.03.31 22:17:59.428,0.84248,0.84274
2013.03.31 22:18:00.568,0.84247,0.84274
2013.03.31 22:18:00.961,0.84248,0.84272
2013.03.31 22:18:03.010,0.84249,0.84273
2013.03.31 22:18:03.069,0.8425,0.84274
2013.03.31 22:18:15.168,0.84249,0.84273
2013.03.31 22:18:20.281,0.84248,0.84272
2013.03.31 22:18:20.410,0.84247,0.8427
2013.03.31 22:18:20.949,0.84246,0.8427
2013.03.31 22:18:21.309,0.84247,0.84271
2013.03.31 22:18:23.168,0.84246,0.8427
2013.03.31 22:18:30.978,0.84246,0.8427
2013.03.31 22:18:31.418,0.84246,0.8427
2013.03.31 22:18:32.088,0.84247,0.84271
2013.03.31 22:18:33.628,0.84246,0.84272
2013.03.31 22:18:51.618,0.84245,0.84271
2013.03.31 22:18:52.771,0.84247,0.84271
2013.03.31 22:18:53.437,0.84247,0.84271
2013.03.31 22:19:01.078,0.84247,0.84271
2013.03.31 22:19:01.648,0.84246,0.84272
2013.03.31 22:19:26.297,0.84245,0.84271
2013.03.31 22:19:26.817,0.84247,0.84271
2013.03.31 22:19:28.607,0.84246,0.8427
2013.03.31 22:19:28.667,0.84246,0.84272
2013.03.31 22:19:35.748,0.84245,0.84271
2013.03.31 22:19:35.808,0.84247,0.84271
2013.03.31 22:19:36.348,0.84246,0.84272
2013.03.31 22:19:37.210,0.84246,0.8427
2013.03.31 22:19:37.822,0.84247,0.84271
2013.03.31 22:19:40.639,0.84247,0.84271
2013.03.31 22:19:41.867,0.84246,0.84272
2013.03.31 22:19:45.567,0.84246,0.8427
2013.03.31 22:19:46.277,0.84247,0.84271
2013.03.31 22:19:47.528,0.84246,0.8427
2013.03.31 22:19:48.360,0.84246,0.8427
2013.03.31 22:19:48.547,0.84246,0.84272
2013.03.31 22:19:49.698,0.84246,0.8427
2013.03.31 22:19:50.477,0.84246,0.84272
2013.03.31 22:19:58.898,0.84246,0.8427
2013.03.31 22:20:00.558,0.84247,0.84271
2013.03.31 22:20:08.510,0.84246,0.8427
2013.03.31 22:20:09.198,0.84247,0.84271
2013.03.31 22:20:09.377,0.84245,0.84271
2013.03.31 22:20:09.928,0.84246,0.84272
2013.03.31 22:20:10.948,0.84246,0.8427
2013.03.31 22:20:12.028,0.84247,0.84271
2013.03.31 22:20:16.928,0.84246,0.8427
2013.03.31 22:20:18.557,0.84247,0.84271
2013.03.31 22:20:19.357,0.84245,0.84271
2013.03.31 22:20:19.538,0.84247,0.84271
2013.03.31 22:20:28.587,0.84246,0.8427
2013.03.31 22:20:29.123,0.84246,0.84272
2013.03.31 22:20:29.667,0.84246,0.8427
2013.03.31 22:20:30.237,0.84246,0.84272
2013.03.31 22:20:41.767,0.84246,0.8427
2013.03.31 22:20:42.427,0.84247,0.84271
2013.03.31 22:20:43.198,0.84246,0.8427
2013.03.31 22:20:43.998,0.84247,0.84271
2013.03.31 22:20:47.667,0.84246,0.84272
2013.03.31 22:20:48.464,0.84246,0.8427
2013.03.31 22:20:49.138,0.84246,0.84272
2013.03.31 22:21:43.278,0.84246,0.8427
2013.03.31 22:21:43.488,0.84246,0.84272
2013.03.31 22:21:49.968,0.84245,0.84271
2013.03.31 22:21:50.298,0.84247,0.84271
2013.03.31 22:21:51.037,0.84247,0.84271
2013.03.31 22:22:10.618,0.84248,0.84271
2013.03.31 22:23:10.747,0.84243,0.84276
2013.03.31 22:23:14.237,0.84242,0.84276
2013.03.31 22:23:14.478,0.84242,0.8428
2013.03.31 22:23:20.188,0.84243,0.84276
2013.03.31 22:23:48.622,0.84242,0.84276
2013.03.31 22:23:54.607,0.8424,0.84276
2013.03.31 22:23:56.977,0.84239,0.84277
2013.03.31 22:23:59.669,0.84239,0.84273
2013.03.31 22:23:59.789,0.84239,0.84276
2013.03.31 22:24:08.120,0.84242,0.84276
2013.03.31 22:24:13.050,0.84242,0.84274
2013.03.31 22:24:13.567,0.84241,0.84274
2013.03.31 22:24:21.321,0.84241,0.84274
2013.03.31 22:24:21.827,0.84241,0.84274
2013.03.31 22:24:24.058,0.84241,0.84274
2013.03.31 22:24:26.317,0.84242,0.84271
2013.03.31 22:24:33.616,0.84242,0.84271
2013.03.31 22:24:38.958,0.84243,0.84274
2013.03.31 22:24:39.497,0.84243,0.84275
2013.03.31 22:24:40.167,0.84243,0.84275
2013.03.31 22:24:40.681,0.84243,0.84274
2013.03.31 22:24:41.227,0.84243,0.84274
2013.03.31 22:24:42.377,0.84243,0.84274
2013.03.31 22:24:42.996,0.84243,0.84274
2013.03.31 22:24:43.549,0.84243,0.84274
2013.03.31 22:24:45.697,0.84243,0.84274
2013.03.31 22:24:46.311,0.84243,0.84274
2013.03.31 22:24:48.100,0.84243,0.84274
2013.03.31 22:24:49.117,0.84243,0.84274
2013.03.31 22:24:50.257,0.84243,0.84274
2013.03.31 22:24:50.797,0.84243,0.84274
2013.03.31 22:24:51.727,0.84243,0.84274
2013.03.31 22:24:52.327,0.84243,0.84274
2013.03.31 22:24:52.839,0.84243,0.84274
2013.03.31 22:24:53.451,0.84243,0.84274
2013.03.31 22:24:53.959,0.84244,0.84274
2013.03.31 22:25:09.540,0.84239,0.84271
2013.03.31 22:25:09.850,0.84243,0.84266
2013.03.31 22:25:13.759,0.84242,0.84265
2013.03.31 22:25:14.288,0.84242,0.84265
2013.03.31 22:25:16.222,0.84242,0.84266
2013.03.31 22:25:17.689,0.8424,0.84264
2013.03.31 22:25:18.210,0.84238,0.8426
2013.03.31 22:25:19.309,0.84238,0.84262
2013.03.31 22:25:19.901,0.84238,0.84262
2013.03.31 22:25:21.740,0.84239,0.84262
2013.03.31 22:25:30.599,0.84238,0.84262
2013.03.31 22:25:31.220,0.84238,0.84262
2013.03.31 22:25:33.830,0.84238,0.84262
2013.03.31 22:25:34.009,0.84238,0.84262
2013.03.31 22:25:40.480,0.84238,0.84261
2013.03.31 22:25:41.288,0.84238,0.84263
2013.03.31 22:25:45.349,0.84237,0.84261
2013.03.31 22:25:49.257,0.84238,0.84262
2013.03.31 22:25:51.229,0.84238,0.84261
2013.03.31 22:25:51.911,0.84238,0.84262
2013.03.31 22:25:58.645,0.84237,0.84262
2013.03.31 22:26:00.660,0.84238,0.84262
2013.03.31 22:26:07.970,0.84237,0.84261
2013.03.31 22:26:10.042,0.84237,0.84261
2013.03.31 22:26:10.589,0.84237,0.84263
2013.03.31 22:26:10.929,0.84237,0.84261
2013.03.31 22:26:11.450,0.84237,0.84263
2013.03.31 22:26:12.919,0.84237,0.84261
2013.03.31 22:26:15.822,0.84238,0.84261
2013.03.31 22:26:17.063,0.84237,0.84261
2013.03.31 22:26:17.609,0.84238,0.84261
2013.03.31 22:26:18.798,0.84237,0.84261
2013.03.31 22:26:19.999,0.84238,0.84261
2013.03.31 22:26:27.789,0.84237,0.84261
2013.03.31 22:26:28.312,0.84238,0.84261
2013.03.31 22:27:28.268,0.84234,0.84265
2013.03.31 22:27:36.339,0.84237,0.84263
2013.03.31 22:27:36.400,0.84237,0.84261
2013.03.31 22:27:38.740,0.84238,0.84262
2013.03.31 22:28:19.172,0.84239,0.84262
2013.03.31 22:28:47.349,0.84239,0.84265
2013.03.31 22:29:47.607,0.84234,0.84268
2013.03.31 22:29:49.409,0.84241,0.84265
2013.03.31 22:30:09.979,0.8424,0.84265
2013.03.31 22:31:10.118,0.84239,0.84268
2013.03.31 22:31:13.847,0.84238,0.84269
2013.03.31 22:31:16.959,0.84237,0.84268
2013.03.31 22:31:17.468,0.84237,0.84268
2013.03.31 22:31:17.978,0.84238,0.84268
2013.03.31 22:31:20.196,0.84238,0.84269
2013.03.31 22:31:21.744,0.84238,0.84269
2013.03.31 22:31:22.310,0.84238,0.84269
2013.03.31 22:31:23.978,0.84236,0.84268
2013.03.31 22:31:24.499,0.84238,0.84268
2013.03.31 22:31:27.378,0.84239,0.84267
2013.03.31 22:31:31.863,0.8424,0.84266
2013.03.31 22:32:02.079,0.84243,0.84267
2013.03.31 22:32:22.800,0.84243,0.84268
2013.03.31 22:32:42.999,0.84243,0.84268
2013.03.31 22:33:03.960,0.84243,0.84268
2013.03.31 22:33:24.874,0.84243,0.84267
2013.03.31 22:33:45.969,0.84244,0.84267
2013.03.31 22:34:26.978,0.84243,0.84267
2013.03.31 22:34:47.978,0.84244,0.84268
2013.03.31 22:35:08.957,0.84243,0.84267
2013.03.31 22:36:09.159,0.8424,0.8427
2013.03.31 22:36:23.512,0.84239,0.84271
2013.03.31 22:36:23.639,0.84241,0.84271
2013.03.31 22:36:23.970,0.84241,0.84271
2013.03.31 22:36:24.339,0.84241,0.84271
2013.03.31 22:36:31.852,0.84242,0.84266
2013.03.31 22:37:03.490,0.84242,0.84266
2013.03.31 22:37:44.379,0.84244,0.84268
2013.03.31 22:38:05.015,0.84243,0.84267
2013.03.31 22:39:05.013,0.84238,0.84272
2013.03.31 22:39:33.818,0.84238,0.84273
2013.03.31 22:39:43.779,0.84238,0.84272
2013.03.31 22:39:44.801,0.84242,0.84265
2013.03.31 22:39:45.230,0.84242,0.84265
2013.03.31 22:39:45.350,0.84242,0.84265
2013.03.31 22:39:46.410,0.84242,0.84266
2013.03.31 22:39:46.915,0.84243,0.84265
2013.03.31 22:40:13.827,0.84245,0.84265
2013.03.31 22:40:22.957,0.84245,0.84265
2013.03.31 22:40:23.020,0.84243,0.84265
2013.03.31 22:40:46.790,0.84239,0.84272
2013.03.31 22:40:49.459,0.84239,0.84274
2013.03.31 22:40:49.699,0.84239,0.84271
2013.03.31 22:40:49.879,0.84239,0.84271
2013.03.31 22:40:50.419,0.84238,0.84271
2013.03.31 22:40:50.720,0.84242,0.84266
2013.03.31 22:40:51.260,0.84243,0.84267
2013.03.31 22:41:46.671,0.84243,0.84265
2013.03.31 22:41:47.030,0.84243,0.84265
2013.03.31 22:41:47.091,0.84241,0.84263
2013.03.31 22:41:47.451,0.84241,0.84265
2013.03.31 22:41:47.631,0.84243,0.84268
2013.03.31 22:41:48.051,0.84243,0.84266
2013.03.31 22:42:25.591,0.84242,0.84265
2013.03.31 22:42:29.153,0.84242,0.84266
2013.03.31 22:42:30.351,0.84242,0.84266
2013.03.31 22:42:35.771,0.84242,0.84267
2013.03.31 22:42:39.820,0.84242,0.84266
2013.03.31 22:43:26.420,0.84242,0.84265
2013.03.31 22:43:26.961,0.84241,0.84265
2013.03.31 22:43:27.201,0.84241,0.84264
2013.03.31 22:43:28.048,0.84242,0.84266
2013.03.31 22:43:28.172,0.84243,0.84268
2013.03.31 22:43:28.651,0.84245,0.84269
2013.03.31 22:43:28.952,0.84247,0.84271
2013.03.31 22:43:29.262,0.84244,0.84261
2013.03.31 22:43:29.621,0.84239,0.84261
2013.03.31 22:43:29.741,0.84241,0.84263
2013.03.31 22:43:29.921,0.84244,0.84268
2013.03.31 22:43:30.040,0.84247,0.84271
2013.03.31 22:44:30.039,0.84241,0.84276
2013.03.31 22:44:35.809,0.84241,0.84275
2013.03.31 22:44:35.990,0.84245,0.84273
2013.03.31 22:44:36.354,0.84247,0.8427
2013.03.31 22:44:37.032,0.84247,0.84271
2013.03.31 22:44:39.240,0.84246,0.8427
2013.03.31 22:45:03.781,0.84247,0.84271
2013.03.31 22:45:03.901,0.84246,0.8427
2013.03.31 22:45:26.591,0.84247,0.8427
2013.03.31 22:45:26.770,0.84247,0.84271
2013.03.31 22:45:27.971,0.84247,0.8427
2013.03.31 22:45:28.846,0.84247,0.8427
2013.03.31 22:45:32.640,0.84247,0.84271
2013.03.31 22:45:33.200,0.84245,0.84271
2013.03.31 22:45:35.400,0.84246,0.84271
2013.03.31 22:45:36.090,0.84246,0.84271
2013.03.31 22:45:38.589,0.84246,0.84272
2013.03.31 22:45:38.710,0.84246,0.8427
2013.03.31 22:45:40.359,0.84247,0.84271
2013.03.31 22:45:40.883,0.84246,0.8427
2013.03.31 22:46:08.690,0.84247,0.84271
2013.03.31 22:46:09.360,0.84246,0.8427
2013.03.31 22:46:12.210,0.84245,0.84271
2013.03.31 22:46:12.761,0.84246,0.8427
2013.03.31 22:46:13.410,0.84246,0.84272
2013.03.31 22:46:14.569,0.84245,0.84271
2013.03.31 22:46:16.270,0.84246,0.84271
2013.03.31 22:46:16.860,0.84246,0.8427
2013.03.31 22:46:16.979,0.84243,0.84269
2013.03.31 22:46:36.901,0.84243,0.84267
2013.03.31 22:47:35.590,0.84242,0.84266
2013.03.31 22:47:36.143,0.84243,0.84267
2013.03.31 22:47:36.700,0.84242,0.84266
2013.03.31 22:47:36.990,0.84242,0.84268
2013.03.31 22:47:37.550,0.84243,0.84267
2013.03.31 22:47:37.670,0.84241,0.84267
2013.03.31 22:47:38.090,0.84243,0.84267
2013.03.31 22:47:38.630,0.84242,0.84268
2013.03.31 22:47:40.081,0.84243,0.84267
2013.03.31 22:47:41.085,0.84243,0.84267
2013.03.31 22:47:51.900,0.84241,0.84267
2013.03.31 22:47:52.441,0.84242,0.84268
2013.03.31 22:47:52.891,0.84243,0.84266
2013.03.31 22:47:53.440,0.84243,0.84267
2013.03.31 22:48:41.900,0.84241,0.84265
2013.03.31 22:48:43.491,0.84242,0.84266
2013.03.31 22:48:43.981,0.84241,0.84265
2013.03.31 22:48:44.531,0.84242,0.84266
2013.03.31 22:48:45.041,0.84241,0.84265
2013.03.31 22:48:45.490,0.84242,0.84266
2013.03.31 22:48:45.677,0.84242,0.84266
2013.03.31 22:48:46.188,0.84241,0.84267
2013.03.31 22:48:46.712,0.8424,0.84266
2013.03.31 22:48:47.379,0.84242,0.84266
2013.03.31 22:48:47.880,0.84241,0.84265
2013.03.31 22:48:48.000,0.84242,0.84266
2013.03.31 22:48:48.500,0.84242,0.84266
2013.03.31 22:48:49.412,0.84242,0.84266
2013.03.31 22:48:49.531,0.8424,0.84266
2013.03.31 22:48:50.060,0.84242,0.84266
2013.03.31 22:48:50.571,0.84241,0.84265
2013.03.31 22:48:50.976,0.84243,0.84267
2013.03.31 22:49:00.571,0.84241,0.84265
2013.03.31 22:49:02.031,0.84242,0.84266
2013.03.31 22:49:02.580,0.8424,0.84266
2013.03.31 22:49:03.021,0.84242,0.84266
2013.03.31 22:49:03.560,0.84241,0.84265
2013.03.31 22:49:03.970,0.84241,0.84267
2013.03.31 22:49:04.530,0.84241,0.84265
2013.03.31 22:49:05.092,0.84242,0.84266
2013.03.31 22:49:05.530,0.84241,0.84265
2013.03.31 22:49:06.090,0.84242,0.84266
2013.03.31 22:49:06.530,0.84241,0.84265
2013.03.31 22:49:07.041,0.84242,0.84266
2013.03.31 22:49:07.811,0.84241,0.84265
2013.03.31 22:49:31.689,0.84241,0.84264
2013.03.31 22:49:38.630,0.84241,0.84264
2013.03.31 22:49:48.710,0.8424,0.84263
2013.03.31 22:49:49.220,0.84241,0.84265
2013.03.31 22:49:50.051,0.8424,0.84263
2013.03.31 22:49:50.590,0.84241,0.84265
2013.03.31 22:49:51.221,0.8424,0.84264
2013.03.31 22:49:51.842,0.84241,0.84264
2013.03.31 22:50:04.801,0.84241,0.84263
2013.03.31 22:50:04.980,0.84241,0.84265
2013.03.31 22:50:05.451,0.84241,0.84263
2013.03.31 22:50:06.010,0.84241,0.84265
2013.03.31 22:50:09.711,0.84241,0.84264
2013.03.31 22:50:10.338,0.84241,0.84264
2013.03.31 22:50:11.581,0.8424,0.84264
2013.03.31 22:50:12.121,0.84241,0.84264
2013.03.31 22:50:18.654,0.84241,0.84265
2013.03.31 22:50:35.951,0.8424,0.84263
2013.03.31 22:50:36.509,0.84241,0.84264
2013.03.31 22:50:38.088,0.84241,0.84263
2013.03.31 22:50:38.331,0.84241,0.84265
2013.03.31 22:50:41.263,0.84238,0.84264
2013.03.31 22:50:41.450,0.8424,0.84263
2013.03.31 22:50:43.120,0.84239,0.84264
2013.03.31 22:50:43.480,0.84239,0.84263
2013.03.31 22:50:44.020,0.8424,0.84263
2013.03.31 22:50:44.080,0.84239,0.84263
2013.03.31 22:50:44.729,0.84239,0.84265
2013.03.31 22:50:45.490,0.8424,0.84264
2013.03.31 22:50:46.050,0.8424,0.84264
2013.03.31 22:50:46.601,0.84242,0.84264
2013.03.31 22:51:07.012,0.8424,0.84266
2013.03.31 22:51:09.951,0.84241,0.84266
2013.03.31 22:51:10.071,0.84244,0.84268
2013.03.31 22:51:10.130,0.84244,0.8427
2013.03.31 22:51:13.092,0.84246,0.8427
2013.03.31 22:51:13.152,0.84247,0.84271
2013.03.31 22:51:13.691,0.84247,0.84271
2013.03.31 22:51:16.851,0.84248,0.84272
2013.03.31 22:51:16.971,0.8425,0.84274
2013.03.31 22:51:17.092,0.84249,0.84273
2013.03.31 22:51:17.151,0.8425,0.84273
2013.03.31 22:51:18.812,0.84253,0.84276
2013.03.31 22:51:18.873,0.84254,0.84278
2013.03.31 22:51:18.932,0.84256,0.84278
2013.03.31 22:51:28.161,0.84257,0.84281
2013.03.31 22:51:48.562,0.8426,0.84283
2013.03.31 22:51:48.621,0.8426,0.84286
2013.03.31 22:52:23.093,0.84262,0.84288
2013.03.31 22:52:43.972,0.84261,0.84286
2013.03.31 22:52:45.571,0.84258,0.84283
2013.03.31 22:52:47.022,0.84258,0.84284
2013.03.31 22:52:47.591,0.84258,0.84282
2013.03.31 22:52:48.971,0.84259,0.84282
2013.03.31 22:52:49.521,0.84259,0.84282
2013.03.31 22:52:51.304,0.8426,0.84284
2013.03.31 22:52:51.842,0.84259,0.84283
2013.03.31 22:52:52.393,0.8426,0.84284
2013.03.31 22:52:57.273,0.84262,0.84286
2013.03.31 22:53:05.112,0.84267,0.84291
2013.03.31 22:53:25.512,0.84268,0.84294
2013.03.31 22:53:32.031,0.84268,0.84292
2013.03.31 22:53:32.581,0.84269,0.84293
2013.03.31 22:53:34.081,0.84267,0.84293
2013.03.31 22:53:34.522,0.84269,0.84293
2013.03.31 22:53:34.963,0.84267,0.84293
2013.03.31 22:53:38.152,0.84269,0.84295
2013.03.31 22:53:41.623,0.84269,0.84293
2013.03.31 22:53:43.026,0.84269,0.84293
2013.03.31 22:53:43.391,0.84267,0.84293
2013.03.31 22:53:43.704,0.84269,0.84293
2013.03.31 22:54:00.372,0.84268,0.84292
2013.03.31 22:54:01.673,0.84269,0.84293
2013.03.31 22:54:02.573,0.84272,0.84296
2013.03.31 22:54:07.901,0.84274,0.84298
2013.03.31 22:54:29.522,0.84279,0.84301
2013.03.31 22:54:40.354,0.84276,0.843
2013.03.31 22:54:47.532,0.84277,0.843
2013.03.31 22:54:47.652,0.84277,0.84301
2013.03.31 22:54:48.569,0.84277,0.843
2013.03.31 22:55:15.334,0.84276,0.843
2013.03.31 22:55:38.746,0.84277,0.84301
2013.03.31 22:55:42.493,0.84276,0.843
2013.03.31 22:55:55.163,0.84276,0.84298
2013.03.31 22:55:55.522,0.84276,0.84298
2013.03.31 22:55:56.061,0.84276,0.84298
2013.03.31 22:55:56.321,0.84274,0.84296
2013.03.31 22:55:56.832,0.84273,0.84295
2013.03.31 22:56:02.323,0.84273,0.84297
2013.03.31 22:56:03.694,0.84273,0.84297
2013.03.31 22:56:05.282,0.84274,0.84296
2013.03.31 22:56:06.663,0.84274,0.84296
2013.03.31 22:56:08.653,0.84273,0.84296
2013.03.31 22:56:08.713,0.84274,0.84296
2013.03.31 22:56:09.532,0.84273,0.84296
2013.03.31 22:56:09.592,0.84274,0.84296
2013.03.31 22:56:10.282,0.84273,0.84296
2013.03.31 22:56:10.402,0.84274,0.84296
2013.03.31 22:56:10.462,0.84274,0.84296
2013.03.31 22:56:11.022,0.84273,0.84297
2013.03.31 22:56:12.032,0.84273,0.84296
2013.03.31 22:56:12.543,0.84274,0.84297
2013.03.31 22:56:12.906,0.84271,0.84293
2013.03.31 22:56:13.092,0.84271,0.84293
2013.03.31 22:56:24.615,0.84271,0.84293
2013.03.31 22:56:32.933,0.8427,0.84293
2013.03.31 22:56:52.724,0.84268,0.84291
2013.03.31 22:57:12.731,0.84265,0.84289
2013.03.31 22:57:42.443,0.84267,0.84288
2013.03.31 22:57:48.752,0.84266,0.84288
2013.03.31 22:57:49.291,0.84267,0.84288
2013.03.31 22:57:49.413,0.84266,0.84288
2013.03.31 22:57:50.423,0.84266,0.84289
2013.03.31 22:57:57.373,0.84266,0.84289
2013.03.31 22:57:57.502,0.84266,0.8429
2013.03.31 22:58:00.187,0.84264,0.84294
2013.03.31 22:58:00.262,0.84265,0.84293
2013.03.31 22:59:00.289,0.84265,0.84293
2013.03.31 22:59:02.562,0.84265,0.84292
2013.03.31 22:59:03.339,0.84265,0.84292
2013.03.31 22:59:05.410,0.84265,0.84292
2013.03.31 22:59:06.089,0.84265,0.84292
2013.03.31 22:59:09.970,0.84265,0.84292
2013.03.31 22:59:16.880,0.84265,0.84292
2013.03.31 22:59:19.729,0.84265,0.84292
2013.03.31 22:59:24.938,0.84265,0.84292
2013.03.31 22:59:34.757,0.84265,0.84292
2013.03.31 22:59:39.902,0.84265,0.84292
2013.03.31 22:59:50.318,0.84265,0.84292
2013.03.31 22:59:54.762,0.84265,0.84292
2013.03.31 22:59:59.476,0.84265,0.84292
2013.03.31 23:00:04.821,0.84265,0.84292
2013.03.31 23:00:05.779,0.84264,0.84295
2013.03.31 23:00:07.061,0.84264,0.8429
2013.03.31 23:00:07.373,0.84262,0.84285
2013.03.31 23:00:07.733,0.84262,0.84285
2013.03.31 23:00:08.393,0.84257,0.84282
2013.03.31 23:00:08.963,0.8426,0.84285
2013.03.31 23:00:09.981,0.8426,0.84285
2013.03.31 23:00:15.422,0.84258,0.84282
2013.03.31 23:00:16.193,0.84259,0.84286
2013.03.31 23:00:16.432,0.84256,0.84283
2013.03.31 23:00:16.973,0.84259,0.84284
2013.03.31 23:00:17.393,0.84253,0.84279
2013.03.31 23:00:17.452,0.84256,0.84281
2013.03.31 23:00:17.572,0.84256,0.84279
2013.03.31 23:00:20.628,0.84253,0.84274
2013.03.31 23:00:21.003,0.84253,0.84274
2013.03.31 23:00:21.552,0.84252,0.84273
2013.03.31 23:00:22.660,0.84252,0.84274
2013.03.31 23:00:23.250,0.84252,0.84276
2013.03.31 23:00:25.328,0.84247,0.84277
2013.03.31 23:00:30.642,0.84247,0.84277
2013.03.31 23:00:34.819,0.84253,0.84277
2013.03.31 23:00:42.092,0.84253,0.84277
2013.03.31 23:00:55.473,0.84251,0.84277
2013.03.31 23:00:57.113,0.84251,0.84277
2013.03.31 23:00:57.392,0.84251,0.84274
2013.03.31 23:00:57.452,0.84248,0.84272
2013.03.31 23:00:57.992,0.84248,0.84272
2013.03.31 23:00:58.111,0.84248,0.84272
2013.03.31 23:00:58.895,0.84243,0.84265
2013.03.31 23:00:59.202,0.84241,0.84265
2013.03.31 23:01:02.182,0.84241,0.84265
2013.03.31 23:01:06.743,0.84241,0.84269
2013.03.31 23:01:08.051,0.84244,0.8427
2013.03.31 23:01:08.352,0.84244,0.8427
2013.03.31 23:01:08.781,0.84244,0.84269
2013.03.31 23:01:40.192,0.84243,0.84274
2013.03.31 23:01:40.974,0.84246,0.84274
2013.03.31 23:02:12.842,0.84246,0.84275
2013.03.31 23:02:34.733,0.84251,0.84276
2013.03.31 23:02:34.972,0.84254,0.84277
2013.03.31 23:02:35.032,0.84257,0.84278
2013.03.31 23:02:35.333,0.8426,0.8428
2013.03.31 23:02:36.198,0.84261,0.84285
2013.03.31 23:02:59.954,0.84262,0.84288
2013.03.31 23:03:01.714,0.84267,0.84293
2013.03.31 23:03:02.083,0.84272,0.84296
2013.03.31 23:03:02.143,0.84272,0.84296
2013.03.31 23:03:03.937,0.84272,0.84301
2013.03.31 23:03:04.184,0.84277,0.84301
2013.03.31 23:03:04.962,0.84278,0.84305
2013.03.31 23:03:05.503,0.84278,0.84307
2013.03.31 23:03:09.214,0.84277,0.84305
2013.03.31 23:03:09.762,0.84278,0.84303
2013.03.31 23:03:17.725,0.84278,0.84303
2013.03.31 23:03:17.798,0.84262,0.8429
2013.03.31 23:03:20.652,0.84263,0.8429
2013.03.31 23:03:20.712,0.84265,0.8429
2013.03.31 23:03:21.253,0.84268,0.84295
2013.03.31 23:03:21.791,0.84267,0.84292
2013.03.31 23:03:22.352,0.84268,0.84295
2013.03.31 23:03:30.162,0.84269,0.84295
2013.03.31 23:03:30.223,0.84269,0.843
2013.03.31 23:03:30.583,0.84273,0.843
2013.03.31 23:03:30.703,0.84273,0.84299
2013.03.31 23:03:30.942,0.84273,0.84299
2013.03.31 23:03:31.123,0.84272,0.843
2013.03.31 23:03:31.643,0.84272,0.84299
2013.03.31 23:03:33.703,0.8427,0.84297
2013.03.31 23:03:34.416,0.84269,0.84296
2013.03.31 23:03:36.047,0.84269,0.84296
2013.03.31 23:03:38.242,0.84269,0.84296
2013.03.31 23:03:38.642,0.84268,0.84293
2013.03.31 23:03:38.822,0.84266,0.84292
2013.03.31 23:03:39.244,0.84266,0.84291
2013.03.31 23:03:39.373,0.84262,0.84292
2013.03.31 23:03:39.912,0.84263,0.8429
2013.03.31 23:03:50.155,0.84263,0.84291
2013.03.31 23:03:50.464,0.84264,0.84294
2013.03.31 23:03:51.322,0.84263,0.84291
2013.03.31 23:03:54.182,0.84263,0.84292
2013.03.31 23:03:54.723,0.84265,0.84294
2013.03.31 23:03:55.233,0.84266,0.84294
2013.03.31 23:03:57.476,0.84266,0.84294
2013.03.31 23:03:58.057,0.84267,0.84295
2013.03.31 23:04:15.423,0.8427,0.84297
2013.03.31 23:04:15.962,0.84274,0.84302
2013.03.31 23:04:30.052,0.84276,0.84302
2013.03.31 23:04:59.672,0.84277,0.84303
2013.03.31 23:05:02.643,0.84278,0.84306
2013.03.31 23:05:03.002,0.8428,0.84307
2013.03.31 23:05:04.245,0.84282,0.84305
2013.03.31 23:05:05.612,0.84282,0.84307
2013.03.31 23:05:08.434,0.84278,0.84306
2013.03.31 23:05:09.693,0.84279,0.84304
2013.03.31 23:05:10.233,0.84281,0.84308
2013.03.31 23:05:11.266,0.84281,0.84308
2013.03.31 23:05:43.700,0.84279,0.84305
2013.03.31 23:05:54.093,0.84276,0.84302
2013.03.31 23:06:54.108,0.84275,0.84303
2013.03.31 23:06:58.081,0.84273,0.84302
2013.03.31 23:06:58.761,0.84274,0.84302
2013.03.31 23:06:59.081,0.84274,0.84303
2013.03.31 23:06:59.663,0.84274,0.84303
2013.03.31 23:07:08.562,0.84273,0.84303
2013.03.31 23:07:09.671,0.84275,0.84303
2013.03.31 23:07:10.366,0.84275,0.84303
2013.03.31 23:07:11.072,0.84275,0.84303
2013.03.31 23:07:11.729,0.84275,0.84303
2013.03.31 23:07:12.536,0.84274,0.84303
2013.03.31 23:07:13.148,0.84274,0.84302
2013.03.31 23:07:20.641,0.84274,0.84302
2013.03.31 23:07:23.202,0.84274,0.84302
2013.03.31 23:07:23.888,0.84275,0.84302
2013.03.31 23:07:23.951,0.84273,0.84302
2013.03.31 23:07:25.651,0.84273,0.84302
2013.03.31 23:07:28.721,0.84273,0.84302
2013.03.31 23:07:30.451,0.84274,0.84302
2013.03.31 23:07:31.610,0.84274,0.84302
2013.03.31 23:07:33.084,0.84274,0.84301
2013.03.31 23:07:38.132,0.84275,0.84301
2013.03.31 23:07:40.471,0.84274,0.84301
2013.03.31 23:07:42.421,0.84275,0.84297
2013.03.31 23:08:11.402,0.84273,0.84295
2013.03.31 23:08:11.953,0.84272,0.84295
2013.03.31 23:08:20.353,0.84272,0.84293
2013.03.31 23:08:20.894,0.84272,0.84293
2013.03.31 23:08:21.663,0.84271,0.84293
2013.03.31 23:08:22.653,0.84272,0.84294
2013.03.31 23:08:23.593,0.84268,0.84293
2013.03.31 23:08:23.953,0.84268,0.84289
2013.03.31 23:08:24.074,0.84268,0.84289
2013.03.31 23:08:24.194,0.84264,0.84289
2013.03.31 23:08:24.314,0.84266,0.8429
2013.03.31 23:08:25.123,0.84265,0.84288
2013.03.31 23:09:10.984,0.84269,0.84292
2013.03.31 23:09:11.462,0.8427,0.84294
2013.03.31 23:09:12.874,0.84271,0.84297
2013.03.31 23:09:16.942,0.84273,0.84293
2013.03.31 23:09:17.123,0.84271,0.84292
2013.03.31 23:09:17.663,0.84267,0.84289
2013.03.31 23:09:17.844,0.84267,0.84287
2013.03.31 23:09:18.655,0.84269,0.8429
2013.03.31 23:09:19.356,0.8427,0.84296
2013.03.31 23:09:23.153,0.8427,0.84295
2013.03.31 23:09:33.172,0.84271,0.84295
2013.03.31 23:09:39.392,0.84271,0.84294
2013.03.31 23:10:11.213,0.84271,0.84291
2013.03.31 23:10:11.752,0.84268,0.84289
2013.03.31 23:10:18.113,0.84267,0.84289
2013.03.31 23:10:18.412,0.84266,0.84294
2013.03.31 23:10:18.473,0.84263,0.84292
2013.03.31 23:10:18.654,0.84264,0.84286
2013.03.31 23:10:24.392,0.84265,0.84285
2013.03.31 23:10:31.960,0.84265,0.84284
2013.03.31 23:10:34.142,0.84265,0.84284
2013.03.31 23:10:34.683,0.84265,0.84284
2013.03.31 23:10:35.305,0.84265,0.84284
2013.03.31 23:10:35.634,0.84269,0.84284
2013.03.31 23:10:36.434,0.84268,0.84284
2013.03.31 23:10:41.023,0.84269,0.84284
2013.03.31 23:10:41.263,0.84267,0.84284
2013.03.31 23:10:41.803,0.84268,0.84284
2013.03.31 23:10:42.440,0.84269,0.84284
2013.03.31 23:10:43.302,0.84268,0.84284
2013.03.31 23:10:43.866,0.84267,0.84284
2013.03.31 23:10:44.113,0.84269,0.84284
2013.03.31 23:10:48.053,0.84268,0.84284
2013.03.31 23:10:48.602,0.84268,0.84284
2013.03.31 23:10:49.828,0.84269,0.84284
2013.03.31 23:10:51.264,0.84269,0.84284
2013.03.31 23:10:51.813,0.84268,0.84284
2013.03.31 23:10:52.493,0.84268,0.84284
2013.03.31 23:10:55.405,0.8427,0.84292
2013.03.31 23:10:55.535,0.84272,0.84293
2013.03.31 23:10:55.895,0.84274,0.84293
2013.03.31 23:11:02.333,0.84273,0.84293
2013.03.31 23:11:02.932,0.84274,0.84294
2013.03.31 23:11:26.824,0.84274,0.84296
2013.03.31 23:11:27.183,0.84276,0.84297
2013.03.31 23:11:27.725,0.84278,0.84297
2013.03.31 23:11:28.229,0.84279,0.84298
2013.03.31 23:11:29.092,0.84279,0.84298
2013.03.31 23:11:29.874,0.84279,0.84298
2013.03.31 23:11:33.295,0.84279,0.84297
2013.03.31 23:11:33.356,0.84277,0.84296
2013.03.31 23:11:33.485,0.84277,0.84296
2013.03.31 23:11:51.584,0.84276,0.84296
2013.03.31 23:11:53.324,0.84275,0.84296
2013.03.31 23:11:55.664,0.84275,0.84296
2013.03.31 23:11:56.295,0.84274,0.84296
2013.03.31 23:11:57.534,0.84276,0.84297
2013.03.31 23:11:58.133,0.84274,0.84296
2013.03.31 23:11:58.983,0.84276,0.84296
2013.03.31 23:11:59.623,0.84274,0.84296
2013.03.31 23:12:00.173,0.84275,0.84295
2013.03.31 23:12:01.643,0.84276,0.84296
2013.03.31 23:12:01.703,0.84274,0.84296
2013.03.31 23:12:02.463,0.84276,0.84297
2013.03.31 23:12:03.593,0.84275,0.84296
2013.03.31 23:12:04.383,0.84275,0.84296
2013.03.31 23:12:04.923,0.84275,0.84296
2013.03.31 23:12:04.983,0.84276,0.84296
2013.03.31 23:12:05.223,0.84274,0.84296
2013.03.31 23:12:05.763,0.84275,0.84295
2013.03.31 23:12:06.315,0.84274,0.84296
2013.03.31 23:12:06.984,0.84276,0.84296
2013.03.31 23:12:07.104,0.84276,0.84296
2013.03.31 23:12:07.643,0.84275,0.84296
2013.03.31 23:12:08.273,0.84276,0.84296
2013.03.31 23:12:08.813,0.84275,0.84296
2013.03.31 23:12:09.443,0.84274,0.84296
2013.03.31 23:12:09.954,0.84275,0.84295
2013.03.31 23:12:10.652,0.84276,0.84296
2013.03.31 23:12:12.078,0.84276,0.84296
2013.03.31 23:12:12.624,0.84276,0.84296
2013.03.31 23:12:13.474,0.84274,0.84295
2013.03.31 23:12:13.594,0.84276,0.84295
2013.03.31 23:12:14.495,0.84275,0.84295
2013.03.31 23:12:15.133,0.84275,0.84295
2013.03.31 23:12:15.675,0.84275,0.84295
2013.03.31 23:12:15.736,0.84276,0.84296
2013.03.31 23:12:15.924,0.84277,0.84297
2013.03.31 23:12:17.225,0.84277,0.84297
2013.03.31 23:12:17.773,0.84277,0.84298
2013.03.31 23:12:18.406,0.84277,0.84298
2013.03.31 23:12:22.164,0.84277,0.84297
2013.03.31 23:12:26.194,0.84277,0.84298
2013.03.31 23:12:42.963,0.84277,0.84299
2013.03.31 23:13:26.309,0.84277,0.84299
2013.03.31 23:13:29.804,0.84277,0.84297
2013.03.31 23:13:31.044,0.84275,0.84294
2013.03.31 23:13:32.926,0.84275,0.84295
2013.03.31 23:13:32.996,0.84277,0.84297
2013.03.31 23:13:50.604,0.84276,0.84296
2013.03.31 23:13:50.784,0.84275,0.84294
2013.03.31 23:13:51.730,0.84276,0.84294
2013.03.31 23:13:54.825,0.84276,0.84294
2013.03.31 23:13:55.373,0.84275,0.84294
2013.03.31 23:13:58.504,0.84275,0.84294
2013.03.31 23:13:58.906,0.84275,0.84294
2013.03.31 23:14:12.255,0.84276,0.84293
2013.03.31 23:14:12.553,0.84275,0.84293
2013.03.31 23:14:13.533,0.84273,0.84293
2013.03.31 23:14:37.506,0.84273,0.84293
2013.03.31 23:14:37.693,0.84273,0.84293
2013.03.31 23:15:13.616,0.84269,0.84293
2013.03.31 23:15:40.244,0.84268,0.84294
2013.03.31 23:15:41.112,0.84268,0.84294
2013.03.31 23:15:41.482,0.84268,0.84296
2013.03.31 23:15:45.873,0.84268,0.84294
2013.03.31 23:15:46.234,0.84271,0.84292
2013.03.31 23:15:46.601,0.8427,0.84292
2013.03.31 23:15:46.676,0.8427,0.84291
2013.03.31 23:15:49.073,0.8427,0.84292
2013.03.31 23:16:06.125,0.84269,0.84291
2013.03.31 23:16:06.651,0.8427,0.8429
2013.03.31 23:16:10.122,0.8427,0.84291
2013.03.31 23:16:13.624,0.84271,0.84291
2013.03.31 23:16:14.362,0.8427,0.84291
2013.03.31 23:16:14.427,0.84271,0.84291
2013.03.31 23:16:14.785,0.84277,0.84291
2013.03.31 23:16:18.096,0.84277,0.84292
2013.03.31 23:16:51.656,0.84278,0.84292
2013.03.31 23:16:56.157,0.84278,0.84293
2013.03.31 23:16:56.476,0.84275,0.84289
2013.03.31 23:16:57.026,0.84273,0.84289
2013.03.31 23:16:59.725,0.84271,0.84287
2013.03.31 23:17:00.795,0.84271,0.84287
2013.03.31 23:17:18.528,0.8427,0.84283
2013.03.31 23:17:37.987,0.84268,0.8428
2013.03.31 23:17:38.176,0.84268,0.8428
2013.03.31 23:17:38.356,0.84265,0.8428
2013.03.31 23:17:39.583,0.84265,0.8428
2013.03.31 23:18:00.224,0.84257,0.84271
2013.03.31 23:18:00.537,0.84257,0.8427
2013.03.31 23:18:04.466,0.84255,0.84274
2013.03.31 23:18:08.665,0.84253,0.84271
2013.03.31 23:18:09.212,0.84252,0.84271
2013.03.31 23:18:09.705,0.84249,0.84269
2013.03.31 23:18:10.207,0.8425,0.84268
2013.03.31 23:18:10.457,0.84251,0.84271
2013.03.31 23:18:10.585,0.84251,0.84269
2013.03.31 23:18:12.917,0.84251,0.84271
2013.03.31 23:18:16.686,0.84251,0.8427
2013.03.31 23:18:16.877,0.8425,0.8427
2013.03.31 23:18:23.944,0.84251,0.84272
2013.03.31 23:18:24.125,0.84254,0.84273
2013.03.31 23:18:24.245,0.84256,0.84276
2013.03.31 23:18:24.425,0.84258,0.84279
2013.03.31 23:18:24.616,0.84261,0.84282
2013.03.31 23:18:24.924,0.84262,0.84282
2013.03.31 23:18:25.445,0.84263,0.84285
2013.03.31 23:18:26.266,0.84264,0.84284
2013.03.31 23:18:26.875,0.84264,0.84284
2013.03.31 23:18:31.945,0.84264,0.84284
2013.03.31 23:18:32.704,0.84264,0.84284
2013.03.31 23:18:36.454,0.84264,0.84284
2013.03.31 23:18:36.635,0.84264,0.84284
2013.03.31 23:18:40.106,0.84264,0.84284
2013.03.31 23:18:40.445,0.84264,0.84284
2013.03.31 23:18:46.973,0.84265,0.84285
2013.03.31 23:18:58.254,0.84265,0.84285
2013.03.31 23:19:07.915,0.84265,0.84285
2013.03.31 23:19:08.095,0.84265,0.84286
2013.03.31 23:19:11.435,0.84266,0.84287
2013.03.31 23:19:14.554,0.84266,0.84287
2013.03.31 23:19:14.676,0.84266,0.84287
2013.03.31 23:19:14.746,0.84267,0.84288
2013.03.31 23:19:15.336,0.84267,0.84288
2013.03.31 23:19:34.925,0.84267,0.84289
2013.03.31 23:19:57.468,0.84267,0.84287
2013.03.31 23:19:57.775,0.84266,0.84286
2013.03.31 23:19:58.315,0.84267,0.84287
2013.03.31 23:20:05.894,0.84267,0.84287
2013.03.31 23:20:07.004,0.84267,0.84287
2013.03.31 23:20:18.464,0.84269,0.84289
2013.03.31 23:20:23.904,0.84269,0.8429
2013.03.31 23:20:24.444,0.84269,0.84291
2013.03.31 23:21:00.044,0.8427,0.84291
2013.03.31 23:21:16.784,0.84271,0.84292
2013.03.31 23:21:19.935,0.84273,0.84294
2013.03.31 23:21:30.566,0.84274,0.84295
2013.03.31 23:21:30.686,0.84273,0.84294
2013.03.31 23:21:30.866,0.84275,0.84294
2013.03.31 23:21:31.464,0.84276,0.84296
2013.03.31 23:21:39.614,0.84275,0.84296
2013.03.31 23:21:40.504,0.84275,0.84297
2013.03.31 23:21:42.994,0.84275,0.84296
2013.03.31 23:21:43.904,0.84276,0.84296
2013.03.31 23:21:44.334,0.84274,0.84296
2013.03.31 23:21:45.184,0.84275,0.84295
2013.03.31 23:21:51.115,0.84276,0.84296
2013.03.31 23:21:51.324,0.84274,0.84296
2013.03.31 23:22:00.474,0.84276,0.84297
2013.03.31 23:22:06.155,0.84275,0.84295
2013.03.31 23:22:06.785,0.84276,0.84296
2013.03.31 23:22:07.372,0.84275,0.84295
2013.03.31 23:22:10.124,0.84276,0.84297
2013.03.31 23:22:29.306,0.84277,0.84294
2013.03.31 23:22:34.426,0.84277,0.84297
2013.03.31 23:22:35.187,0.84277,0.84295
2013.03.31 23:22:38.105,0.84276,0.84295
2013.03.31 23:23:00.105,0.84276,0.84296
2013.03.31 23:23:00.646,0.84277,0.84296
2013.03.31 23:23:03.764,0.84276,0.84296
2013.03.31 23:23:04.524,0.84277,0.84296
2013.03.31 23:23:05.905,0.84277,0.84296
2013.03.31 23:23:08.965,0.84277,0.84296
2013.03.31 23:23:35.169,0.84277,0.84297
2013.03.31 23:23:47.999,0.84277,0.84296
2013.03.31 23:23:53.730,0.84276,0.84296
2013.03.31 23:24:48.083,0.84274,0.84296
2013.03.31 23:24:48.411,0.84271,0.84296
2013.03.31 23:24:53.796,0.84271,0.84301
2013.03.31 23:24:53.855,0.84271,0.84296
2013.03.31 23:24:54.793,0.84271,0.84296
2013.03.31 23:25:05.104,0.84271,0.84296
2013.03.31 23:25:22.354,0.84274,0.84299
2013.03.31 23:25:22.714,0.84277,0.84297
2013.03.31 23:25:24.074,0.84276,0.84296
2013.03.31 23:26:22.504,0.84276,0.84298
2013.03.31 23:26:24.162,0.84272,0.84299
2013.03.31 23:26:39.915,0.84277,0.84298
2013.03.31 23:26:39.974,0.84276,0.84298
2013.03.31 23:27:14.882,0.84277,0.84299
2013.03.31 23:27:16.797,0.84276,0.84298
2013.03.31 23:27:17.244,0.8428,0.84298
2013.03.31 23:27:31.204,0.8428,0.84297
2013.03.31 23:27:34.733,0.8428,0.84297
2013.03.31 23:27:49.846,0.8428,0.84297
2013.03.31 23:27:54.285,0.8428,0.84297
2013.03.31 23:28:16.565,0.84279,0.84297
2013.03.31 23:28:21.766,0.8428,0.84297
2013.03.31 23:28:36.825,0.8428,0.84298
2013.03.31 23:28:37.126,0.8428,0.84296
2013.03.31 23:28:39.786,0.84278,0.84296
2013.03.31 23:28:39.845,0.84277,0.84296
2013.03.31 23:29:34.985,0.84277,0.84295
2013.03.31 23:29:35.406,0.84273,0.84293
2013.03.31 23:30:35.398,0.84273,0.84296
2013.03.31 23:30:36.751,0.84273,0.84297
2013.03.31 23:30:36.995,0.84273,0.84294
2013.03.31 23:31:26.498,0.84272,0.84293
2013.03.31 23:31:26.628,0.84274,0.84292
2013.03.31 23:31:26.937,0.84271,0.84291
2013.03.31 23:31:27.056,0.8427,0.84291
2013.03.31 23:31:27.417,0.84268,0.84286
2013.03.31 23:31:27.977,0.84267,0.84286
2013.03.31 23:31:28.536,0.84267,0.84286
2013.03.31 23:31:29.346,0.84267,0.84286
2013.03.31 23:31:32.047,0.84267,0.84287
2013.03.31 23:31:34.676,0.84267,0.84288
2013.03.31 23:31:35.177,0.84267,0.84287
2013.03.31 23:31:35.558,0.84267,0.84287
2013.03.31 23:31:36.117,0.84267,0.84286
2013.03.31 23:31:36.238,0.84267,0.84285
2013.03.31 23:31:37.517,0.84267,0.84285
2013.03.31 23:31:38.161,0.84266,0.84285
2013.03.31 23:31:38.646,0.84266,0.84286
2013.03.31 23:31:38.957,0.84266,0.84286
2013.03.31 23:31:39.557,0.84266,0.84287
2013.03.31 23:31:39.977,0.84267,0.84286
2013.03.31 23:31:40.486,0.84265,0.84287
2013.03.31 23:31:42.966,0.84267,0.84287
2013.03.31 23:31:43.867,0.84268,0.84288
2013.03.31 23:31:48.695,0.84268,0.84288
2013.03.31 23:32:03.673,0.84268,0.84288
2013.03.31 23:32:11.106,0.84267,0.84287
2013.03.31 23:32:31.856,0.84266,0.84287
2013.03.31 23:32:32.393,0.84267,0.84287
2013.03.31 23:32:32.917,0.84266,0.84287
2013.03.31 23:32:33.515,0.84267,0.84287
2013.03.31 23:32:34.466,0.84267,0.84287
2013.03.31 23:32:35.256,0.84267,0.84287
2013.03.31 23:32:35.808,0.84266,0.84287
2013.03.31 23:32:56.576,0.84267,0.84288
2013.03.31 23:32:57.527,0.84267,0.84288
2013.03.31 23:32:59.255,0.84267,0.84288
2013.03.31 23:32:59.436,0.84267,0.84288
2013.03.31 23:33:04.376,0.84267,0.84288
2013.03.31 23:33:11.046,0.84267,0.84287
2013.03.31 23:33:11.556,0.84267,0.84287
2013.03.31 23:33:11.946,0.84265,0.84286
2013.03.31 23:33:12.466,0.84265,0.84286
2013.03.31 23:33:27.467,0.84265,0.84285
2013.03.31 23:33:28.279,0.84264,0.84283
2013.03.31 23:33:43.096,0.84265,0.84283
2013.03.31 23:33:43.757,0.84265,0.84283
2013.03.31 23:33:52.898,0.84265,0.84283
2013.03.31 23:33:53.446,0.84265,0.84283
2013.03.31 23:34:13.737,0.84264,0.84285
2013.03.31 23:34:14.287,0.84263,0.84284
2013.03.31 23:34:14.860,0.84263,0.84282
2013.03.31 23:34:35.957,0.84263,0.84282
2013.03.31 23:34:49.458,0.84263,0.84283
2013.03.31 23:35:09.917,0.84265,0.84283
2013.03.31 23:35:23.950,0.84266,0.84283
2013.03.31 23:35:46.498,0.84266,0.84283
2013.03.31 23:36:06.887,0.84266,0.84284
2013.03.31 23:36:09.927,0.84266,0.84284
2013.03.31 23:36:10.876,0.84266,0.84284
2013.03.31 23:36:17.917,0.84268,0.84285
2013.03.31 23:36:24.436,0.84268,0.84286
2013.03.31 23:36:28.557,0.84268,0.84286
2013.03.31 23:36:30.119,0.84268,0.84286
2013.03.31 23:36:38.266,0.84268,0.84286
2013.03.31 23:36:41.619,0.84269,0.84286
2013.03.31 23:36:49.027,0.84269,0.84287
2013.03.31 23:36:49.736,0.8427,0.84287
2013.03.31 23:36:52.907,0.8427,0.84287
2013.03.31 23:36:55.836,0.8427,0.84287
2013.03.31 23:36:56.387,0.8427,0.84287
2013.03.31 23:37:04.427,0.8427,0.84287
2013.03.31 23:38:04.339,0.84269,0.84287
2013.03.31 23:38:23.466,0.84269,0.84287
2013.03.31 23:38:24.007,0.84269,0.84286
2013.03.31 23:38:24.547,0.84267,0.84285
2013.03.31 23:38:25.058,0.84268,0.84285
2013.03.31 23:38:30.177,0.84268,0.84285
2013.03.31 23:39:04.297,0.84268,0.84285
2013.03.31 23:39:45.339,0.84269,0.84288
2013.03.31 23:39:45.908,0.84268,0.84287
2013.03.31 23:39:47.102,0.84267,0.84283
2013.03.31 23:39:47.358,0.84269,0.84285
2013.03.31 23:39:47.928,0.84268,0.84285
2013.03.31 23:39:54.347,0.84267,0.84284
2013.03.31 23:39:54.552,0.84265,0.84282
2013.03.31 23:39:55.367,0.84265,0.84282
2013.03.31 23:39:55.667,0.84263,0.84281
2013.03.31 23:39:55.907,0.84265,0.84281
2013.03.31 23:39:56.327,0.84265,0.84281
2013.03.31 23:39:56.567,0.84264,0.84281
2013.03.31 23:39:57.118,0.84265,0.84282
2013.03.31 23:39:57.627,0.84265,0.84284
2013.03.31 23:40:01.287,0.84264,0.84284
2013.03.31 23:40:23.986,0.84265,0.84284
2013.03.31 23:40:24.609,0.84264,0.84284
2013.03.31 23:40:25.127,0.84265,0.84284
2013.03.31 23:40:25.738,0.84264,0.84284
2013.03.31 23:40:27.034,0.84265,0.84284
2013.03.31 23:40:27.347,0.84264,0.84282
2013.03.31 23:40:28.069,0.84266,0.84285
2013.03.31 23:40:28.732,0.84267,0.84285
2013.03.31 23:40:43.163,0.84268,0.84286
2013.03.31 23:40:43.478,0.84269,0.84288
2013.03.31 23:40:44.027,0.84269,0.84287
2013.03.31 23:41:15.377,0.84268,0.84285
2013.03.31 23:41:34.627,0.84269,0.84286
2013.03.31 23:41:43.328,0.84269,0.84285
2013.03.31 23:41:43.388,0.84267,0.84285
2013.03.31 23:41:43.628,0.84265,0.84282
2013.03.31 23:41:44.582,0.84266,0.84281
2013.03.31 23:41:44.707,0.84264,0.84281
2013.03.31 23:42:04.647,0.84263,0.84281
2013.03.31 23:42:22.609,0.84262,0.84281
2013.03.31 23:42:44.595,0.84262,0.84281
2013.03.31 23:43:04.620,0.84263,0.84281
2013.03.31 23:43:12.467,0.84263,0.84281
2013.03.31 23:43:16.029,0.84262,0.84279
2013.03.31 23:43:16.340,0.84261,0.84277
2013.03.31 23:43:16.588,0.84258,0.84276
2013.03.31 23:43:19.638,0.84259,0.84276
2013.03.31 23:43:20.139,0.84258,0.84276
2013.03.31 23:43:20.327,0.84259,0.84276
2013.03.31 23:43:21.918,0.84258,0.84276
2013.03.31 23:43:22.463,0.84259,0.84276
2013.03.31 23:43:23.637,0.84258,0.84276
2013.03.31 23:43:24.634,0.84258,0.84276
2013.03.31 23:43:43.897,0.84258,0.84276
2013.03.31 23:43:44.698,0.84258,0.84275
2013.03.31 23:44:34.827,0.84257,0.84275
2013.03.31 23:44:59.201,0.84257,0.84275
2013.03.31 23:45:59.357,0.84256,0.84283
2013.03.31 23:46:07.205,0.84256,0.84282
2013.03.31 23:46:07.785,0.84256,0.84283
2013.03.31 23:46:08.968,0.84257,0.84278
2013.03.31 23:46:33.123,0.84257,0.84273
2013.03.31 23:46:33.668,0.84257,0.84275
2013.03.31 23:46:34.217,0.84257,0.84275
2013.03.31 23:46:42.979,0.84257,0.84275
2013.03.31 23:46:51.057,0.84257,0.84275
2013.03.31 23:47:00.758,0.84259,0.84276
2013.03.31 23:47:01.308,0.84257,0.84275
2013.03.31 23:47:11.839,0.84258,0.84276
2013.03.31 23:47:15.054,0.8426,0.84277
2013.03.31 23:47:15.779,0.84261,0.84279
2013.03.31 23:47:16.378,0.84261,0.84277
2013.03.31 23:47:21.649,0.84262,0.84279
2013.03.31 23:47:22.082,0.84263,0.84282
2013.03.31 23:47:24.187,0.84265,0.84283
2013.03.31 23:47:24.970,0.84267,0.84283
2013.03.31 23:47:25.860,0.84265,0.84283
2013.03.31 23:47:31.339,0.84266,0.84283
2013.03.31 23:47:31.640,0.84268,0.84283
2013.03.31 23:47:31.953,0.84271,0.84283
2013.03.31 23:47:32.444,0.84273,0.84288
2013.03.31 23:47:33.179,0.84273,0.84288
2013.03.31 23:47:39.040,0.84273,0.8429
2013.03.31 23:47:47.881,0.84273,0.84291
2013.03.31 23:48:08.949,0.84274,0.84291
2013.03.31 23:48:09.629,0.84274,0.84291
2013.03.31 23:48:10.709,0.84274,0.84291
2013.03.31 23:48:10.839,0.84274,0.84291
2013.03.31 23:48:17.988,0.84274,0.84291
2013.03.31 23:48:35.281,0.84274,0.84292
2013.03.31 23:48:39.160,0.84274,0.84292
2013.03.31 23:48:42.858,0.84274,0.84292
2013.03.31 23:48:42.978,0.84274,0.84292
2013.03.31 23:48:44.848,0.84274,0.84291
2013.03.31 23:49:14.989,0.84274,0.84292
2013.03.31 23:49:35.024,0.84274,0.84292
2013.03.31 23:49:42.596,0.84274,0.84293
2013.03.31 23:49:43.218,0.84273,0.84292
2013.03.31 23:49:45.037,0.84273,0.84292
2013.03.31 23:49:54.057,0.84273,0.8429
2013.03.31 23:50:05.076,0.84272,0.84291
2013.03.31 23:50:06.017,0.84273,0.84291
2013.03.31 23:50:13.877,0.84273,0.84291
2013.03.31 23:50:14.413,0.84273,0.84291
2013.03.31 23:50:19.519,0.84274,0.84291
2013.03.31 23:50:20.287,0.84273,0.84291
2013.03.31 23:50:23.538,0.84273,0.84291
2013.03.31 23:50:35.580,0.84275,0.84292
2013.03.31 23:50:44.069,0.84275,0.84291
2013.03.31 23:50:48.859,0.84275,0.84291
2013.03.31 23:51:09.379,0.84275,0.8429
2013.03.31 23:51:09.799,0.84274,0.8429
2013.03.31 23:51:11.278,0.84274,0.8429
2013.03.31 23:51:29.609,0.84276,0.84292
2013.03.31 23:51:29.910,0.8428,0.84293
2013.03.31 23:51:30.459,0.84279,0.84294
2013.03.31 23:51:31.002,0.84278,0.84294
2013.03.31 23:51:31.478,0.84279,0.84294
2013.03.31 23:51:41.880,0.84279,0.84296
2013.03.31 23:51:47.436,0.84279,0.84297
2013.03.31 23:51:48.048,0.84279,0.84297
2013.03.31 23:51:52.441,0.84278,0.84295
2013.03.31 23:51:52.512,0.84277,0.8429
2013.03.31 23:51:52.580,0.84277,0.84289
2013.03.31 23:51:52.719,0.84275,0.84289
2013.03.31 23:51:52.902,0.84273,0.84287
2013.03.31 23:51:53.222,0.84276,0.84285
2013.03.31 23:51:53.351,0.84276,0.84289
2013.03.31 23:51:53.741,0.84277,0.84292
2013.03.31 23:51:53.939,0.84277,0.84293
2013.03.31 23:51:54.001,0.84279,0.84296
2013.03.31 23:51:54.550,0.84281,0.84298
2013.03.31 23:51:55.229,0.84281,0.84301
2013.03.31 23:51:57.958,0.84283,0.84303
2013.03.31 23:51:58.860,0.84285,0.84303
2013.03.31 23:51:59.051,0.84286,0.84303
2013.03.31 23:52:00.651,0.84286,0.84304
2013.03.31 23:52:00.959,0.84288,0.84304
2013.03.31 23:52:01.461,0.84287,0.84304
2013.03.31 23:52:06.470,0.84287,0.84303
2013.03.31 23:52:21.560,0.84285,0.84303
2013.03.31 23:52:41.888,0.84285,0.84303
2013.03.31 23:53:06.522,0.84284,0.84306
2013.03.31 23:53:10.978,0.84284,0.84306
2013.03.31 23:53:15.018,0.84284,0.84305
2013.03.31 23:53:17.899,0.84284,0.84306
2013.03.31 23:53:18.019,0.84282,0.84304
2013.03.31 23:53:19.323,0.84283,0.84305
2013.03.31 23:53:19.879,0.84284,0.84306
2013.03.31 23:53:23.028,0.84282,0.84306
2013.03.31 23:53:23.560,0.84283,0.84306
2013.03.31 23:53:30.008,0.84284,0.84306
2013.03.31 23:53:30.418,0.84284,0.84305
2013.03.31 23:53:30.988,0.84283,0.84306
2013.03.31 23:53:31.518,0.84283,0.84306
2013.03.31 23:53:32.069,0.84283,0.84305
2013.03.31 23:53:32.637,0.84283,0.84305
2013.03.31 23:53:33.289,0.84284,0.84305
2013.03.31 23:53:39.638,0.84284,0.84306
2013.03.31 23:53:40.256,0.84283,0.84305
2013.03.31 23:53:40.774,0.84284,0.84306
2013.03.31 23:53:41.808,0.84282,0.84306
2013.03.31 23:53:43.588,0.84284,0.84306
2013.03.31 23:53:44.118,0.84283,0.84305
2013.03.31 23:53:58.410,0.84283,0.84305
2013.03.31 23:54:00.270,0.84284,0.84305
2013.03.31 23:54:00.992,0.84283,0.84305
2013.03.31 23:54:02.898,0.84284,0.84306
2013.03.31 23:54:02.971,0.84292,0.84307
2013.03.31 23:54:03.100,0.84292,0.84308
2013.03.31 23:54:03.170,0.84289,0.84309
2013.03.31 23:54:03.359,0.84292,0.84309
2013.03.31 23:54:03.860,0.84293,0.84309
2013.03.31 23:54:04.200,0.84295,0.84307
2013.03.31 23:54:15.271,0.84295,0.84308
2013.03.31 23:54:35.218,0.84295,0.84307
2013.03.31 23:54:40.299,0.84295,0.84308
2013.03.31 23:54:40.419,0.84294,0.84308
2013.03.31 23:54:40.958,0.84293,0.84308
2013.03.31 23:54:47.008,0.84292,0.84308
2013.03.31 23:54:47.619,0.84292,0.84305
2013.03.31 23:54:47.739,0.84292,0.84308
2013.03.31 23:54:48.219,0.8429,0.84308
2013.03.31 23:54:55.315,0.8429,0.84307
2013.03.31 23:55:00.310,0.8429,0.84306
2013.03.31 23:55:00.859,0.84288,0.84305
2013.03.31 23:55:02.539,0.84288,0.84304
2013.03.31 23:55:06.896,0.84287,0.84304
2013.03.31 23:55:21.931,0.84285,0.84301
2013.03.31 23:55:22.478,0.84286,0.84303
2013.03.31 23:55:22.659,0.84286,0.84304
2013.03.31 23:55:43.038,0.84286,0.84304
2013.03.31 23:55:52.360,0.84286,0.84302
2013.03.31 23:55:52.899,0.84287,0.84303
2013.03.31 23:55:53.411,0.84289,0.84304
2013.03.31 23:55:53.599,0.84289,0.84305
2013.03.31 23:55:54.710,0.84288,0.84304
2013.03.31 23:55:55.330,0.84288,0.84303
2013.03.31 23:55:55.399,0.84284,0.84302
2013.03.31 23:55:55.909,0.84286,0.84302
2013.03.31 23:55:56.717,0.84284,0.84302
2013.03.31 23:56:01.139,0.84284,0.84302
2013.03.31 23:56:01.590,0.84284,0.843
2013.03.31 23:56:02.180,0.84284,0.84301
2013.03.31 23:56:11.079,0.84284,0.843
2013.03.31 23:56:11.759,0.84284,0.84301
2013.03.31 23:56:12.298,0.84284,0.84301
2013.03.31 23:56:51.709,0.84284,0.843
2013.03.31 23:56:52.370,0.84284,0.843
2013.03.31 23:57:05.438,0.84283,0.84301
2013.03.31 23:57:13.550,0.84285,0.843
2013.03.31 23:57:26.828,0.84283,0.843
2013.03.31 23:57:26.951,0.84283,0.84298
2013.03.31 23:57:27.019,0.84283,0.84298
2013.03.31 23:57:27.261,0.84278,0.84295
2013.03.31 23:57:27.391,0.84278,0.84292
2013.03.31 23:57:27.713,0.84274,0.84287
2013.03.31 23:57:27.781,0.84271,0.84286
2013.03.31 23:57:27.849,0.84271,0.84286
2013.03.31 23:57:28.279,0.84267,0.84285
2013.03.31 23:57:28.819,0.84267,0.84286
2013.03.31 23:57:30.369,0.84269,0.84286
2013.03.31 23:57:35.429,0.84269,0.84288
2013.03.31 23:57:38.050,0.84269,0.84288
2013.03.31 23:57:38.170,0.84269,0.84289
2013.03.31 23:57:38.230,0.84271,0.8429
2013.03.31 23:57:38.349,0.84271,0.84291
2013.03.31 23:57:38.999,0.84271,0.84291
2013.03.31 23:57:40.430,0.84269,0.84289
2013.03.31 23:57:40.550,0.84268,0.84288
2013.03.31 23:57:40.669,0.84268,0.84286
2013.03.31 23:57:40.790,0.84266,0.84284
2013.03.31 23:57:41.150,0.84263,0.8428
2013.03.31 23:57:41.660,0.84263,0.8428
2013.03.31 23:57:41.985,0.84261,0.8428
2013.03.31 23:58:07.119,0.84261,0.84281
2013.03.31 23:58:12.823,0.84261,0.84281
2013.03.31 23:58:45.810,0.84262,0.84281
2013.03.31 23:58:52.339,0.84262,0.84281
2013.03.31 23:58:52.400,0.84263,0.84281
2013.03.31 23:59:39.249,0.84266,0.84283
2013.03.31 23:59:39.788,0.84264,0.84282
2013.03.31 23:59:41.568,0.84264,0.8428
2013.03.31 23:59:41.809,0.84263,0.8428
2013.03.31 23:59:42.129,0.84266,0.84282
2013.03.31 23:59:42.249,0.84266,0.84283
2013.03.31 23:59:42.769,0.84266,0.84283
2013.03.31 23:59:42.950,0.84272,0.84285
2013.03.31 23:59:43.263,0.84275,0.84286
2013.03.31 23:59:50.928,0.84271,0.84281
2013.03.31 23:59:51.004,0.84269,0.84281
2013.03.31 23:59:51.130,0.84266,0.84278
2013.03.31 23:59:51.669,0.84272,0.84278
2013.03.31 23:59:52.280,0.84271,0.84278
2013.03.31 23:59:52.519,0.84267,0.84278
2013.03.31 23:59:52.699,0.84272,0.84278
2013.03.31 23:59:53.659,0.84272,0.8428
2013.03.31 23:59:54.218,0.84271,0.84281
2013.03.31 23:59:54.719,0.84271,0.84281
2013.03.31 23:59:55.020,0.84268,0.84281
2013.03.31 23:59:55.139,0.84264,0.84281
2013.03.31 23:59:55.198,0.84264,0.84281