Time,Bid,Ask
2013.03.10 21:01:03.484,0.87003,0.8707
2013.03.10 21:01:04.694,0.87007,0.87072
2013.03.10 21:01:06.615,0.87007,0.87067
2013.03.10 21:01:07.683,0.87006,0.87073
2013.03.10 21:02:47.034,0.87023,0.87103
2013.03.10 21:02:52.319,0.87048,0.8711
2013.03.10 21:02:52.425,0.87051,0.87114
2013.03.10 21:02:52.870,0.87051,0.87116
2013.03.10 21:02:55.194,0.87056,0.87083
2013.03.10 21:02:55.254,0.87057,0.87103
2013.03.10 21:02:58.564,0.87057,0.87075
2013.03.10 21:03:00.455,0.87031,0.87075
2013.03.10 21:03:29.125,0.87022,0.87076
2013.03.10 21:04:06.002,0.87019,0.87076
2013.03.10 21:04:30.274,0.87018,0.87076
2013.03.10 21:04:54.378,0.87018,0.87128
2013.03.10 21:05:23.424,0.8701,0.87115
2013.03.10 21:05:23.671,0.8699,0.87115
2013.03.10 21:05:23.806,0.8699,0.87107
2013.03.10 21:05:24.170,0.8701,0.87108
2013.03.10 21:05:29.344,0.8701,0.87108
2013.03.10 21:05:29.404,0.87016,0.87088
2013.03.10 21:05:40.624,0.87014,0.8709
2013.03.10 21:06:40.641,0.87004,0.87116
2013.03.10 21:06:48.134,0.87004,0.8712
2013.03.10 21:07:08.391,0.87015,0.8711
2013.03.10 21:07:22.545,0.87015,0.87111
2013.03.10 21:07:42.165,0.87015,0.87109
2013.03.10 21:07:47.812,0.87015,0.87109
2013.03.10 21:07:50.341,0.87015,0.87109
2013.03.10 21:07:51.095,0.87018,0.87109
2013.03.10 21:07:58.065,0.87018,0.8709
2013.03.10 21:08:21.985,0.87019,0.87109
2013.03.10 21:08:22.425,0.87026,0.87103
2013.03.10 21:08:23.744,0.87024,0.87102
2013.03.10 21:08:24.955,0.87024,0.87102
2013.03.10 21:08:25.724,0.87026,0.87102
2013.03.10 21:08:30.734,0.87015,0.87107
2013.03.10 21:08:32.005,0.8702,0.87089
2013.03.10 21:08:42.725,0.87021,0.87099
2013.03.10 21:08:50.905,0.87011,0.87099
2013.03.10 21:08:51.145,0.87008,0.87104
2013.03.10 21:08:51.325,0.87006,0.87087
2013.03.10 21:08:53.065,0.87008,0.87086
2013.03.10 21:09:15.756,0.87023,0.87104
2013.03.10 21:09:18.075,0.87024,0.87101
2013.03.10 21:09:19.585,0.87028,0.87102
2013.03.10 21:09:20.045,0.87028,0.87103
2013.03.10 21:09:21.114,0.87032,0.87102
2013.03.10 21:09:23.475,0.87031,0.87102
2013.03.10 21:09:26.555,0.8703,0.87107
2013.03.10 21:09:26.615,0.8703,0.87112
2013.03.10 21:09:26.675,0.8703,0.87112
2013.03.10 21:09:29.914,0.87038,0.87113
2013.03.10 21:09:40.355,0.87038,0.87112
2013.03.10 21:09:40.475,0.87025,0.87112
2013.03.10 21:09:54.476,0.87026,0.87106
2013.03.10 21:09:57.613,0.87027,0.87104
2013.03.10 21:10:01.185,0.87016,0.87102
2013.03.10 21:10:01.690,0.87016,0.87093
2013.03.10 21:10:03.165,0.87032,0.87106
2013.03.10 21:10:54.374,0.87021,0.8711
2013.03.10 21:11:18.184,0.87021,0.87097
2013.03.10 21:11:38.267,0.87021,0.87092
2013.03.10 21:11:44.860,0.87022,0.87099
2013.03.10 21:11:45.163,0.87012,0.87099
2013.03.10 21:11:45.473,0.8703,0.87077
2013.03.10 21:11:45.823,0.87033,0.87071
2013.03.10 21:11:46.004,0.8703,0.87071
2013.03.10 21:11:46.063,0.8703,0.87066
2013.03.10 21:11:46.403,0.87035,0.87066
2013.03.10 21:11:46.703,0.87014,0.87066
2013.03.10 21:11:46.764,0.87014,0.87087
2013.03.10 21:11:48.283,0.87014,0.8709
2013.03.10 21:12:04.677,0.87031,0.87102
2013.03.10 21:12:27.540,0.8703,0.87091
2013.03.10 21:12:28.654,0.8703,0.87066
2013.03.10 21:12:29.014,0.87038,0.87055
2013.03.10 21:12:29.144,0.87038,0.87056
2013.03.10 21:12:29.204,0.8703,0.87056
2013.03.10 21:12:29.265,0.8703,0.87068
2013.03.10 21:12:29.515,0.8703,0.87079
2013.03.10 21:12:29.784,0.87031,0.87106
2013.03.10 21:12:48.706,0.87031,0.87109
2013.03.10 21:12:50.295,0.87033,0.87107
2013.03.10 21:12:50.916,0.87033,0.87107
2013.03.10 21:12:55.345,0.8703,0.8711
2013.03.10 21:13:05.496,0.87047,0.8711
2013.03.10 21:13:05.825,0.87044,0.87093
2013.03.10 21:13:11.766,0.8704,0.87094
2013.03.10 21:13:20.676,0.8704,0.87105
2013.03.10 21:13:20.736,0.8704,0.87098
2013.03.10 21:13:21.071,0.8704,0.87094
2013.03.10 21:13:36.246,0.8704,0.87094
2013.03.10 21:13:38.646,0.8704,0.87093
2013.03.10 21:13:38.706,0.8704,0.87093
2013.03.10 21:13:40.386,0.87045,0.87093
2013.03.10 21:13:41.976,0.87045,0.87094
2013.03.10 21:13:44.166,0.87045,0.87096
2013.03.10 21:13:51.055,0.87039,0.87096
2013.03.10 21:13:51.806,0.87039,0.87094
2013.03.10 21:13:52.501,0.87039,0.87096
2013.03.10 21:13:53.126,0.87039,0.87094
2013.03.10 21:14:09.715,0.87039,0.87095
2013.03.10 21:14:10.329,0.87039,0.87094
2013.03.10 21:14:26.160,0.87039,0.87094
2013.03.10 21:14:26.285,0.87039,0.87094
2013.03.10 21:14:38.613,0.87036,0.87094
2013.03.10 21:14:41.435,0.87035,0.87094
2013.03.10 21:14:41.655,0.87037,0.87097
2013.03.10 21:14:57.456,0.87037,0.87106
2013.03.10 21:14:57.516,0.87041,0.87099
2013.03.10 21:14:57.875,0.87041,0.87095
2013.03.10 21:14:58.425,0.87037,0.87095
2013.03.10 21:14:58.485,0.87037,0.87095
2013.03.10 21:15:07.426,0.87043,0.87095
2013.03.10 21:15:07.945,0.87043,0.87094
2013.03.10 21:15:08.945,0.87041,0.87094
2013.03.10 21:15:09.245,0.87038,0.87093
2013.03.10 21:15:09.305,0.87038,0.87093
2013.03.10 21:15:10.550,0.87038,0.87093
2013.03.10 21:15:10.615,0.87038,0.87098
2013.03.10 21:15:11.145,0.87045,0.87105
2013.03.10 21:15:11.675,0.87047,0.87105
2013.03.10 21:15:16.865,0.87045,0.87105
2013.03.10 21:15:17.436,0.87047,0.87105
2013.03.10 21:15:18.597,0.87047,0.87105
2013.03.10 21:15:18.666,0.87035,0.87104
2013.03.10 21:15:21.586,0.87032,0.87104
2013.03.10 21:15:21.707,0.8705,0.87104
2013.03.10 21:15:22.727,0.87049,0.87104
2013.03.10 21:15:24.280,0.87038,0.87104
2013.03.10 21:15:24.466,0.87037,0.87104
2013.03.10 21:15:35.897,0.87052,0.87105
2013.03.10 21:15:36.514,0.87051,0.87105
2013.03.10 21:15:51.346,0.87031,0.87102
2013.03.10 21:15:51.406,0.87031,0.87102
2013.03.10 21:15:53.182,0.87031,0.87098
2013.03.10 21:15:53.687,0.87043,0.87097
2013.03.10 21:15:58.867,0.87035,0.87096
2013.03.10 21:16:05.277,0.87037,0.87102
2013.03.10 21:16:05.637,0.87045,0.87096
2013.03.10 21:16:18.217,0.87044,0.87095
2013.03.10 21:16:31.558,0.87044,0.87096
2013.03.10 21:16:35.636,0.87044,0.87095
2013.03.10 21:16:43.838,0.87045,0.87096
2013.03.10 21:16:58.897,0.87045,0.87097
2013.03.10 21:17:12.817,0.87043,0.87097
2013.03.10 21:17:34.333,0.87043,0.87094
2013.03.10 21:17:34.912,0.87043,0.87094
2013.03.10 21:17:35.218,0.87045,0.87095
2013.03.10 21:17:58.086,0.87045,0.87095
2013.03.10 21:17:59.416,0.87045,0.87095
2013.03.10 21:18:00.836,0.87045,0.87095
2013.03.10 21:18:09.887,0.87047,0.87095
2013.03.10 21:18:18.449,0.87049,0.87096
2013.03.10 21:18:18.779,0.87053,0.87096
2013.03.10 21:19:18.834,0.8705,0.87105
2013.03.10 21:20:42.689,0.8705,0.871
2013.03.10 21:21:09.327,0.87052,0.87096
2013.03.10 21:21:09.688,0.87052,0.87098
2013.03.10 21:21:30.329,0.87052,0.87098
2013.03.10 21:21:41.375,0.87054,0.87097
2013.03.10 21:21:56.850,0.87054,0.87096
2013.03.10 21:21:57.247,0.87054,0.87092
2013.03.10 21:22:00.657,0.87047,0.87094
2013.03.10 21:22:00.777,0.87048,0.87092
2013.03.10 21:22:00.897,0.87047,0.87096
2013.03.10 21:22:01.523,0.87046,0.87096
2013.03.10 21:22:05.257,0.87044,0.87096
2013.03.10 21:22:05.377,0.87044,0.87103
2013.03.10 21:23:05.312,0.87044,0.871
2013.03.10 21:23:05.457,0.87052,0.871
2013.03.10 21:23:05.777,0.87046,0.871
2013.03.10 21:23:06.147,0.87052,0.871
2013.03.10 21:24:05.876,0.87052,0.87102
2013.03.10 21:24:25.456,0.87052,0.87103
2013.03.10 21:24:26.073,0.87052,0.87113
2013.03.10 21:24:59.676,0.87052,0.871
2013.03.10 21:26:01.139,0.87052,0.87105
2013.03.10 21:26:35.207,0.87054,0.87114
2013.03.10 21:26:49.116,0.87057,0.87114
2013.03.10 21:26:55.607,0.8706,0.87105
2013.03.10 21:27:01.206,0.87059,0.87114
2013.03.10 21:27:01.794,0.8706,0.87114
2013.03.10 21:27:05.410,0.8706,0.87114
2013.03.10 21:28:15.445,0.87061,0.87114
2013.03.10 21:28:16.435,0.87062,0.87114
2013.03.10 21:28:22.376,0.87062,0.87104
2013.03.10 21:28:22.436,0.87041,0.87102
2013.03.10 21:28:35.697,0.87043,0.87106
2013.03.10 21:28:35.757,0.87044,0.87109
2013.03.10 21:28:35.877,0.87046,0.87111
2013.03.10 21:28:35.997,0.87043,0.87122
2013.03.10 21:28:57.737,0.87044,0.8712
2013.03.10 21:28:58.795,0.87044,0.8712
2013.03.10 21:29:02.347,0.87043,0.87101
2013.03.10 21:29:06.546,0.87041,0.87097
2013.03.10 21:29:09.488,0.87039,0.87097
2013.03.10 21:30:06.686,0.87041,0.87099
2013.03.10 21:30:07.256,0.87046,0.871
2013.03.10 21:30:16.477,0.87049,0.87102
2013.03.10 21:30:16.597,0.87053,0.87105
2013.03.10 21:30:17.112,0.87055,0.87101
2013.03.10 21:30:25.647,0.87056,0.87122
2013.03.10 21:30:46.058,0.87054,0.87118
2013.03.10 21:30:53.358,0.87054,0.87111
2013.03.10 21:30:53.477,0.87056,0.87115
2013.03.10 21:30:53.537,0.87056,0.8712
2013.03.10 21:30:57.532,0.87053,0.87109
2013.03.10 21:30:58.037,0.87053,0.87107
2013.03.10 21:30:58.398,0.87054,0.87109
2013.03.10 21:30:58.597,0.87056,0.87111
2013.03.10 21:30:58.657,0.87056,0.87115
2013.03.10 21:30:58.716,0.87055,0.87115
2013.03.10 21:31:05.358,0.87055,0.87119
2013.03.10 21:31:06.458,0.87056,0.87113
2013.03.10 21:31:06.637,0.87055,0.87119
2013.03.10 21:31:15.980,0.87071,0.87119
2013.03.10 21:31:16.786,0.87061,0.87117
2013.03.10 21:31:17.946,0.8706,0.87117
2013.03.10 21:31:27.249,0.87086,0.87118
2013.03.10 21:31:27.309,0.87071,0.87124
2013.03.10 21:31:27.487,0.87075,0.87131
2013.03.10 21:31:27.926,0.87075,0.87131
2013.03.10 21:31:28.001,0.87064,0.87138
2013.03.10 21:31:28.157,0.87056,0.87136
2013.03.10 21:31:41.747,0.87052,0.87132
2013.03.10 21:31:44.708,0.87052,0.87134
2013.03.10 21:31:44.828,0.87081,0.87134
2013.03.10 21:31:44.948,0.87068,0.87138
2013.03.10 21:31:58.019,0.87081,0.87136
2013.03.10 21:32:09.029,0.87065,0.87133
2013.03.10 21:32:18.377,0.87059,0.87123
2013.03.10 21:32:18.497,0.87059,0.87127
2013.03.10 21:32:18.798,0.87092,0.87135
2013.03.10 21:32:19.388,0.87092,0.87135
2013.03.10 21:32:24.587,0.87067,0.87138
2013.03.10 21:32:24.657,0.87065,0.87138
2013.03.10 21:32:25.318,0.87067,0.87134
2013.03.10 21:32:25.381,0.87063,0.87134
2013.03.10 21:32:25.447,0.87062,0.87134
2013.03.10 21:32:25.506,0.87063,0.87137
2013.03.10 21:32:25.566,0.87065,0.87139
2013.03.10 21:32:29.777,0.87063,0.87137
2013.03.10 21:32:30.117,0.87061,0.87131
2013.03.10 21:32:32.307,0.87077,0.87131
2013.03.10 21:32:32.427,0.87077,0.87133
2013.03.10 21:32:32.487,0.87064,0.87134
2013.03.10 21:32:33.071,0.87066,0.87136
2013.03.10 21:32:38.133,0.87066,0.87136
2013.03.10 21:32:41.037,0.87065,0.87136
2013.03.10 21:32:41.397,0.87065,0.87136
2013.03.10 21:32:45.777,0.87065,0.87135
2013.03.10 21:33:39.928,0.87082,0.87135
2013.03.10 21:33:47.027,0.87084,0.8713
2013.03.10 21:33:55.147,0.87084,0.8713
2013.03.10 21:33:55.387,0.87081,0.8713
2013.03.10 21:33:56.387,0.87085,0.8713
2013.03.10 21:33:56.566,0.87082,0.8713
2013.03.10 21:33:58.159,0.87084,0.8713
2013.03.10 21:34:06.580,0.87061,0.87131
2013.03.10 21:34:06.768,0.87059,0.87128
2013.03.10 21:34:06.947,0.87057,0.87127
2013.03.10 21:34:07.128,0.87049,0.8712
2013.03.10 21:34:27.694,0.87048,0.8712
2013.03.10 21:34:34.928,0.87075,0.87119
2013.03.10 21:34:35.048,0.87075,0.87127
2013.03.10 21:34:35.547,0.87075,0.87129
2013.03.10 21:34:41.238,0.87074,0.87127
2013.03.10 21:34:48.047,0.87074,0.87122
2013.03.10 21:34:52.567,0.87074,0.87122
2013.03.10 21:35:08.862,0.87074,0.87122
2013.03.10 21:35:08.987,0.87074,0.87122
2013.03.10 21:35:09.048,0.87074,0.87121
2013.03.10 21:35:09.107,0.87067,0.87121
2013.03.10 21:35:19.708,0.87067,0.87118
2013.03.10 21:35:20.037,0.87065,0.87115
2013.03.10 21:35:38.129,0.87045,0.87113
2013.03.10 21:35:46.478,0.87065,0.87115
2013.03.10 21:36:07.837,0.87065,0.87114
2013.03.10 21:36:51.068,0.87045,0.87115
2013.03.10 21:36:51.189,0.87048,0.87115
2013.03.10 21:36:52.058,0.87067,0.87118
2013.03.10 21:37:21.433,0.87067,0.87119
2013.03.10 21:37:21.954,0.87067,0.87119
2013.03.10 21:37:22.494,0.87075,0.87127
2013.03.10 21:37:37.158,0.87076,0.8713
2013.03.10 21:37:37.277,0.87061,0.87133
2013.03.10 21:37:46.385,0.87064,0.87133
2013.03.10 21:37:47.127,0.87064,0.87133
2013.03.10 21:37:47.700,0.87065,0.87133
2013.03.10 21:37:50.918,0.87072,0.87137
2013.03.10 21:37:58.308,0.87081,0.87138
2013.03.10 21:37:58.667,0.87081,0.87137
2013.03.10 21:37:59.048,0.8708,0.87136
2013.03.10 21:38:52.860,0.87092,0.87137
2013.03.10 21:39:52.956,0.87078,0.8714
2013.03.10 21:39:53.717,0.87079,0.87141
2013.03.10 21:39:53.838,0.87078,0.8714
2013.03.10 21:39:57.208,0.87078,0.8714
2013.03.10 21:39:59.804,0.87079,0.87141
2013.03.10 21:40:30.418,0.87081,0.8714
2013.03.10 21:40:34.582,0.8708,0.87137
2013.03.10 21:40:35.234,0.8707,0.87136
2013.03.10 21:40:51.375,0.8707,0.87136
2013.03.10 21:40:53.669,0.87091,0.87136
2013.03.10 21:40:57.159,0.87092,0.87136
2013.03.10 21:41:09.248,0.87077,0.87139
2013.03.10 21:41:18.148,0.87077,0.87139
2013.03.10 21:41:32.518,0.87077,0.87139
2013.03.10 21:42:15.729,0.87078,0.87137
2013.03.10 21:42:53.179,0.87081,0.87137
2013.03.10 21:43:08.119,0.8708,0.87134
2013.03.10 21:44:08.127,0.87077,0.87139
2013.03.10 21:44:31.077,0.87074,0.87146
2013.03.10 21:44:31.219,0.87074,0.87156
2013.03.10 21:44:38.098,0.87079,0.87139
2013.03.10 21:44:47.579,0.87096,0.87137
2013.03.10 21:45:02.988,0.87094,0.87136
2013.03.10 21:45:30.010,0.87094,0.87132
2013.03.10 21:45:32.378,0.87094,0.87132
2013.03.10 21:45:32.498,0.87094,0.87131
2013.03.10 21:45:33.679,0.87094,0.87132
2013.03.10 21:45:50.487,0.87096,0.8713
2013.03.10 21:46:05.328,0.87096,0.87129
2013.03.10 21:46:12.594,0.87093,0.87129
2013.03.10 21:46:13.098,0.87093,0.87131
2013.03.10 21:46:13.711,0.87093,0.8713
2013.03.10 21:46:17.779,0.87093,0.87131
2013.03.10 21:46:17.958,0.87093,0.8713
2013.03.10 21:46:18.078,0.87093,0.87132
2013.03.10 21:46:44.456,0.87093,0.87132
2013.03.10 21:46:44.578,0.87093,0.8713
2013.03.10 21:46:47.438,0.87093,0.87132
2013.03.10 21:46:47.498,0.87093,0.87127
2013.03.10 21:46:47.948,0.87093,0.87131
2013.03.10 21:46:55.589,0.87093,0.8713
2013.03.10 21:47:01.028,0.87093,0.87131
2013.03.10 21:47:01.535,0.87093,0.87133
2013.03.10 21:47:12.768,0.87074,0.87133
2013.03.10 21:47:25.591,0.87075,0.87134
2013.03.10 21:47:45.678,0.87075,0.87124
2013.03.10 21:47:48.849,0.87075,0.8713
2013.03.10 21:47:48.968,0.87075,0.87127
2013.03.10 21:47:49.568,0.87075,0.87124
2013.03.10 21:47:49.928,0.87075,0.87128
2013.03.10 21:47:50.048,0.87075,0.87126
2013.03.10 21:47:51.449,0.87076,0.87126
2013.03.10 21:47:52.039,0.87075,0.87125
2013.03.10 21:47:52.578,0.87075,0.87125
2013.03.10 21:47:53.828,0.87075,0.87123
2013.03.10 21:47:54.918,0.87076,0.87125
2013.03.10 21:47:55.038,0.87075,0.87128
2013.03.10 21:47:55.098,0.87075,0.87127
2013.03.10 21:47:55.488,0.87075,0.87125
2013.03.10 21:47:55.809,0.87075,0.8713
2013.03.10 21:47:55.878,0.87075,0.87128
2013.03.10 21:47:56.187,0.87075,0.87125
2013.03.10 21:47:56.798,0.87075,0.87132
2013.03.10 21:47:56.918,0.87075,0.87125
2013.03.10 21:48:00.098,0.87075,0.8713
2013.03.10 21:48:00.158,0.87075,0.87128
2013.03.10 21:48:00.658,0.87075,0.87131
2013.03.10 21:48:00.778,0.87075,0.8713
2013.03.10 21:48:01.309,0.87074,0.87128
2013.03.10 21:48:01.835,0.87076,0.87126
2013.03.10 21:48:04.353,0.87074,0.87125
2013.03.10 21:48:04.418,0.87074,0.87124
2013.03.10 21:48:04.588,0.87075,0.87127
2013.03.10 21:48:05.099,0.87075,0.87127
2013.03.10 21:48:12.018,0.87075,0.87131
2013.03.10 21:48:12.828,0.87075,0.87133
2013.03.10 21:48:13.422,0.87075,0.87133
2013.03.10 21:48:13.488,0.87075,0.87131
2013.03.10 21:48:13.895,0.87076,0.87127
2013.03.10 21:48:18.448,0.87075,0.87134
2013.03.10 21:48:18.569,0.87076,0.87126
2013.03.10 21:48:18.688,0.87075,0.87128
2013.03.10 21:48:19.154,0.87075,0.87132
2013.03.10 21:48:19.229,0.87076,0.87133
2013.03.10 21:48:21.300,0.87092,0.87133
2013.03.10 21:48:21.658,0.87078,0.87128
2013.03.10 21:48:22.238,0.87093,0.87126
2013.03.10 21:48:24.428,0.87093,0.87133
2013.03.10 21:48:25.678,0.87076,0.87132
2013.03.10 21:48:25.739,0.87076,0.87125
2013.03.10 21:48:25.798,0.8706,0.87125
2013.03.10 21:48:25.859,0.8706,0.87118
2013.03.10 21:48:25.998,0.8706,0.8712
2013.03.10 21:48:26.118,0.8706,0.87122
2013.03.10 21:48:26.179,0.87063,0.87117
2013.03.10 21:48:26.858,0.87062,0.87115
2013.03.10 21:48:26.928,0.87059,0.87123
2013.03.10 21:48:26.988,0.87065,0.8713
2013.03.10 21:48:29.749,0.87065,0.8713
2013.03.10 21:48:33.339,0.87076,0.8713
2013.03.10 21:48:33.698,0.87065,0.87123
2013.03.10 21:48:34.138,0.87076,0.8713
2013.03.10 21:48:34.258,0.87066,0.8712
2013.03.10 21:48:34.378,0.87076,0.87132
2013.03.10 21:48:34.438,0.87076,0.8713
2013.03.10 21:48:34.858,0.87066,0.87116
2013.03.10 21:48:38.169,0.87064,0.87124
2013.03.10 21:48:38.229,0.87076,0.8713
2013.03.10 21:48:55.059,0.87061,0.87126
2013.03.10 21:48:55.400,0.87067,0.87121
2013.03.10 21:48:57.328,0.87063,0.87127
2013.03.10 21:48:57.388,0.87063,0.87126
2013.03.10 21:48:57.448,0.87064,0.87126
2013.03.10 21:48:57.568,0.87063,0.87125
2013.03.10 21:48:57.689,0.87067,0.87121
2013.03.10 21:48:58.018,0.87066,0.87118
2013.03.10 21:49:03.228,0.87064,0.87125
2013.03.10 21:49:03.288,0.87076,0.87132
2013.03.10 21:49:04.798,0.87076,0.87131
2013.03.10 21:49:04.918,0.87065,0.87122
2013.03.10 21:49:24.054,0.87064,0.87118
2013.03.10 21:49:24.493,0.87063,0.87112
2013.03.10 21:49:31.640,0.87063,0.87115
2013.03.10 21:49:31.701,0.87063,0.87117
2013.03.10 21:49:31.770,0.87061,0.87117
2013.03.10 21:49:32.128,0.87053,0.87106
2013.03.10 21:49:40.549,0.87052,0.87107
2013.03.10 21:49:40.668,0.87053,0.87111
2013.03.10 21:49:40.789,0.87066,0.87108
2013.03.10 21:49:40.968,0.87066,0.87111
2013.03.10 21:49:41.088,0.87066,0.87111
2013.03.10 21:49:41.148,0.87066,0.87111
2013.03.10 21:49:41.537,0.87052,0.87105
2013.03.10 21:49:42.988,0.87052,0.87104
2013.03.10 21:49:48.438,0.87066,0.87108
2013.03.10 21:49:48.498,0.87066,0.87108
2013.03.10 21:49:48.708,0.87066,0.87109
2013.03.10 21:49:49.228,0.87066,0.87111
2013.03.10 21:49:57.178,0.87049,0.87111
2013.03.10 21:49:58.368,0.87048,0.8711
2013.03.10 21:49:58.675,0.87067,0.8711
2013.03.10 21:50:00.658,0.87067,0.87111
2013.03.10 21:50:00.779,0.87052,0.87107
2013.03.10 21:50:01.019,0.87048,0.87111
2013.03.10 21:50:01.078,0.87053,0.87104
2013.03.10 21:50:01.198,0.87048,0.87114
2013.03.10 21:50:10.060,0.87049,0.87104
2013.03.10 21:50:10.119,0.87049,0.87104
2013.03.10 21:50:10.200,0.87048,0.87098
2013.03.10 21:50:10.319,0.87048,0.87106
2013.03.10 21:50:10.379,0.87048,0.87104
2013.03.10 21:50:10.499,0.87051,0.87108
2013.03.10 21:50:10.619,0.8705,0.87106
2013.03.10 21:50:11.179,0.87049,0.87099
2013.03.10 21:50:11.979,0.87047,0.87106
2013.03.10 21:50:12.339,0.87049,0.87108
2013.03.10 21:50:12.783,0.87049,0.8711
2013.03.10 21:50:13.121,0.87048,0.87107
2013.03.10 21:50:19.379,0.87048,0.87112
2013.03.10 21:50:19.439,0.87048,0.87112
2013.03.10 21:50:19.500,0.8705,0.87111
2013.03.10 21:50:20.066,0.87048,0.87111
2013.03.10 21:50:22.489,0.87048,0.87109
2013.03.10 21:50:22.549,0.87048,0.87108
2013.03.10 21:50:23.107,0.87048,0.87108
2013.03.10 21:50:25.428,0.87048,0.87108
2013.03.10 21:50:26.528,0.87048,0.87108
2013.03.10 21:50:26.955,0.87047,0.87109
2013.03.10 21:50:27.029,0.87047,0.87108
2013.03.10 21:50:27.089,0.87048,0.87108
2013.03.10 21:50:27.688,0.87041,0.87106
2013.03.10 21:50:33.608,0.87046,0.87104
2013.03.10 21:50:33.729,0.87044,0.87102
2013.03.10 21:50:34.318,0.87045,0.87098
2013.03.10 21:50:37.919,0.87044,0.87103
2013.03.10 21:50:37.978,0.87043,0.87105
2013.03.10 21:50:38.038,0.87046,0.87104
2013.03.10 21:50:46.905,0.87044,0.87097
2013.03.10 21:50:47.203,0.87043,0.87097
2013.03.10 21:50:51.810,0.87043,0.87103
2013.03.10 21:50:51.929,0.87045,0.871
2013.03.10 21:50:52.061,0.87043,0.87097
2013.03.10 21:50:52.120,0.87045,0.87096
2013.03.10 21:50:52.239,0.87042,0.87098
2013.03.10 21:50:52.300,0.87042,0.87097
2013.03.10 21:50:52.606,0.87044,0.87094
2013.03.10 21:51:03.469,0.87041,0.87098
2013.03.10 21:51:03.589,0.87043,0.87095
2013.03.10 21:51:03.769,0.87041,0.87102
2013.03.10 21:51:03.829,0.87041,0.87101
2013.03.10 21:51:04.287,0.87044,0.87094
2013.03.10 21:51:19.290,0.87045,0.87092
2013.03.10 21:51:22.929,0.87044,0.87092
2013.03.10 21:51:25.499,0.87044,0.87092
2013.03.10 21:51:25.739,0.87042,0.87097
2013.03.10 21:51:26.277,0.87041,0.87096
2013.03.10 21:51:27.659,0.87041,0.87096
2013.03.10 21:51:27.718,0.87041,0.87104
2013.03.10 21:51:31.543,0.87041,0.87104
2013.03.10 21:51:37.038,0.87042,0.87106
2013.03.10 21:51:48.309,0.87042,0.871
2013.03.10 21:51:48.428,0.87042,0.87105
2013.03.10 21:51:48.548,0.87043,0.87099
2013.03.10 21:51:48.778,0.87042,0.87106
2013.03.10 21:51:48.838,0.87042,0.87099
2013.03.10 21:51:50.589,0.87041,0.87105
2013.03.10 21:52:31.717,0.87039,0.87105
2013.03.10 21:52:50.716,0.87039,0.8712
2013.03.10 21:52:53.729,0.87039,0.8711
2013.03.10 21:53:05.539,0.87041,0.87105
2013.03.10 21:53:05.899,0.87038,0.87099
2013.03.10 21:53:12.255,0.87031,0.871
2013.03.10 21:53:12.439,0.87029,0.87099
2013.03.10 21:53:12.559,0.87023,0.87102
2013.03.10 21:53:12.619,0.87023,0.87099
2013.03.10 21:53:12.979,0.87053,0.87101
2013.03.10 21:53:13.039,0.87053,0.87102
2013.03.10 21:53:13.219,0.87053,0.87101
2013.03.10 21:53:13.338,0.87053,0.87101
2013.03.10 21:53:13.459,0.87053,0.871
2013.03.10 21:53:13.789,0.87053,0.87101
2013.03.10 21:53:13.848,0.87053,0.871
2013.03.10 21:53:14.118,0.87063,0.87099
2013.03.10 21:53:14.178,0.87063,0.87099
2013.03.10 21:53:14.951,0.87063,0.87099
2013.03.10 21:53:15.188,0.87063,0.871
2013.03.10 21:53:33.769,0.87063,0.871
2013.03.10 21:53:34.703,0.87063,0.871
2013.03.10 21:53:41.599,0.87063,0.87101
2013.03.10 21:53:41.719,0.87063,0.87099
2013.03.10 21:53:44.529,0.87063,0.87105
2013.03.10 21:54:08.549,0.87063,0.871
2013.03.10 21:54:09.080,0.87063,0.87101
2013.03.10 21:54:09.652,0.87063,0.87104
2013.03.10 21:54:12.370,0.87063,0.87101
2013.03.10 21:54:12.709,0.87045,0.87102
2013.03.10 21:54:12.829,0.87043,0.87102
2013.03.10 21:54:12.888,0.87043,0.87102
2013.03.10 21:54:13.479,0.87042,0.87106
2013.03.10 21:54:13.659,0.87042,0.87106
2013.03.10 21:54:14.019,0.87044,0.87101
2013.03.10 21:54:14.330,0.87042,0.87104
2013.03.10 21:54:14.449,0.87042,0.87101
2013.03.10 21:54:14.569,0.87042,0.87102
2013.03.10 21:54:14.790,0.87042,0.87104
2013.03.10 21:54:15.309,0.87043,0.87105
2013.03.10 21:54:15.639,0.87042,0.87103
2013.03.10 21:54:15.999,0.87043,0.871
2013.03.10 21:54:16.309,0.87043,0.871
2013.03.10 21:54:16.729,0.87043,0.87097
2013.03.10 21:54:17.519,0.87044,0.87102
2013.03.10 21:54:17.640,0.87042,0.87104
2013.03.10 21:54:18.570,0.87042,0.87104
2013.03.10 21:54:18.689,0.87042,0.87103
2013.03.10 21:54:18.839,0.87042,0.87104
2013.03.10 21:54:23.259,0.87043,0.87104
2013.03.10 21:54:23.786,0.87042,0.87104
2013.03.10 21:54:25.529,0.87042,0.87106
2013.03.10 21:54:28.479,0.87044,0.87106
2013.03.10 21:54:29.146,0.87044,0.87106
2013.03.10 21:54:31.528,0.87043,0.87105
2013.03.10 21:54:31.749,0.87043,0.87107
2013.03.10 21:54:31.989,0.87041,0.87105
2013.03.10 21:54:34.558,0.87043,0.87105
2013.03.10 21:54:36.230,0.87044,0.87108
2013.03.10 21:54:36.569,0.87044,0.87106
2013.03.10 21:54:42.959,0.87044,0.87103
2013.03.10 21:54:43.199,0.87044,0.87108
2013.03.10 21:54:43.601,0.87042,0.87106
2013.03.10 21:54:43.949,0.87043,0.87103
2013.03.10 21:54:44.159,0.87042,0.87106
2013.03.10 21:54:45.900,0.87042,0.87106
2013.03.10 21:54:46.355,0.87045,0.87105
2013.03.10 21:54:52.799,0.87043,0.87107
2013.03.10 21:54:52.929,0.87044,0.87102
2013.03.10 21:54:53.389,0.87044,0.87106
2013.03.10 21:54:53.509,0.87044,0.87105
2013.03.10 21:54:58.202,0.87044,0.87105
2013.03.10 21:54:58.736,0.87045,0.87105
2013.03.10 21:54:59.327,0.87044,0.87106
2013.03.10 21:55:00.869,0.87043,0.87105
2013.03.10 21:55:00.930,0.87043,0.87107
2013.03.10 21:55:01.470,0.87043,0.87107
2013.03.10 21:55:01.957,0.87045,0.87105
2013.03.10 21:55:05.745,0.87044,0.87106
2013.03.10 21:55:10.129,0.87042,0.87106
2013.03.10 21:55:10.439,0.87044,0.8711
2013.03.10 21:55:11.071,0.87045,0.87108
2013.03.10 21:55:13.369,0.87044,0.87106
2013.03.10 21:55:21.549,0.87043,0.87109
2013.03.10 21:55:21.669,0.87045,0.87105
2013.03.10 21:55:21.789,0.87043,0.87107
2013.03.10 21:55:21.909,0.87044,0.87106
2013.03.10 21:55:23.534,0.87043,0.87105
2013.03.10 21:55:23.659,0.87042,0.87106
2013.03.10 21:55:23.729,0.87045,0.87107
2013.03.10 21:55:23.859,0.87043,0.87109
2013.03.10 21:55:24.060,0.87043,0.87109
2013.03.10 21:55:25.289,0.87043,0.87109
2013.03.10 21:55:26.842,0.87046,0.87107
2013.03.10 21:55:27.351,0.87044,0.87108
2013.03.10 21:55:27.679,0.87044,0.87104
2013.03.10 21:55:27.799,0.87043,0.87109
2013.03.10 21:55:27.919,0.87043,0.87104
2013.03.10 21:55:28.279,0.87043,0.87107
2013.03.10 21:55:30.249,0.87044,0.87108
2013.03.10 21:55:32.590,0.87044,0.87106
2013.03.10 21:55:33.509,0.87044,0.87104
2013.03.10 21:55:33.693,0.87044,0.8711
2013.03.10 21:55:33.819,0.87045,0.87105
2013.03.10 21:55:34.059,0.87043,0.87109
2013.03.10 21:55:34.625,0.87044,0.87107
2013.03.10 21:55:35.690,0.87046,0.87109
2013.03.10 21:55:36.134,0.87045,0.87105
2013.03.10 21:55:39.209,0.87046,0.87107
2013.03.10 21:55:39.389,0.87045,0.8711
2013.03.10 21:55:41.125,0.87045,0.87109
2013.03.10 21:55:41.341,0.87045,0.87109
2013.03.10 21:55:44.360,0.87066,0.87111
2013.03.10 21:55:44.540,0.87053,0.87114
2013.03.10 21:55:45.131,0.87066,0.87111
2013.03.10 21:55:45.989,0.87066,0.87109
2013.03.10 21:55:50.091,0.87066,0.87109
2013.03.10 21:55:53.351,0.87065,0.87107
2013.03.10 21:55:55.990,0.87065,0.87107
2013.03.10 21:55:56.231,0.87065,0.87107
2013.03.10 21:56:01.120,0.87065,0.87105
2013.03.10 21:56:01.181,0.87065,0.87104
2013.03.10 21:56:01.310,0.87065,0.87106
2013.03.10 21:56:01.369,0.87065,0.87109
2013.03.10 21:56:09.135,0.87065,0.87109
2013.03.10 21:56:09.657,0.87065,0.87108
2013.03.10 21:56:12.485,0.87087,0.87108
2013.03.10 21:56:12.610,0.87092,0.87116
2013.03.10 21:56:13.149,0.87092,0.87118
2013.03.10 21:56:13.209,0.87092,0.87118
2013.03.10 21:56:13.329,0.87092,0.87116
2013.03.10 21:56:13.522,0.87092,0.87118
2013.03.10 21:56:14.549,0.87092,0.87119
2013.03.10 21:56:14.669,0.87092,0.8712
2013.03.10 21:56:15.501,0.87092,0.87121
2013.03.10 21:56:16.719,0.87092,0.87121
2013.03.10 21:56:17.580,0.87092,0.87122
2013.03.10 21:56:17.879,0.87094,0.8712
2013.03.10 21:56:20.399,0.87094,0.87121
2013.03.10 21:56:38.210,0.87092,0.87121
2013.03.10 21:56:40.350,0.87096,0.87123
2013.03.10 21:56:40.901,0.87092,0.87122
2013.03.10 21:56:51.930,0.87092,0.87121
2013.03.10 21:57:04.339,0.87094,0.87121
2013.03.10 21:57:04.459,0.87094,0.87124
2013.03.10 21:57:04.880,0.87092,0.87122
2013.03.10 21:57:05.536,0.87092,0.87121
2013.03.10 21:57:07.490,0.87092,0.87121
2013.03.10 21:57:18.760,0.87074,0.8712
2013.03.10 21:57:25.100,0.87073,0.87117
2013.03.10 21:58:06.739,0.87073,0.87119
2013.03.10 21:58:16.880,0.87088,0.87118
2013.03.10 21:58:18.774,0.87068,0.87118
2013.03.10 21:58:18.900,0.87086,0.87116
2013.03.10 21:58:19.080,0.87086,0.87116
2013.03.10 21:58:19.140,0.87071,0.87116
2013.03.10 21:58:20.680,0.87089,0.87115
2013.03.10 21:58:21.327,0.87089,0.87115
2013.03.10 21:58:21.729,0.87089,0.87118
2013.03.10 21:58:32.860,0.87071,0.87116
2013.03.10 21:58:33.439,0.87072,0.87115
2013.03.10 21:58:33.499,0.87072,0.87113
2013.03.10 21:58:33.859,0.87072,0.87109
2013.03.10 21:58:36.368,0.87071,0.87108
2013.03.10 21:58:36.671,0.87073,0.87106
2013.03.10 21:58:37.159,0.8707,0.87109
2013.03.10 21:58:39.376,0.87085,0.87109
2013.03.10 21:58:39.879,0.87085,0.87108
2013.03.10 21:58:58.161,0.87068,0.87108
2013.03.10 21:59:00.409,0.87083,0.87105
2013.03.10 21:59:03.920,0.87083,0.87106
2013.03.10 21:59:11.060,0.87083,0.87108
2013.03.10 21:59:23.659,0.87083,0.87106
2013.03.10 21:59:24.759,0.87083,0.87105
2013.03.10 21:59:42.009,0.87083,0.871
2013.03.10 21:59:42.129,0.87083,0.87103
2013.03.10 21:59:42.635,0.87083,0.87098
2013.03.10 21:59:43.152,0.87083,0.87094
2013.03.10 21:59:44.090,0.87083,0.87096
2013.03.10 21:59:44.211,0.87083,0.8709
2013.03.10 21:59:44.591,0.87083,0.8709
2013.03.10 21:59:44.650,0.87083,0.87092
2013.03.10 21:59:44.770,0.87083,0.8709
2013.03.10 21:59:47.181,0.87084,0.87091
2013.03.10 21:59:49.790,0.87084,0.87094
2013.03.10 21:59:49.850,0.87083,0.87092
2013.03.10 21:59:50.423,0.87083,0.87091
2013.03.10 21:59:51.606,0.87084,0.87091
2013.03.10 21:59:51.740,0.87085,0.87093
2013.03.10 21:59:52.279,0.87086,0.87093
2013.03.10 21:59:53.240,0.87086,0.87094
2013.03.10 21:59:53.979,0.87086,0.87095
2013.03.10 21:59:56.091,0.87086,0.87094
2013.03.10 21:59:56.209,0.87086,0.87096
2013.03.10 21:59:59.010,0.87086,0.87094
2013.03.10 21:59:59.871,0.87086,0.87096
2013.03.10 21:59:59.930,0.87086,0.87094
2013.03.10 22:00:00.290,0.87071,0.87087
2013.03.10 22:00:00.361,0.87066,0.87088
2013.03.10 22:00:00.420,0.87078,0.87091
2013.03.10 22:00:00.780,0.87085,0.87101
2013.03.10 22:00:00.900,0.87088,0.87104
2013.03.10 22:00:01.080,0.87079,0.87104
2013.03.10 22:00:01.211,0.87077,0.87099
2013.03.10 22:00:01.332,0.87074,0.87099
2013.03.10 22:00:01.900,0.87076,0.87099
2013.03.10 22:00:02.080,0.87069,0.87094
2013.03.10 22:00:02.219,0.87067,0.87093
2013.03.10 22:00:02.280,0.87063,0.87093
2013.03.10 22:00:02.341,0.87068,0.87091
2013.03.10 22:00:02.523,0.87066,0.87091
2013.03.10 22:00:02.890,0.87063,0.8709
2013.03.10 22:00:02.950,0.87058,0.87081
2013.03.10 22:00:04.530,0.87058,0.87083
2013.03.10 22:00:04.861,0.87058,0.87081
2013.03.10 22:00:05.630,0.87058,0.87083
2013.03.10 22:00:06.620,0.87058,0.87081
2013.03.10 22:00:07.350,0.87059,0.87082
2013.03.10 22:00:08.270,0.87059,0.87081
2013.03.10 22:00:09.690,0.87059,0.87078
2013.03.10 22:00:10.350,0.87059,0.87079
2013.03.10 22:00:10.590,0.87059,0.87081
2013.03.10 22:00:11.289,0.87059,0.87082
2013.03.10 22:00:11.361,0.87059,0.87084
2013.03.10 22:00:11.541,0.87059,0.87087
2013.03.10 22:00:11.846,0.87062,0.87087
2013.03.10 22:00:12.726,0.8706,0.87087
2013.03.10 22:00:12.850,0.87059,0.87085
2013.03.10 22:00:14.440,0.87059,0.87084
2013.03.10 22:00:14.750,0.8706,0.87086
2013.03.10 22:00:15.300,0.8706,0.87087
2013.03.10 22:00:15.420,0.87062,0.87086
2013.03.10 22:00:15.540,0.87059,0.87084
2013.03.10 22:00:16.600,0.8706,0.87083
2013.03.10 22:00:17.060,0.87065,0.87083
2013.03.10 22:00:17.371,0.87065,0.87088
2013.03.10 22:00:19.231,0.87065,0.87087
2013.03.10 22:00:20.491,0.87065,0.87088
2013.03.10 22:00:20.872,0.87065,0.87086
2013.03.10 22:00:21.460,0.87065,0.87084
2013.03.10 22:00:22.480,0.87065,0.87085
2013.03.10 22:00:22.540,0.87065,0.87088
2013.03.10 22:00:30.301,0.87065,0.87087
2013.03.10 22:00:30.860,0.87065,0.87088
2013.03.10 22:00:31.862,0.87068,0.87088
2013.03.10 22:00:32.334,0.87074,0.87088
2013.03.10 22:00:32.684,0.87079,0.8709
2013.03.10 22:00:32.812,0.87082,0.87099
2013.03.10 22:00:32.933,0.87079,0.87099
2013.03.10 22:00:34.010,0.87078,0.87099
2013.03.10 22:00:35.507,0.8708,0.87099
2013.03.10 22:00:35.651,0.8708,0.87101
2013.03.10 22:00:35.712,0.87089,0.87101
2013.03.10 22:00:36.342,0.8709,0.87101
2013.03.10 22:00:36.473,0.87084,0.87101
2013.03.10 22:00:37.395,0.87084,0.87099
2013.03.10 22:00:37.717,0.87087,0.87099
2013.03.10 22:00:38.837,0.87088,0.87099
2013.03.10 22:00:39.393,0.87089,0.87102
2013.03.10 22:00:39.461,0.87083,0.87102
2013.03.10 22:00:41.158,0.87083,0.87105
2013.03.10 22:00:41.772,0.8709,0.87107
2013.03.10 22:00:42.083,0.8709,0.8711
2013.03.10 22:00:43.222,0.87087,0.8711
2013.03.10 22:00:45.043,0.87085,0.8711
2013.03.10 22:00:45.281,0.87088,0.87111
2013.03.10 22:00:45.643,0.87093,0.87111
2013.03.10 22:00:46.693,0.87094,0.87111
2013.03.10 22:00:47.952,0.8709,0.87112
2013.03.10 22:00:49.056,0.87089,0.87112
2013.03.10 22:00:49.357,0.87091,0.87112
2013.03.10 22:00:49.874,0.87092,0.87111
2013.03.10 22:00:50.352,0.87092,0.87113
2013.03.10 22:00:50.412,0.87094,0.87113
2013.03.10 22:00:50.764,0.87096,0.87114
2013.03.10 22:00:51.222,0.87092,0.87115
2013.03.10 22:00:51.612,0.87095,0.87117
2013.03.10 22:00:52.103,0.87098,0.87117
2013.03.10 22:00:52.612,0.87098,0.87118
2013.03.10 22:00:52.752,0.87094,0.87119
2013.03.10 22:00:53.182,0.87096,0.87119
2013.03.10 22:00:53.706,0.87097,0.8712
2013.03.10 22:00:54.042,0.87097,0.87122
2013.03.10 22:00:55.692,0.87096,0.87119
2013.03.10 22:00:56.882,0.87095,0.87118
2013.03.10 22:00:58.603,0.87098,0.8712
2013.03.10 22:00:59.214,0.87098,0.87121
2013.03.10 22:01:00.385,0.87099,0.87123
2013.03.10 22:01:00.791,0.87099,0.87119
2013.03.10 22:01:01.412,0.87099,0.87124
2013.03.10 22:01:01.702,0.87097,0.87126
2013.03.10 22:01:01.761,0.87093,0.87128
2013.03.10 22:01:01.881,0.87091,0.8713
2013.03.10 22:01:02.002,0.8709,0.87128
2013.03.10 22:01:02.972,0.87091,0.87128
2013.03.10 22:01:03.564,0.87091,0.87127
2013.03.10 22:01:04.241,0.87092,0.87127
2013.03.10 22:01:04.859,0.87099,0.87127
2013.03.10 22:01:05.309,0.87099,0.87124
2013.03.10 22:01:05.693,0.87099,0.87127
2013.03.10 22:01:09.862,0.87099,0.8713
2013.03.10 22:01:12.172,0.87102,0.8713
2013.03.10 22:01:13.141,0.87102,0.87127
2013.03.10 22:01:19.143,0.87102,0.87125
2013.03.10 22:01:19.213,0.87096,0.87123
2013.03.10 22:01:22.332,0.87096,0.8712
2013.03.10 22:01:22.692,0.87095,0.87117
2013.03.10 22:01:26.654,0.87094,0.87113
2013.03.10 22:01:27.183,0.87096,0.87119
2013.03.10 22:01:27.442,0.87093,0.8712
2013.03.10 22:01:32.081,0.87093,0.87117
2013.03.10 22:01:35.235,0.87093,0.8712
2013.03.10 22:01:42.782,0.87096,0.8712
2013.03.10 22:01:44.481,0.87093,0.87119
2013.03.10 22:01:46.267,0.87093,0.8712
2013.03.10 22:01:47.002,0.87095,0.8712
2013.03.10 22:01:47.576,0.87095,0.87118
2013.03.10 22:01:47.653,0.87093,0.8712
2013.03.10 22:01:47.985,0.87093,0.87118
2013.03.10 22:01:48.112,0.87093,0.8712
2013.03.10 22:01:50.313,0.87094,0.87116
2013.03.10 22:01:50.405,0.87093,0.8712
2013.03.10 22:01:54.542,0.87093,0.87119
2013.03.10 22:01:55.094,0.87092,0.87119
2013.03.10 22:01:55.651,0.87092,0.87118
2013.03.10 22:01:56.201,0.87093,0.87118
2013.03.10 22:01:56.557,0.8709,0.87119
2013.03.10 22:01:57.166,0.87093,0.8712
2013.03.10 22:01:57.601,0.8709,0.87123
2013.03.10 22:01:57.925,0.87095,0.87124
2013.03.10 22:02:01.540,0.87096,0.87124
2013.03.10 22:02:02.251,0.87097,0.87124
2013.03.10 22:02:04.073,0.87098,0.87125
2013.03.10 22:02:04.602,0.87097,0.87124
2013.03.10 22:02:05.493,0.871,0.87127
2013.03.10 22:02:06.376,0.87102,0.87127
2013.03.10 22:02:09.453,0.87102,0.87128
2013.03.10 22:02:09.514,0.87102,0.87131
2013.03.10 22:02:12.029,0.87104,0.87131
2013.03.10 22:02:12.632,0.87103,0.87131
2013.03.10 22:02:14.152,0.87104,0.87131
2013.03.10 22:02:20.463,0.87106,0.87131
2013.03.10 22:02:31.306,0.87106,0.87128
2013.03.10 22:02:31.915,0.87106,0.87131
2013.03.10 22:02:40.675,0.87107,0.87131
2013.03.10 22:02:48.203,0.87105,0.87131
2013.03.10 22:02:48.395,0.87103,0.87131
2013.03.10 22:02:49.057,0.87104,0.87131
2013.03.10 22:02:55.102,0.87103,0.87131
2013.03.10 22:02:55.680,0.87104,0.87131
2013.03.10 22:02:56.993,0.87104,0.8713
2013.03.10 22:02:57.053,0.87102,0.8713
2013.03.10 22:02:58.003,0.87105,0.8713
2013.03.10 22:02:59.423,0.87105,0.87131
2013.03.10 22:03:01.603,0.87104,0.87131
2013.03.10 22:03:07.633,0.87104,0.87128
2013.03.10 22:03:07.961,0.87104,0.87124
2013.03.10 22:03:08.295,0.87106,0.87124
2013.03.10 22:03:16.804,0.87104,0.87124
2013.03.10 22:03:16.934,0.87103,0.87121
2013.03.10 22:03:17.304,0.871,0.87119
2013.03.10 22:03:17.374,0.871,0.87121
2013.03.10 22:03:18.583,0.871,0.87118
2013.03.10 22:03:19.065,0.871,0.87121
2013.03.10 22:03:19.604,0.871,0.8712
2013.03.10 22:03:19.854,0.871,0.87117
2013.03.10 22:03:20.406,0.871,0.87116
2013.03.10 22:03:21.091,0.871,0.87117
2013.03.10 22:03:23.813,0.87098,0.87117
2013.03.10 22:03:26.756,0.87098,0.87115
2013.03.10 22:03:26.960,0.87096,0.87115
2013.03.10 22:03:28.013,0.87096,0.87116
2013.03.10 22:03:29.464,0.87096,0.87115
2013.03.10 22:03:30.073,0.87096,0.87116
2013.03.10 22:03:45.293,0.87098,0.87116
2013.03.10 22:03:45.819,0.87099,0.87116
2013.03.10 22:03:46.435,0.87098,0.87115
2013.03.10 22:03:46.954,0.87098,0.87116
2013.03.10 22:03:49.095,0.87098,0.87117
2013.03.10 22:03:49.623,0.87096,0.87118
2013.03.10 22:03:52.163,0.871,0.87117
2013.03.10 22:03:52.687,0.871,0.87116
2013.03.10 22:03:53.863,0.871,0.87113
2013.03.10 22:03:55.734,0.87097,0.87113
2013.03.10 22:03:57.285,0.87096,0.87113
2013.03.10 22:03:58.954,0.87099,0.87113
2013.03.10 22:03:59.504,0.871,0.87113
2013.03.10 22:04:00.146,0.87099,0.87113
2013.03.10 22:04:00.503,0.87102,0.87114
2013.03.10 22:04:07.245,0.87097,0.87116
2013.03.10 22:04:07.316,0.87099,0.87116
2013.03.10 22:04:07.384,0.87099,0.87119
2013.03.10 22:04:07.933,0.87097,0.87118
2013.03.10 22:04:08.183,0.87097,0.87118
2013.03.10 22:04:10.252,0.87097,0.87119
2013.03.10 22:04:11.703,0.87096,0.87118
2013.03.10 22:04:12.193,0.87096,0.87115
2013.03.10 22:04:15.083,0.87098,0.87116
2013.03.10 22:04:20.543,0.87098,0.87118
2013.03.10 22:04:20.723,0.87098,0.87116
2013.03.10 22:04:24.163,0.87098,0.87117
2013.03.10 22:04:26.183,0.87097,0.87118
2013.03.10 22:04:29.163,0.87097,0.87116
2013.03.10 22:04:32.263,0.87097,0.87117
2013.03.10 22:04:43.093,0.87097,0.87119
2013.03.10 22:04:43.664,0.87097,0.87119
2013.03.10 22:04:48.263,0.87096,0.87118
2013.03.10 22:04:48.574,0.87097,0.87117
2013.03.10 22:04:48.704,0.871,0.87118
2013.03.10 22:04:48.779,0.87099,0.87118
2013.03.10 22:04:48.845,0.87099,0.87121
2013.03.10 22:04:48.975,0.87097,0.8712
2013.03.10 22:04:49.044,0.87099,0.87121
2013.03.10 22:04:49.353,0.87098,0.87122
2013.03.10 22:04:49.594,0.87096,0.8712
2013.03.10 22:04:49.714,0.87099,0.8712
2013.03.10 22:04:50.354,0.871,0.87122
2013.03.10 22:04:50.744,0.87101,0.87123
2013.03.10 22:04:52.003,0.87099,0.87122
2013.03.10 22:04:52.784,0.87102,0.87122
2013.03.10 22:04:53.094,0.87101,0.87124
2013.03.10 22:04:56.304,0.87103,0.87124
2013.03.10 22:04:58.144,0.87101,0.87124
2013.03.10 22:05:00.188,0.87106,0.87125
2013.03.10 22:05:00.697,0.87102,0.87125
2013.03.10 22:05:03.454,0.87106,0.87125
2013.03.10 22:05:03.526,0.87108,0.87128
2013.03.10 22:05:04.243,0.8711,0.87129
2013.03.10 22:05:05.231,0.87109,0.87131
2013.03.10 22:05:08.163,0.87109,0.8713
2013.03.10 22:05:08.476,0.87106,0.87129
2013.03.10 22:05:09.394,0.87106,0.87126
2013.03.10 22:05:10.263,0.87106,0.87126
2013.03.10 22:05:11.854,0.87109,0.8713
2013.03.10 22:05:11.984,0.8711,0.87134
2013.03.10 22:05:12.284,0.87114,0.87135
2013.03.10 22:05:13.485,0.87111,0.87133
2013.03.10 22:05:15.437,0.87112,0.87131
2013.03.10 22:05:15.980,0.87111,0.87131
2013.03.10 22:05:17.883,0.87109,0.87132
2013.03.10 22:05:21.664,0.87124,0.87135
2013.03.10 22:05:22.033,0.87117,0.87139
2013.03.10 22:05:22.103,0.87117,0.8714
2013.03.10 22:05:22.164,0.87117,0.87139
2013.03.10 22:05:22.415,0.87117,0.87137
2013.03.10 22:05:22.485,0.87114,0.87136
2013.03.10 22:05:32.839,0.87116,0.87136
2013.03.10 22:05:33.525,0.87113,0.87136
2013.03.10 22:05:35.475,0.87113,0.87137
2013.03.10 22:05:36.914,0.87115,0.87138
2013.03.10 22:05:38.214,0.87114,0.87138
2013.03.10 22:05:39.379,0.87115,0.87138
2013.03.10 22:05:40.216,0.87115,0.87137
2013.03.10 22:05:40.850,0.87115,0.87137
2013.03.10 22:05:41.093,0.87115,0.87138
2013.03.10 22:05:41.765,0.87115,0.87138
2013.03.10 22:05:44.804,0.87115,0.87137
2013.03.10 22:05:45.054,0.87115,0.87136
2013.03.10 22:05:45.123,0.87115,0.87137
2013.03.10 22:05:45.673,0.87115,0.87137
2013.03.10 22:05:46.325,0.87115,0.87137
2013.03.10 22:05:46.515,0.87113,0.87137
2013.03.10 22:05:47.785,0.87113,0.87135
2013.03.10 22:05:48.093,0.87113,0.87133
2013.03.10 22:05:48.153,0.87113,0.87134
2013.03.10 22:05:48.633,0.87115,0.87132
2013.03.10 22:05:48.755,0.87112,0.87134
2013.03.10 22:05:48.885,0.87112,0.87134
2013.03.10 22:05:49.269,0.87117,0.87137
2013.03.10 22:05:49.336,0.87117,0.87138
2013.03.10 22:05:49.536,0.87119,0.87141
2013.03.10 22:05:49.606,0.87118,0.8714
2013.03.10 22:05:49.736,0.87115,0.8714
2013.03.10 22:05:50.225,0.87116,0.87136
2013.03.10 22:05:50.294,0.87116,0.87139
2013.03.10 22:05:52.073,0.87116,0.87138
2013.03.10 22:05:52.583,0.87115,0.87135
2013.03.10 22:05:53.485,0.87115,0.87134
2013.03.10 22:05:53.915,0.87115,0.87137
2013.03.10 22:05:54.194,0.87115,0.87134
2013.03.10 22:05:55.157,0.87115,0.87136
2013.03.10 22:05:55.228,0.87115,0.87135
2013.03.10 22:05:55.653,0.87126,0.87135
2013.03.10 22:05:55.714,0.87126,0.87141
2013.03.10 22:05:55.907,0.87126,0.87146
2013.03.10 22:05:55.976,0.87126,0.87143
2013.03.10 22:05:56.174,0.87118,0.87141
2013.03.10 22:05:56.365,0.87118,0.8714
2013.03.10 22:05:56.914,0.87117,0.8714
2013.03.10 22:05:58.123,0.87116,0.8714
2013.03.10 22:05:58.436,0.87118,0.8714
2013.03.10 22:05:58.654,0.87117,0.8714
2013.03.10 22:06:00.197,0.87116,0.87139
2013.03.10 22:06:01.564,0.87116,0.87139
2013.03.10 22:06:04.693,0.87116,0.87138
2013.03.10 22:06:04.825,0.87118,0.87139
2013.03.10 22:06:05.384,0.87118,0.87139
2013.03.10 22:06:05.514,0.87117,0.87142
2013.03.10 22:06:05.585,0.87119,0.8714
2013.03.10 22:06:06.720,0.87119,0.87141
2013.03.10 22:06:07.254,0.87119,0.87141
2013.03.10 22:06:09.178,0.87119,0.87142
2013.03.10 22:06:09.306,0.87118,0.87142
2013.03.10 22:06:10.245,0.87118,0.87141
2013.03.10 22:06:10.695,0.87118,0.87141
2013.03.10 22:06:14.045,0.87118,0.8714
2013.03.10 22:06:29.825,0.87117,0.87137
2013.03.10 22:06:29.897,0.87114,0.87137
2013.03.10 22:06:31.666,0.87114,0.87138
2013.03.10 22:06:38.975,0.87115,0.87138
2013.03.10 22:06:40.164,0.87114,0.87138
2013.03.10 22:06:43.241,0.87116,0.87138
2013.03.10 22:06:43.658,0.87114,0.87138
2013.03.10 22:06:50.114,0.87115,0.87138
2013.03.10 22:06:50.664,0.87115,0.87138
2013.03.10 22:06:51.605,0.87116,0.87138
2013.03.10 22:06:51.936,0.87115,0.87137
2013.03.10 22:06:55.895,0.87115,0.87136
2013.03.10 22:06:59.794,0.87114,0.87135
2013.03.10 22:07:00.175,0.87111,0.87134
2013.03.10 22:07:00.388,0.87105,0.87129
2013.03.10 22:07:00.456,0.87108,0.87127
2013.03.10 22:07:00.597,0.87102,0.87123
2013.03.10 22:07:00.725,0.87101,0.8712
2013.03.10 22:07:01.044,0.87098,0.8712
2013.03.10 22:07:01.586,0.87098,0.8712
2013.03.10 22:07:01.774,0.87098,0.87117
2013.03.10 22:07:02.318,0.87098,0.87119
2013.03.10 22:07:03.595,0.87098,0.87117
2013.03.10 22:07:04.105,0.87098,0.8712
2013.03.10 22:07:04.234,0.871,0.87119
2013.03.10 22:07:07.077,0.871,0.87123
2013.03.10 22:07:07.145,0.87103,0.87124
2013.03.10 22:07:07.216,0.87103,0.87127
2013.03.10 22:07:07.285,0.87104,0.87128
2013.03.10 22:07:07.594,0.87106,0.8713
2013.03.10 22:07:10.328,0.87106,0.87127
2013.03.10 22:07:10.455,0.87106,0.87129
2013.03.10 22:07:11.814,0.87105,0.87129
2013.03.10 22:07:12.315,0.87103,0.87129
2013.03.10 22:07:13.054,0.87103,0.87127
2013.03.10 22:07:14.843,0.87103,0.87126
2013.03.10 22:07:15.444,0.87103,0.87127
2013.03.10 22:07:17.516,0.87105,0.87129
2013.03.10 22:07:17.855,0.87105,0.87126
2013.03.10 22:07:21.237,0.87105,0.8712
2013.03.10 22:07:21.307,0.87103,0.87125
2013.03.10 22:07:21.434,0.87103,0.87124
2013.03.10 22:07:21.815,0.87103,0.87125
2013.03.10 22:07:21.943,0.87103,0.87125
2013.03.10 22:07:22.126,0.87103,0.87125
2013.03.10 22:07:23.066,0.87103,0.87121
2013.03.10 22:07:25.686,0.87103,0.87123
2013.03.10 22:07:27.904,0.87103,0.87125
2013.03.10 22:07:28.029,0.87103,0.87126
2013.03.10 22:07:28.618,0.87103,0.87125
2013.03.10 22:07:31.737,0.87103,0.87126
2013.03.10 22:07:32.313,0.87104,0.87126
2013.03.10 22:07:34.181,0.87104,0.87125
2013.03.10 22:07:34.680,0.87104,0.87123
2013.03.10 22:07:40.827,0.87102,0.87126
2013.03.10 22:07:57.816,0.87104,0.87127
2013.03.10 22:08:01.895,0.87105,0.87124
2013.03.10 22:08:01.965,0.87106,0.87126
2013.03.10 22:08:02.094,0.87106,0.8713
2013.03.10 22:08:02.165,0.87107,0.87133
2013.03.10 22:08:09.425,0.87109,0.87133
2013.03.10 22:08:16.455,0.87111,0.87135
2013.03.10 22:08:16.645,0.87111,0.87135
2013.03.10 22:08:20.470,0.87111,0.87134
2013.03.10 22:08:22.414,0.87112,0.87135
2013.03.10 22:08:22.955,0.87112,0.87136
2013.03.10 22:08:24.009,0.87112,0.87134
2013.03.10 22:08:27.907,0.87112,0.87135
2013.03.10 22:08:28.745,0.87112,0.87136
2013.03.10 22:08:29.215,0.87114,0.87135
2013.03.10 22:08:29.284,0.87114,0.87138
2013.03.10 22:08:30.575,0.87114,0.87136
2013.03.10 22:08:30.766,0.87117,0.8714
2013.03.10 22:08:30.834,0.87117,0.87141
2013.03.10 22:08:32.090,0.87117,0.87141
2013.03.10 22:08:32.214,0.87118,0.8714
2013.03.10 22:08:32.954,0.87118,0.87139
2013.03.10 22:08:34.856,0.87121,0.87145
2013.03.10 22:08:35.382,0.8712,0.87145
2013.03.10 22:08:39.073,0.87122,0.87146
2013.03.10 22:08:39.394,0.87122,0.87146
2013.03.10 22:08:39.943,0.8712,0.87146
2013.03.10 22:08:40.024,0.87122,0.87146
2013.03.10 22:08:42.033,0.87121,0.87146
2013.03.10 22:08:42.573,0.8712,0.87145
2013.03.10 22:08:48.195,0.8712,0.87143
2013.03.10 22:08:48.384,0.87119,0.87141
2013.03.10 22:08:49.684,0.87119,0.87142
2013.03.10 22:08:51.756,0.87125,0.87144
2013.03.10 22:08:52.636,0.87123,0.87144
2013.03.10 22:08:52.884,0.8712,0.87144
2013.03.10 22:08:55.564,0.8712,0.87144
2013.03.10 22:08:55.745,0.8712,0.87144
2013.03.10 22:08:56.557,0.87124,0.87144
2013.03.10 22:09:01.886,0.87126,0.87145
2013.03.10 22:09:01.956,0.87126,0.87146
2013.03.10 22:09:02.026,0.87124,0.87148
2013.03.10 22:09:02.095,0.87127,0.87149
2013.03.10 22:09:02.404,0.8713,0.8715
2013.03.10 22:09:02.714,0.87134,0.8715
2013.03.10 22:09:02.903,0.87128,0.8715
2013.03.10 22:09:11.685,0.8713,0.87154
2013.03.10 22:09:17.914,0.87131,0.87155
2013.03.10 22:09:18.285,0.87137,0.87155
2013.03.10 22:09:18.662,0.8714,0.87155
2013.03.10 22:09:20.626,0.87141,0.87155
2013.03.10 22:09:21.934,0.8714,0.87155
2013.03.10 22:09:23.394,0.87134,0.87151
2013.03.10 22:09:23.645,0.87134,0.87154
2013.03.10 22:09:24.208,0.87134,0.87156
2013.03.10 22:09:26.354,0.87137,0.87156
2013.03.10 22:09:27.621,0.87142,0.87156
2013.03.10 22:09:28.605,0.87142,0.87157
2013.03.10 22:09:28.977,0.87135,0.87158
2013.03.10 22:09:29.344,0.87135,0.87156
2013.03.10 22:09:29.464,0.87135,0.87156
2013.03.10 22:09:30.495,0.87135,0.87157
2013.03.10 22:09:31.894,0.87135,0.87159
2013.03.10 22:09:32.401,0.87136,0.87158
2013.03.10 22:09:33.004,0.87136,0.87158
2013.03.10 22:09:33.555,0.87138,0.87158
2013.03.10 22:09:34.292,0.87138,0.87158
2013.03.10 22:09:34.932,0.87137,0.87158
2013.03.10 22:09:36.100,0.87138,0.87158
2013.03.10 22:09:36.626,0.87138,0.87158
2013.03.10 22:09:36.886,0.87133,0.87157
2013.03.10 22:09:37.017,0.87131,0.87157
2013.03.10 22:09:37.220,0.87129,0.87155
2013.03.10 22:09:38.276,0.87129,0.87152
2013.03.10 22:09:41.405,0.8713,0.87154
2013.03.10 22:09:44.097,0.87131,0.87155
2013.03.10 22:09:49.316,0.87131,0.87155
2013.03.10 22:09:49.566,0.87131,0.87155
2013.03.10 22:09:52.085,0.8713,0.87154
2013.03.10 22:09:53.895,0.87131,0.87154
2013.03.10 22:09:55.426,0.87129,0.87155
2013.03.10 22:10:00.483,0.87131,0.87155
2013.03.10 22:10:02.778,0.87129,0.87155
2013.03.10 22:10:03.204,0.87134,0.87155
2013.03.10 22:10:04.374,0.87129,0.87155
2013.03.10 22:10:11.180,0.87132,0.87155
2013.03.10 22:10:12.733,0.8713,0.87155
2013.03.10 22:10:15.643,0.87132,0.87155
2013.03.10 22:10:15.964,0.87131,0.87153
2013.03.10 22:10:17.065,0.87132,0.87153
2013.03.10 22:10:17.254,0.87129,0.87153
2013.03.10 22:10:20.894,0.87131,0.87153
2013.03.10 22:10:26.805,0.87127,0.87151
2013.03.10 22:10:29.865,0.87129,0.87151
2013.03.10 22:10:46.425,0.87131,0.87153
2013.03.10 22:10:52.104,0.87131,0.87153
2013.03.10 22:10:52.635,0.87131,0.87153
2013.03.10 22:10:53.275,0.87131,0.87153
2013.03.10 22:10:53.824,0.87131,0.87153
2013.03.10 22:10:54.369,0.87131,0.87153
2013.03.10 22:10:56.743,0.87131,0.87153
2013.03.10 22:10:56.924,0.8713,0.87152
2013.03.10 22:10:58.065,0.87128,0.87152
2013.03.10 22:10:58.784,0.87128,0.87152
2013.03.10 22:11:00.055,0.87128,0.87151
2013.03.10 22:11:01.453,0.87128,0.87152
2013.03.10 22:11:03.075,0.87129,0.87152
2013.03.10 22:11:04.050,0.87129,0.87152
2013.03.10 22:11:04.676,0.87129,0.87151
2013.03.10 22:11:05.311,0.87129,0.87152
2013.03.10 22:11:06.045,0.87129,0.87151
2013.03.10 22:11:06.328,0.87128,0.8715
2013.03.10 22:11:11.314,0.8713,0.87151
2013.03.10 22:11:11.435,0.87128,0.87152
2013.03.10 22:11:11.506,0.87131,0.87153
2013.03.10 22:11:13.084,0.87131,0.87153
2013.03.10 22:11:13.620,0.87131,0.87153
2013.03.10 22:11:14.974,0.87131,0.87153
2013.03.10 22:11:16.135,0.87131,0.87153
2013.03.10 22:11:16.455,0.87136,0.87155
2013.03.10 22:11:16.586,0.87136,0.87157
2013.03.10 22:11:17.076,0.87138,0.87156
2013.03.10 22:11:17.145,0.87134,0.87156
2013.03.10 22:11:17.634,0.87133,0.87155
2013.03.10 22:11:18.155,0.87133,0.87155
2013.03.10 22:11:24.454,0.87133,0.87155
2013.03.10 22:11:24.514,0.8713,0.87151
2013.03.10 22:11:33.564,0.87128,0.8715
2013.03.10 22:11:34.106,0.87127,0.87149
2013.03.10 22:11:53.825,0.87126,0.87149
2013.03.10 22:12:04.084,0.87128,0.87149
2013.03.10 22:12:15.689,0.87128,0.8715
2013.03.10 22:12:16.235,0.87128,0.8715
2013.03.10 22:12:25.411,0.87128,0.8715
2013.03.10 22:12:30.074,0.87129,0.87151
2013.03.10 22:12:32.876,0.87131,0.87151
2013.03.10 22:12:34.593,0.87129,0.87151
2013.03.10 22:12:35.534,0.8713,0.87152
2013.03.10 22:12:36.256,0.8713,0.87151
2013.03.10 22:12:40.749,0.8713,0.87151
2013.03.10 22:12:41.304,0.8713,0.87147
2013.03.10 22:12:42.297,0.8713,0.87151
2013.03.10 22:12:42.798,0.8713,0.87151
2013.03.10 22:12:46.247,0.87129,0.87151
2013.03.10 22:12:46.793,0.87131,0.87151
2013.03.10 22:13:09.025,0.8713,0.8715
2013.03.10 22:13:15.954,0.8713,0.87151
2013.03.10 22:13:19.044,0.8713,0.87151
2013.03.10 22:13:34.719,0.87132,0.87152
2013.03.10 22:13:36.284,0.87132,0.87152
2013.03.10 22:13:36.525,0.87132,0.87152
2013.03.10 22:13:37.000,0.87135,0.87154
2013.03.10 22:13:37.078,0.87135,0.87158
2013.03.10 22:13:37.576,0.87135,0.87157
2013.03.10 22:13:38.255,0.87136,0.87158
2013.03.10 22:13:40.178,0.87135,0.87157
2013.03.10 22:13:49.486,0.87137,0.87158
2013.03.10 22:13:51.775,0.87137,0.87157
2013.03.10 22:13:54.205,0.87137,0.87157
2013.03.10 22:13:54.515,0.87138,0.87157
2013.03.10 22:13:54.895,0.87138,0.87154
2013.03.10 22:13:54.969,0.87134,0.87154
2013.03.10 22:13:55.645,0.87137,0.87154
2013.03.10 22:13:57.354,0.87134,0.87154
2013.03.10 22:13:58.220,0.87135,0.87154
2013.03.10 22:13:59.637,0.87136,0.87152
2013.03.10 22:13:59.767,0.8713,0.87152
2013.03.10 22:13:59.897,0.8713,0.87152
2013.03.10 22:14:00.206,0.87136,0.87154
2013.03.10 22:14:00.457,0.87133,0.87153
2013.03.10 22:14:00.827,0.87129,0.87151
2013.03.10 22:14:00.895,0.87131,0.87151
2013.03.10 22:14:00.964,0.87132,0.87153
2013.03.10 22:14:01.274,0.87135,0.87153
2013.03.10 22:14:02.806,0.87138,0.87153
2013.03.10 22:14:03.994,0.87138,0.87153
2013.03.10 22:14:04.874,0.87136,0.87153
2013.03.10 22:14:06.854,0.87135,0.87154
2013.03.10 22:14:12.125,0.8714,0.87154
2013.03.10 22:14:12.245,0.87133,0.87154
2013.03.10 22:14:12.435,0.87135,0.87153
2013.03.10 22:14:13.065,0.87135,0.87154
2013.03.10 22:14:14.346,0.87135,0.87155
2013.03.10 22:14:15.437,0.87134,0.87155
2013.03.10 22:14:15.575,0.87133,0.87155
2013.03.10 22:14:17.081,0.87133,0.87155
2013.03.10 22:14:22.986,0.87133,0.87154
2013.03.10 22:14:23.315,0.87132,0.87154
2013.03.10 22:14:23.435,0.87135,0.87155
2013.03.10 22:14:23.759,0.87135,0.87157
2013.03.10 22:14:26.155,0.87135,0.87157
2013.03.10 22:14:26.686,0.87134,0.87154
2013.03.10 22:14:31.537,0.87135,0.87156
2013.03.10 22:14:31.747,0.87136,0.87156
2013.03.10 22:14:32.076,0.87137,0.87159
2013.03.10 22:14:32.397,0.87136,0.87156
2013.03.10 22:14:32.855,0.87137,0.87159
2013.03.10 22:14:34.179,0.87135,0.87157
2013.03.10 22:14:34.317,0.87136,0.87158
2013.03.10 22:14:34.799,0.87139,0.87159
2013.03.10 22:14:35.306,0.87139,0.87162
2013.03.10 22:14:35.497,0.8714,0.8716
2013.03.10 22:14:36.365,0.87137,0.87159
2013.03.10 22:14:37.855,0.87138,0.8716
2013.03.10 22:14:42.895,0.87137,0.87158
2013.03.10 22:14:44.195,0.87138,0.87161
2013.03.10 22:14:44.738,0.8714,0.87161
2013.03.10 22:14:50.835,0.8714,0.87161
2013.03.10 22:14:50.957,0.8714,0.8716
2013.03.10 22:14:51.925,0.87139,0.87159
2013.03.10 22:14:53.715,0.8714,0.8716
2013.03.10 22:14:55.907,0.8714,0.8716
2013.03.10 22:14:59.806,0.87139,0.8716
2013.03.10 22:14:59.995,0.87139,0.8716
2013.03.10 22:15:00.667,0.87139,0.8716
2013.03.10 22:15:01.515,0.87139,0.8716
2013.03.10 22:15:06.685,0.8714,0.87161
2013.03.10 22:15:11.045,0.8714,0.87158
2013.03.10 22:15:11.175,0.87138,0.87158
2013.03.10 22:15:11.354,0.87136,0.87158
2013.03.10 22:15:15.169,0.87136,0.87156
2013.03.10 22:15:15.425,0.87136,0.87156
2013.03.10 22:15:33.536,0.87137,0.87159
2013.03.10 22:15:36.795,0.87136,0.87156
2013.03.10 22:15:42.346,0.87136,0.87156
2013.03.10 22:15:44.877,0.87136,0.87156
2013.03.10 22:15:44.947,0.87135,0.87156
2013.03.10 22:15:45.505,0.87135,0.87156
2013.03.10 22:15:46.558,0.87135,0.87152
2013.03.10 22:15:46.808,0.8713,0.87149
2013.03.10 22:15:47.250,0.8713,0.87148
2013.03.10 22:15:47.321,0.87129,0.87148
2013.03.10 22:15:47.890,0.87131,0.87148
2013.03.10 22:15:49.916,0.87131,0.87146
2013.03.10 22:15:49.986,0.87129,0.87146
2013.03.10 22:15:50.307,0.87127,0.87146
2013.03.10 22:15:54.035,0.87125,0.87145
2013.03.10 22:15:55.466,0.87126,0.87146
2013.03.10 22:15:55.775,0.87125,0.87145
2013.03.10 22:15:56.446,0.87126,0.87146
2013.03.10 22:15:57.029,0.87125,0.87145
2013.03.10 22:16:00.136,0.87125,0.87145
2013.03.10 22:16:06.956,0.87125,0.87145
2013.03.10 22:16:12.258,0.87123,0.87142
2013.03.10 22:16:12.986,0.87124,0.87144
2013.03.10 22:16:13.117,0.87127,0.87149
2013.03.10 22:16:13.307,0.87129,0.8715
2013.03.10 22:16:15.387,0.87131,0.8715
2013.03.10 22:16:16.355,0.87131,0.87151
2013.03.10 22:16:19.405,0.87131,0.87149
2013.03.10 22:16:19.475,0.87126,0.87145
2013.03.10 22:16:19.787,0.87124,0.87142
2013.03.10 22:16:19.915,0.87122,0.87142
2013.03.10 22:16:20.045,0.87121,0.87142
2013.03.10 22:16:26.226,0.8712,0.8714
2013.03.10 22:16:26.360,0.87123,0.87143
2013.03.10 22:16:26.486,0.87123,0.87143
2013.03.10 22:16:28.658,0.87125,0.87145
2013.03.10 22:16:28.787,0.87131,0.87149
2013.03.10 22:16:28.857,0.87132,0.87152
2013.03.10 22:16:28.987,0.87132,0.87152
2013.03.10 22:16:29.298,0.87132,0.87153
2013.03.10 22:16:29.735,0.87132,0.87152
2013.03.10 22:16:30.386,0.87132,0.87152
2013.03.10 22:16:31.169,0.87129,0.8715
2013.03.10 22:16:31.766,0.87127,0.87147
2013.03.10 22:16:33.206,0.87127,0.87145
2013.03.10 22:16:33.336,0.87124,0.87141
2013.03.10 22:16:36.887,0.87124,0.87141
2013.03.10 22:16:37.075,0.87123,0.87141
2013.03.10 22:16:40.068,0.87122,0.87141
2013.03.10 22:16:41.087,0.87119,0.87141
2013.03.10 22:16:41.456,0.87119,0.87141
2013.03.10 22:16:46.226,0.8712,0.87144
2013.03.10 22:16:46.487,0.87123,0.87145
2013.03.10 22:16:50.577,0.87122,0.87144
2013.03.10 22:17:01.845,0.87122,0.87142
2013.03.10 22:17:06.605,0.8712,0.87141
2013.03.10 22:17:08.340,0.87122,0.87142
2013.03.10 22:17:12.978,0.87122,0.87142
2013.03.10 22:17:13.827,0.87123,0.87143
2013.03.10 22:17:14.469,0.87123,0.87145
2013.03.10 22:17:14.726,0.87125,0.87145
2013.03.10 22:17:17.058,0.87125,0.87145
2013.03.10 22:17:19.036,0.87125,0.87142
2013.03.10 22:17:20.046,0.87124,0.87142
2013.03.10 22:17:20.566,0.87122,0.87142
2013.03.10 22:17:22.667,0.87122,0.87146
2013.03.10 22:17:23.164,0.87124,0.87146
2013.03.10 22:17:23.488,0.87126,0.87147
2013.03.10 22:17:23.797,0.87126,0.87146
2013.03.10 22:17:28.507,0.87124,0.87144
2013.03.10 22:17:31.196,0.87126,0.87146
2013.03.10 22:17:31.266,0.87126,0.87147
2013.03.10 22:17:37.937,0.87127,0.87147
2013.03.10 22:17:38.256,0.87129,0.87149
2013.03.10 22:17:40.077,0.87131,0.87149
2013.03.10 22:17:40.722,0.87129,0.87149
2013.03.10 22:17:44.527,0.87129,0.87149
2013.03.10 22:17:49.796,0.87129,0.87153
2013.03.10 22:17:49.927,0.87132,0.87154
2013.03.10 22:17:50.056,0.87133,0.87155
2013.03.10 22:17:59.616,0.87133,0.87155
2013.03.10 22:18:02.345,0.87133,0.87155
2013.03.10 22:18:04.816,0.87133,0.87155
2013.03.10 22:18:11.600,0.87132,0.87153
2013.03.10 22:18:11.727,0.87133,0.87153
2013.03.10 22:18:17.802,0.87133,0.87153
2013.03.10 22:18:19.715,0.87133,0.87152
2013.03.10 22:18:21.826,0.87133,0.87151
2013.03.10 22:18:28.973,0.87131,0.87151
2013.03.10 22:18:34.488,0.87133,0.87151
2013.03.10 22:18:35.046,0.87133,0.87153
2013.03.10 22:18:39.816,0.87134,0.87154
2013.03.10 22:18:40.547,0.87133,0.87155
2013.03.10 22:18:42.889,0.87133,0.87155
2013.03.10 22:18:43.400,0.87133,0.87154
2013.03.10 22:18:46.607,0.87131,0.87154
2013.03.10 22:18:47.470,0.87132,0.87156
2013.03.10 22:18:48.117,0.87132,0.87154
2013.03.10 22:18:52.117,0.8713,0.87154
2013.03.10 22:18:52.307,0.87129,0.87153
2013.03.10 22:18:56.435,0.87131,0.87151
2013.03.10 22:18:57.156,0.87131,0.87153
2013.03.10 22:18:58.045,0.87131,0.87153
2013.03.10 22:19:00.327,0.87131,0.87153
2013.03.10 22:19:12.339,0.87131,0.87153
2013.03.10 22:19:13.012,0.87132,0.87154
2013.03.10 22:19:13.538,0.87132,0.87154
2013.03.10 22:19:14.046,0.87132,0.87154
2013.03.10 22:19:14.116,0.87132,0.87154
2013.03.10 22:19:14.998,0.87132,0.87154
2013.03.10 22:19:15.727,0.87132,0.87154
2013.03.10 22:19:16.292,0.87132,0.87154
2013.03.10 22:19:16.807,0.87132,0.87154
2013.03.10 22:19:17.058,0.87132,0.87154
2013.03.10 22:19:26.518,0.87132,0.87154
2013.03.10 22:19:27.595,0.87132,0.87154
2013.03.10 22:19:30.620,0.87132,0.87154
2013.03.10 22:19:31.896,0.87132,0.87154
2013.03.10 22:19:32.867,0.87135,0.87157
2013.03.10 22:19:34.983,0.87134,0.87156
2013.03.10 22:19:35.346,0.87132,0.87154
2013.03.10 22:19:38.057,0.87132,0.87154
2013.03.10 22:19:41.693,0.87132,0.87154
2013.03.10 22:19:42.276,0.87132,0.87155
2013.03.10 22:19:42.486,0.87132,0.87155
2013.03.10 22:19:43.037,0.87133,0.87155
2013.03.10 22:19:43.237,0.87133,0.87155
2013.03.10 22:19:43.867,0.87132,0.87154
2013.03.10 22:19:45.267,0.87131,0.87155
2013.03.10 22:19:49.086,0.87131,0.87155
2013.03.10 22:19:50.067,0.87131,0.87155
2013.03.10 22:19:50.377,0.87131,0.87155
2013.03.10 22:19:51.236,0.87131,0.87155
2013.03.10 22:19:51.858,0.87132,0.87156
2013.03.10 22:19:51.986,0.87132,0.87156
2013.03.10 22:19:52.238,0.87131,0.87154
2013.03.10 22:19:53.886,0.87131,0.87154
2013.03.10 22:19:54.535,0.87131,0.87154
2013.03.10 22:19:55.449,0.87131,0.87154
2013.03.10 22:19:55.767,0.8713,0.87152
2013.03.10 22:19:57.067,0.8713,0.87152
2013.03.10 22:19:57.508,0.8713,0.87152
2013.03.10 22:19:57.647,0.8713,0.87152
2013.03.10 22:19:57.837,0.87131,0.87155
2013.03.10 22:20:00.018,0.8713,0.87154
2013.03.10 22:20:02.707,0.87132,0.87156
2013.03.10 22:20:03.037,0.87135,0.87159
2013.03.10 22:20:03.766,0.87135,0.87157
2013.03.10 22:20:05.246,0.87135,0.87157
2013.03.10 22:20:07.256,0.87135,0.87159
2013.03.10 22:20:11.876,0.87137,0.8716
2013.03.10 22:20:12.006,0.87137,0.87153
2013.03.10 22:20:14.111,0.87135,0.87154
2013.03.10 22:20:14.296,0.87135,0.87159
2013.03.10 22:20:24.746,0.87135,0.87151
2013.03.10 22:20:26.726,0.87135,0.87155
2013.03.10 22:20:29.037,0.87135,0.87152
2013.03.10 22:20:31.997,0.87135,0.87155
2013.03.10 22:20:32.128,0.87135,0.87153
2013.03.10 22:20:32.197,0.87135,0.87156
2013.03.10 22:20:32.747,0.87135,0.87154
2013.03.10 22:20:34.506,0.87135,0.87156
2013.03.10 22:20:36.008,0.87135,0.87151
2013.03.10 22:20:36.917,0.87135,0.87152
2013.03.10 22:20:37.227,0.87135,0.87156
2013.03.10 22:20:39.757,0.87135,0.87157
2013.03.10 22:20:39.957,0.87135,0.87155
2013.03.10 22:20:40.286,0.87135,0.87155
2013.03.10 22:20:54.998,0.87135,0.87153
2013.03.10 22:20:57.254,0.87136,0.87151
2013.03.10 22:20:57.556,0.8714,0.87159
2013.03.10 22:20:57.987,0.87139,0.87159
2013.03.10 22:20:58.057,0.87139,0.87159
2013.03.10 22:21:03.686,0.87135,0.87157
2013.03.10 22:21:06.377,0.87137,0.87157
2013.03.10 22:21:06.630,0.87136,0.87157
2013.03.10 22:21:06.947,0.87137,0.8716
2013.03.10 22:21:07.077,0.8714,0.87163
2013.03.10 22:21:07.688,0.8714,0.87163
2013.03.10 22:21:10.457,0.87141,0.87164
2013.03.10 22:21:11.007,0.87141,0.87164
2013.03.10 22:21:11.347,0.87142,0.87166
2013.03.10 22:21:12.287,0.87143,0.87167
2013.03.10 22:21:23.627,0.87146,0.87168
2013.03.10 22:21:23.759,0.87146,0.87168
2013.03.10 22:21:34.657,0.87144,0.87169
2013.03.10 22:21:35.115,0.87146,0.8717
2013.03.10 22:21:36.906,0.87146,0.8717
2013.03.10 22:21:39.568,0.87146,0.8717
2013.03.10 22:21:40.127,0.87148,0.87171
2013.03.10 22:21:45.153,0.87148,0.8717
2013.03.10 22:21:45.681,0.87148,0.8717
2013.03.10 22:21:48.196,0.87148,0.87171
2013.03.10 22:21:55.386,0.87147,0.87169
2013.03.10 22:22:07.571,0.87147,0.87169
2013.03.10 22:22:11.796,0.87147,0.87169
2013.03.10 22:22:16.047,0.87147,0.87171
2013.03.10 22:22:17.027,0.87149,0.87173
2013.03.10 22:22:20.428,0.87149,0.87172
2013.03.10 22:22:20.498,0.87148,0.8717
2013.03.10 22:22:20.687,0.8715,0.87173
2013.03.10 22:22:22.427,0.87153,0.87175
2013.03.10 22:22:22.678,0.87155,0.87177
2013.03.10 22:22:23.227,0.87155,0.87178
2013.03.10 22:22:24.438,0.87155,0.87178
2013.03.10 22:22:24.566,0.87155,0.87178
2013.03.10 22:22:26.345,0.87151,0.87177
2013.03.10 22:22:27.216,0.8715,0.87174
2013.03.10 22:22:33.427,0.8715,0.87174
2013.03.10 22:22:40.702,0.8715,0.87174
2013.03.10 22:22:41.688,0.87148,0.87172
2013.03.10 22:22:41.996,0.87147,0.87162
2013.03.10 22:22:42.066,0.87145,0.87167
2013.03.10 22:22:42.497,0.87146,0.87165
2013.03.10 22:22:42.568,0.87146,0.87167
2013.03.10 22:22:42.696,0.87146,0.87164
2013.03.10 22:22:42.826,0.87146,0.87168
2013.03.10 22:22:43.826,0.87148,0.87168
2013.03.10 22:22:44.896,0.87145,0.87169
2013.03.10 22:22:47.085,0.87145,0.87167
2013.03.10 22:22:48.437,0.87145,0.87168
2013.03.10 22:22:49.040,0.87145,0.87169
2013.03.10 22:22:50.434,0.87145,0.87171
2013.03.10 22:22:52.512,0.87148,0.8717
2013.03.10 22:22:53.112,0.87148,0.87172
2013.03.10 22:23:04.147,0.87148,0.8717
2013.03.10 22:23:06.097,0.87148,0.87172
2013.03.10 22:23:11.032,0.8715,0.87172
2013.03.10 22:23:11.156,0.87152,0.87172
2013.03.10 22:23:11.217,0.87152,0.87176
2013.03.10 22:23:13.145,0.87152,0.87174
2013.03.10 22:23:13.507,0.87152,0.87172
2013.03.10 22:23:14.636,0.87152,0.87176
2013.03.10 22:23:14.825,0.87152,0.87172
2013.03.10 22:23:15.368,0.87152,0.87172
2013.03.10 22:23:16.326,0.87152,0.87177
2013.03.10 22:23:17.416,0.87152,0.87175
2013.03.10 22:23:20.130,0.87152,0.87172
2013.03.10 22:23:20.555,0.87152,0.87174
2013.03.10 22:23:21.533,0.87152,0.87175
2013.03.10 22:23:22.166,0.87152,0.87176
2013.03.10 22:23:28.106,0.87153,0.87176
2013.03.10 22:23:28.417,0.87153,0.87175
2013.03.10 22:23:28.487,0.87152,0.87176
2013.03.10 22:23:28.556,0.87152,0.87176
2013.03.10 22:23:28.916,0.87154,0.87175
2013.03.10 22:23:29.497,0.87154,0.87174
2013.03.10 22:23:30.178,0.87154,0.87172
2013.03.10 22:23:31.016,0.87154,0.87178
2013.03.10 22:23:34.536,0.87154,0.87172
2013.03.10 22:23:34.838,0.87154,0.87171
2013.03.10 22:23:35.517,0.87151,0.87168
2013.03.10 22:23:36.137,0.87151,0.87168
2013.03.10 22:23:36.266,0.87151,0.87167
2013.03.10 22:23:37.216,0.87151,0.87172
2013.03.10 22:23:42.206,0.87152,0.87174
2013.03.10 22:23:42.697,0.87152,0.87175
2013.03.10 22:23:42.888,0.87151,0.87175
2013.03.10 22:23:43.016,0.87149,0.87171
2013.03.10 22:23:43.326,0.87152,0.87174
2013.03.10 22:23:57.367,0.87151,0.87173
2013.03.10 22:23:57.953,0.87151,0.87173
2013.03.10 22:24:09.467,0.87154,0.87176
2013.03.10 22:24:16.078,0.87154,0.87172
2013.03.10 22:24:17.884,0.87154,0.87176
2013.03.10 22:24:25.226,0.87158,0.8718
2013.03.10 22:24:25.475,0.87154,0.87177
2013.03.10 22:24:25.596,0.87154,0.87177
2013.03.10 22:24:25.896,0.87158,0.8718
2013.03.10 22:24:26.016,0.87162,0.8718
2013.03.10 22:24:26.996,0.87155,0.87178
2013.03.10 22:24:27.116,0.87155,0.87178
2013.03.10 22:24:29.226,0.87153,0.87177
2013.03.10 22:24:29.296,0.87152,0.87176
2013.03.10 22:24:30.736,0.8715,0.87174
2013.03.10 22:24:31.656,0.87149,0.87173
2013.03.10 22:24:32.250,0.87147,0.87171
2013.03.10 22:24:37.706,0.87146,0.87169
2013.03.10 22:24:37.825,0.87146,0.87172
2013.03.10 22:24:38.796,0.87146,0.8717
2013.03.10 22:24:38.866,0.87145,0.87169
2013.03.10 22:24:39.666,0.87146,0.8717
2013.03.10 22:24:40.202,0.87146,0.8717
2013.03.10 22:24:53.887,0.87146,0.87169
2013.03.10 22:24:54.239,0.87147,0.8717
2013.03.10 22:24:57.436,0.87147,0.8717
2013.03.10 22:24:59.665,0.87148,0.8717
2013.03.10 22:25:00.092,0.87148,0.8717
2013.03.10 22:25:00.627,0.87148,0.87171
2013.03.10 22:25:07.676,0.87148,0.87172
2013.03.10 22:25:07.987,0.87151,0.87174
2013.03.10 22:25:08.838,0.87151,0.87174
2013.03.10 22:25:09.566,0.87153,0.87175
2013.03.10 22:25:10.047,0.87154,0.87177
2013.03.10 22:25:11.528,0.87154,0.87177
2013.03.10 22:25:17.176,0.87154,0.87177
2013.03.10 22:25:17.821,0.87154,0.87177
2013.03.10 22:25:20.207,0.87154,0.87177
2013.03.10 22:25:27.548,0.87154,0.87177
2013.03.10 22:25:28.694,0.87154,0.87177
2013.03.10 22:25:30.346,0.87154,0.87178
2013.03.10 22:25:32.888,0.87157,0.87178
2013.03.10 22:25:33.577,0.8716,0.8718
2013.03.10 22:25:38.868,0.87159,0.87181
2013.03.10 22:25:38.937,0.87157,0.87179
2013.03.10 22:25:39.246,0.87157,0.87179
2013.03.10 22:25:46.206,0.87157,0.87179
2013.03.10 22:25:46.276,0.87159,0.8718
2013.03.10 22:25:49.730,0.87159,0.87181
2013.03.10 22:25:50.256,0.87159,0.87182
2013.03.10 22:26:00.145,0.87159,0.87182
2013.03.10 22:26:09.694,0.8716,0.87182
2013.03.10 22:26:35.653,0.87161,0.87184
2013.03.10 22:26:38.208,0.87159,0.87182
2013.03.10 22:26:41.020,0.87158,0.8718
2013.03.10 22:26:41.089,0.87158,0.8718
2013.03.10 22:26:41.158,0.87158,0.87174
2013.03.10 22:26:41.227,0.87158,0.87176
2013.03.10 22:26:41.536,0.87157,0.8718
2013.03.10 22:26:41.847,0.87157,0.87177
2013.03.10 22:26:48.078,0.87157,0.87176
2013.03.10 22:26:48.148,0.87158,0.87177
2013.03.10 22:26:48.217,0.87158,0.8718
2013.03.10 22:26:48.287,0.87158,0.8718
2013.03.10 22:26:48.838,0.87158,0.87181
2013.03.10 22:26:50.005,0.87158,0.87181
2013.03.10 22:26:53.670,0.87158,0.87181
2013.03.10 22:26:54.600,0.87158,0.87181
2013.03.10 22:27:04.277,0.87159,0.87181
2013.03.10 22:27:04.467,0.87161,0.87179
2013.03.10 22:27:05.048,0.87161,0.87181
2013.03.10 22:27:05.757,0.8716,0.87182
2013.03.10 22:27:07.256,0.8716,0.87182
2013.03.10 22:27:10.296,0.87158,0.8718
2013.03.10 22:27:10.708,0.8716,0.8718
2013.03.10 22:27:11.262,0.87157,0.87181
2013.03.10 22:27:31.806,0.87157,0.87179
2013.03.10 22:27:35.096,0.87155,0.87179
2013.03.10 22:27:40.257,0.87152,0.87175
2013.03.10 22:27:40.507,0.87152,0.87175
2013.03.10 22:27:40.636,0.8715,0.87174
2013.03.10 22:27:41.737,0.8715,0.87174
2013.03.10 22:27:42.467,0.87151,0.87174
2013.03.10 22:27:45.458,0.87151,0.87174
2013.03.10 22:27:45.649,0.87151,0.87174
2013.03.10 22:27:49.347,0.87151,0.87173
2013.03.10 22:27:51.855,0.87151,0.87173
2013.03.10 22:27:52.156,0.87152,0.87174
2013.03.10 22:27:52.277,0.87153,0.87176
2013.03.10 22:27:54.906,0.87153,0.87176
2013.03.10 22:27:55.209,0.87154,0.87174
2013.03.10 22:27:55.396,0.87152,0.87174
2013.03.10 22:27:57.008,0.8715,0.87174
2013.03.10 22:27:57.376,0.87153,0.87174
2013.03.10 22:27:58.000,0.87153,0.87175
2013.03.10 22:27:58.366,0.87153,0.87175
2013.03.10 22:28:00.104,0.87153,0.87175
2013.03.10 22:28:08.677,0.87153,0.87175
2013.03.10 22:28:08.927,0.87153,0.87173
2013.03.10 22:28:10.938,0.87153,0.87173
2013.03.10 22:28:11.196,0.87155,0.87176
2013.03.10 22:28:11.378,0.87152,0.87175
2013.03.10 22:28:11.447,0.87152,0.87174
2013.03.10 22:28:12.027,0.87151,0.87173
2013.03.10 22:28:13.726,0.87151,0.87173
2013.03.10 22:28:13.789,0.87151,0.87175
2013.03.10 22:28:29.476,0.87151,0.87175
2013.03.10 22:28:33.946,0.87153,0.87177
2013.03.10 22:28:35.217,0.87155,0.87178
2013.03.10 22:28:36.657,0.8716,0.87178
2013.03.10 22:28:42.920,0.87155,0.87179
2013.03.10 22:28:45.906,0.87155,0.87179
2013.03.10 22:28:50.677,0.87155,0.87179
2013.03.10 22:28:50.867,0.87155,0.87179
2013.03.10 22:29:00.357,0.87152,0.87176
2013.03.10 22:29:00.680,0.87154,0.87176
2013.03.10 22:29:01.056,0.87155,0.87177
2013.03.10 22:29:03.397,0.87155,0.87177
2013.03.10 22:29:04.123,0.87155,0.87177
2013.03.10 22:29:04.753,0.87154,0.87176
2013.03.10 22:29:05.775,0.87154,0.87176
2013.03.10 22:29:05.926,0.87154,0.87178
2013.03.10 22:29:08.377,0.87154,0.87176
2013.03.10 22:29:13.279,0.87155,0.87177
2013.03.10 22:29:20.073,0.87155,0.87177
2013.03.10 22:29:44.646,0.87154,0.87178
2013.03.10 22:29:49.027,0.87156,0.87178
2013.03.10 22:29:49.217,0.87162,0.8718
2013.03.10 22:29:51.284,0.87159,0.87181
2013.03.10 22:29:51.358,0.87159,0.87181
2013.03.10 22:29:51.678,0.87155,0.87177
2013.03.10 22:29:52.199,0.87155,0.87177
2013.03.10 22:29:54.922,0.87154,0.87178
2013.03.10 22:29:55.835,0.87154,0.87176
2013.03.10 22:29:56.885,0.87155,0.87177
2013.03.10 22:30:01.477,0.87157,0.87179
2013.03.10 22:30:01.598,0.8716,0.87182
2013.03.10 22:30:02.337,0.8716,0.87182
2013.03.10 22:30:03.755,0.8716,0.87182
2013.03.10 22:30:05.966,0.8716,0.87182
2013.03.10 22:30:06.535,0.8716,0.87182
2013.03.10 22:30:07.306,0.8716,0.87182
2013.03.10 22:30:08.855,0.8716,0.87182
2013.03.10 22:30:10.367,0.87162,0.87183
2013.03.10 22:30:13.238,0.87162,0.87183
2013.03.10 22:30:18.336,0.87162,0.87183
2013.03.10 22:30:21.826,0.87162,0.87183
2013.03.10 22:30:25.898,0.87162,0.87183
2013.03.10 22:30:27.160,0.87162,0.87183
2013.03.10 22:30:33.438,0.87161,0.87183
2013.03.10 22:30:35.549,0.87161,0.87183
2013.03.10 22:30:37.454,0.87161,0.87183
2013.03.10 22:30:39.416,0.87161,0.87183
2013.03.10 22:30:39.726,0.87161,0.87183
2013.03.10 22:30:39.906,0.87161,0.87183
2013.03.10 22:30:40.206,0.87165,0.87183
2013.03.10 22:30:40.337,0.87165,0.87184
2013.03.10 22:30:41.298,0.87165,0.87184
2013.03.10 22:30:41.428,0.87165,0.87184
2013.03.10 22:30:42.072,0.87165,0.87183
2013.03.10 22:30:42.197,0.87165,0.87184
2013.03.10 22:30:42.376,0.87163,0.87184
2013.03.10 22:30:42.496,0.87163,0.87184
2013.03.10 22:30:42.616,0.87163,0.87183
2013.03.10 22:30:43.329,0.87161,0.87183
2013.03.10 22:30:43.398,0.87164,0.87183
2013.03.10 22:30:43.527,0.87164,0.87183
2013.03.10 22:30:44.099,0.87164,0.87183
2013.03.10 22:30:44.376,0.87163,0.87183
2013.03.10 22:30:44.618,0.87162,0.87183
2013.03.10 22:30:44.748,0.87163,0.87186
2013.03.10 22:30:44.817,0.87164,0.87188
2013.03.10 22:30:44.948,0.87164,0.8719
2013.03.10 22:30:46.977,0.87167,0.87191
2013.03.10 22:30:47.516,0.87169,0.87192
2013.03.10 22:31:02.056,0.8717,0.87193
2013.03.10 22:31:02.179,0.87172,0.87193
2013.03.10 22:31:02.308,0.87175,0.87196
2013.03.10 22:31:02.940,0.87175,0.87197
2013.03.10 22:31:05.188,0.87175,0.87195
2013.03.10 22:31:06.537,0.87174,0.87195
2013.03.10 22:31:06.663,0.87171,0.87193
2013.03.10 22:31:06.968,0.87172,0.87194
2013.03.10 22:31:14.078,0.87172,0.87194
2013.03.10 22:31:14.213,0.87174,0.87196
2013.03.10 22:31:14.280,0.87175,0.87197
2013.03.10 22:31:17.990,0.87173,0.87195
2013.03.10 22:31:18.968,0.87173,0.87195
2013.03.10 22:31:19.219,0.87173,0.87195
2013.03.10 22:31:23.316,0.87173,0.87195
2013.03.10 22:31:24.561,0.87173,0.87195
2013.03.10 22:31:24.631,0.87175,0.87198
2013.03.10 22:31:25.159,0.87175,0.87198
2013.03.10 22:31:29.543,0.87175,0.87198
2013.03.10 22:31:29.609,0.87175,0.87198
2013.03.10 22:31:32.150,0.87174,0.87196
2013.03.10 22:31:32.697,0.87172,0.87195
2013.03.10 22:31:39.490,0.87172,0.87194
2013.03.10 22:31:42.300,0.87169,0.87191
2013.03.10 22:31:42.369,0.87166,0.8719
2013.03.10 22:31:42.690,0.8717,0.87192
2013.03.10 22:31:43.281,0.87169,0.87192
2013.03.10 22:31:43.957,0.87169,0.87192
2013.03.10 22:31:44.318,0.87168,0.8719
2013.03.10 22:31:44.967,0.87166,0.8719
2013.03.10 22:31:45.518,0.87165,0.87188
2013.03.10 22:31:46.035,0.87162,0.87186
2013.03.10 22:31:46.098,0.87163,0.87185
2013.03.10 22:31:46.948,0.87163,0.87186
2013.03.10 22:31:48.177,0.87162,0.87186
2013.03.10 22:31:52.278,0.8716,0.87184
2013.03.10 22:31:52.467,0.8716,0.87184
2013.03.10 22:31:52.897,0.87161,0.87184
2013.03.10 22:31:53.455,0.8716,0.87184
2013.03.10 22:31:54.634,0.87157,0.87179
2013.03.10 22:31:54.817,0.87157,0.87181
2013.03.10 22:31:56.297,0.87157,0.8718
2013.03.10 22:31:56.890,0.87157,0.87181
2013.03.10 22:31:58.060,0.87157,0.87181
2013.03.10 22:31:58.130,0.87157,0.8718
2013.03.10 22:32:00.160,0.87157,0.87179
2013.03.10 22:32:04.988,0.87158,0.87181
2013.03.10 22:32:05.437,0.87159,0.87182
2013.03.10 22:32:05.998,0.87162,0.87184
2013.03.10 22:32:08.910,0.8716,0.87182
2013.03.10 22:32:08.980,0.87159,0.8718
2013.03.10 22:32:09.527,0.87155,0.87177
2013.03.10 22:32:09.597,0.87157,0.87178
2013.03.10 22:32:09.906,0.87155,0.87177
2013.03.10 22:32:11.312,0.87155,0.87177
2013.03.10 22:32:17.269,0.87155,0.87177
2013.03.10 22:32:23.605,0.87155,0.87177
2013.03.10 22:32:24.129,0.87155,0.87177
2013.03.10 22:32:28.457,0.87154,0.87176
2013.03.10 22:32:29.497,0.87154,0.87176
2013.03.10 22:32:29.809,0.87152,0.87175
2013.03.10 22:32:31.116,0.87152,0.87175
2013.03.10 22:32:33.849,0.87157,0.87178
2013.03.10 22:32:39.150,0.87153,0.87179
2013.03.10 22:32:39.699,0.87151,0.87177
2013.03.10 22:32:40.818,0.87151,0.8717
2013.03.10 22:32:41.007,0.87151,0.87174
2013.03.10 22:32:42.269,0.87152,0.87175
2013.03.10 22:32:45.967,0.87154,0.87176
2013.03.10 22:32:48.608,0.87152,0.87173
2013.03.10 22:32:48.867,0.87152,0.87175
2013.03.10 22:32:49.169,0.87153,0.87173
2013.03.10 22:32:49.419,0.87151,0.87175
2013.03.10 22:32:49.610,0.87152,0.87175
2013.03.10 22:32:49.738,0.87153,0.87173
2013.03.10 22:32:54.178,0.87152,0.87173
2013.03.10 22:32:54.507,0.8715,0.87172
2013.03.10 22:32:56.218,0.8715,0.87172
2013.03.10 22:32:59.139,0.87151,0.87175
2013.03.10 22:33:09.577,0.87153,0.87175
2013.03.10 22:33:09.938,0.87151,0.87175
2013.03.10 22:33:13.308,0.87152,0.87174
2013.03.10 22:33:13.619,0.87153,0.87174
2013.03.10 22:33:14.169,0.87154,0.87175
2013.03.10 22:33:14.298,0.87155,0.87177
2013.03.10 22:33:14.428,0.87156,0.87178
2013.03.10 22:33:14.559,0.87159,0.87181
2013.03.10 22:33:14.628,0.87159,0.87181
2013.03.10 22:33:14.998,0.87163,0.87182
2013.03.10 22:33:15.578,0.87162,0.87182
2013.03.10 22:33:16.128,0.87164,0.87182
2013.03.10 22:33:18.019,0.87161,0.87182
2013.03.10 22:33:18.509,0.87161,0.87181
2013.03.10 22:33:20.909,0.8716,0.87181
2013.03.10 22:33:21.417,0.8716,0.87181
2013.03.10 22:33:21.747,0.87161,0.87181
2013.03.10 22:33:22.068,0.87162,0.87181
2013.03.10 22:33:25.138,0.87162,0.87182
2013.03.10 22:33:26.617,0.87163,0.87182
2013.03.10 22:33:28.977,0.87163,0.87182
2013.03.10 22:33:34.549,0.87161,0.87181
2013.03.10 22:33:38.320,0.87162,0.87181
2013.03.10 22:33:47.588,0.87163,0.87181
2013.03.10 22:33:48.377,0.87162,0.87182
2013.03.10 22:33:56.530,0.87162,0.87182
2013.03.10 22:33:57.069,0.87164,0.87182
2013.03.10 22:33:57.588,0.87164,0.87184
2013.03.10 22:33:57.917,0.87164,0.87184
2013.03.10 22:33:58.097,0.87165,0.87185
2013.03.10 22:33:59.507,0.87165,0.87186
2013.03.10 22:34:06.059,0.87162,0.87183
2013.03.10 22:34:06.607,0.87164,0.87183
2013.03.10 22:34:09.527,0.87165,0.87183
2013.03.10 22:34:09.828,0.87166,0.87186
2013.03.10 22:34:13.588,0.87165,0.87187
2013.03.10 22:34:20.297,0.87164,0.87184
2013.03.10 22:34:34.799,0.87164,0.87184
2013.03.10 22:34:38.108,0.87164,0.87181
2013.03.10 22:34:38.177,0.87164,0.87181
2013.03.10 22:34:38.540,0.87159,0.87178
2013.03.10 22:34:38.669,0.87158,0.87178
2013.03.10 22:34:38.737,0.87156,0.87178
2013.03.10 22:34:39.287,0.87156,0.87178
2013.03.10 22:34:50.077,0.87158,0.87177
2013.03.10 22:34:51.728,0.87158,0.87177
2013.03.10 22:34:52.038,0.87157,0.87176
2013.03.10 22:34:52.557,0.87156,0.87175
2013.03.10 22:34:52.905,0.87156,0.87174
2013.03.10 22:34:56.429,0.87156,0.87174
2013.03.10 22:35:02.250,0.87155,0.87173
2013.03.10 22:35:02.591,0.87153,0.8717
2013.03.10 22:35:04.107,0.87153,0.87172
2013.03.10 22:35:07.702,0.87156,0.87174
2013.03.10 22:35:08.477,0.87154,0.87173
2013.03.10 22:35:12.837,0.87154,0.87174
2013.03.10 22:35:15.458,0.87153,0.87173
2013.03.10 22:35:17.448,0.87153,0.87173
2013.03.10 22:35:18.693,0.87155,0.87174
2013.03.10 22:35:20.357,0.87156,0.87174
2013.03.10 22:35:22.717,0.87158,0.87175
2013.03.10 22:35:28.568,0.87156,0.87174
2013.03.10 22:35:36.246,0.87154,0.87172
2013.03.10 22:35:38.458,0.87154,0.87174
2013.03.10 22:35:39.477,0.87152,0.8717
2013.03.10 22:35:40.426,0.87151,0.8717
2013.03.10 22:35:58.898,0.87147,0.87166
2013.03.10 22:35:59.215,0.87145,0.87163
2013.03.10 22:36:00.455,0.87144,0.87161
2013.03.10 22:36:11.367,0.87143,0.8716
2013.03.10 22:36:11.920,0.87141,0.8716
2013.03.10 22:36:21.198,0.87142,0.8716
2013.03.10 22:36:26.424,0.87141,0.8716
2013.03.10 22:36:29.927,0.8714,0.87159
2013.03.10 22:36:30.806,0.87142,0.8716
2013.03.10 22:36:31.845,0.87142,0.8716
2013.03.10 22:36:44.156,0.87142,0.8716
2013.03.10 22:37:02.426,0.87139,0.87158
2013.03.10 22:37:30.936,0.87139,0.87158
2013.03.10 22:37:32.114,0.87139,0.8716
2013.03.10 22:37:33.302,0.87139,0.8716
2013.03.10 22:37:34.786,0.87141,0.87161
2013.03.10 22:37:35.305,0.87145,0.87163
2013.03.10 22:37:40.365,0.87143,0.87163
2013.03.10 22:37:41.154,0.87143,0.87162
2013.03.10 22:37:44.325,0.87141,0.87161
2013.03.10 22:37:45.636,0.8714,0.87158
2013.03.10 22:37:46.255,0.87141,0.87159
2013.03.10 22:37:46.816,0.87141,0.87159
2013.03.10 22:37:52.947,0.87141,0.87159
2013.03.10 22:37:55.636,0.87141,0.87159
2013.03.10 22:38:28.715,0.87139,0.87157
2013.03.10 22:38:30.276,0.87139,0.87158
2013.03.10 22:38:30.925,0.87139,0.87159
2013.03.10 22:38:31.166,0.87139,0.87159
2013.03.10 22:38:31.707,0.87142,0.87161
2013.03.10 22:38:31.896,0.87142,0.87161
2013.03.10 22:38:32.445,0.87141,0.87159
2013.03.10 22:38:32.746,0.87141,0.8716
2013.03.10 22:38:32.815,0.87142,0.87161
2013.03.10 22:38:33.175,0.87142,0.87161
2013.03.10 22:38:33.715,0.87141,0.8716
2013.03.10 22:38:40.071,0.87141,0.8716
2013.03.10 22:38:44.806,0.87141,0.87159
2013.03.10 22:38:59.055,0.8714,0.87159
2013.03.10 22:39:01.607,0.87143,0.8716
2013.03.10 22:39:02.885,0.87143,0.87159
2013.03.10 22:39:26.637,0.87137,0.87156
2013.03.10 22:39:28.606,0.87137,0.87156
2013.03.10 22:39:29.135,0.87136,0.87154
2013.03.10 22:39:29.675,0.87136,0.87154
2013.03.10 22:39:30.036,0.87137,0.87157
2013.03.10 22:39:36.616,0.87141,0.87158
2013.03.10 22:39:36.737,0.87143,0.87161
2013.03.10 22:39:39.272,0.87143,0.87161
2013.03.10 22:39:44.805,0.87141,0.87159
2013.03.10 22:39:49.075,0.8714,0.87159
2013.03.10 22:39:49.135,0.8714,0.87158
2013.03.10 22:39:50.322,0.8714,0.87157
2013.03.10 22:39:50.386,0.8714,0.87156
2013.03.10 22:39:50.516,0.87141,0.87156
2013.03.10 22:39:54.796,0.87139,0.87156
2013.03.10 22:39:59.136,0.87136,0.87155
2013.03.10 22:40:10.295,0.87137,0.87154
2013.03.10 22:40:19.705,0.87137,0.87155
2013.03.10 22:40:21.565,0.87134,0.87155
2013.03.10 22:40:37.358,0.87135,0.87152
2013.03.10 22:40:37.665,0.87136,0.87152
2013.03.10 22:40:37.996,0.87136,0.87153
2013.03.10 22:40:40.183,0.87137,0.87153
2013.03.10 22:40:57.774,0.87133,0.87153
2013.03.10 22:40:59.176,0.87133,0.87153
2013.03.10 22:40:59.306,0.87132,0.87149
2013.03.10 22:40:59.727,0.87129,0.87147
2013.03.10 22:40:59.986,0.87127,0.87146
2013.03.10 22:41:00.467,0.87125,0.87145
2013.03.10 22:41:00.726,0.87123,0.87143
2013.03.10 22:41:02.137,0.87122,0.87142
2013.03.10 22:41:02.586,0.87122,0.87141
2013.03.10 22:41:07.076,0.87122,0.87142
2013.03.10 22:41:07.818,0.87124,0.87144
2013.03.10 22:41:07.897,0.87124,0.87144
2013.03.10 22:41:08.547,0.87124,0.87144
2013.03.10 22:41:12.067,0.87124,0.87144
2013.03.10 22:41:12.777,0.87124,0.87143
2013.03.10 22:41:12.920,0.87124,0.87142
2013.03.10 22:41:13.181,0.87121,0.87139
2013.03.10 22:41:13.308,0.87123,0.87141
2013.03.10 22:41:24.195,0.87123,0.87141
2013.03.10 22:41:24.563,0.87126,0.87145
2013.03.10 22:41:24.756,0.87126,0.87146
2013.03.10 22:41:25.276,0.87126,0.87146
2013.03.10 22:41:27.186,0.87132,0.87147
2013.03.10 22:41:27.256,0.87132,0.8715
2013.03.10 22:41:27.687,0.87133,0.87151
2013.03.10 22:41:28.246,0.87133,0.87152
2013.03.10 22:41:29.487,0.87132,0.87149
2013.03.10 22:41:47.477,0.87132,0.87151
2013.03.10 22:41:50.011,0.87133,0.87151
2013.03.10 22:41:56.974,0.87134,0.87154
2013.03.10 22:41:57.548,0.87134,0.87154
2013.03.10 22:41:58.417,0.87134,0.87154
2013.03.10 22:42:13.356,0.87136,0.87157
2013.03.10 22:42:13.547,0.8714,0.87158
2013.03.10 22:42:36.407,0.87141,0.87159
2013.03.10 22:42:44.724,0.87141,0.87161
2013.03.10 22:43:03.196,0.87139,0.87158
2013.03.10 22:43:06.367,0.87137,0.87157
2013.03.10 22:43:09.237,0.87137,0.87158
2013.03.10 22:43:13.656,0.87137,0.87157
2013.03.10 22:43:13.777,0.87136,0.87156
2013.03.10 22:43:50.317,0.87137,0.87156
2013.03.10 22:43:50.447,0.87137,0.87157
2013.03.10 22:43:51.156,0.87136,0.87156
2013.03.10 22:43:53.326,0.87136,0.87157
2013.03.10 22:43:55.667,0.87135,0.87154
2013.03.10 22:43:55.808,0.87133,0.87152
2013.03.10 22:43:56.356,0.87132,0.8715
2013.03.10 22:43:56.536,0.8713,0.8715
2013.03.10 22:43:57.219,0.8713,0.8715
2013.03.10 22:44:41.955,0.8713,0.8715
2013.03.10 22:44:43.298,0.8713,0.8715
2013.03.10 22:44:44.437,0.87128,0.8715
2013.03.10 22:44:47.640,0.87127,0.87147
2013.03.10 22:44:47.772,0.87125,0.87143
2013.03.10 22:44:48.167,0.87123,0.87143
2013.03.10 22:44:54.027,0.87123,0.87143
2013.03.10 22:44:54.547,0.87123,0.87144
2013.03.10 22:45:05.668,0.87124,0.87144
2013.03.10 22:45:22.627,0.87124,0.87144
2013.03.10 22:45:24.267,0.87122,0.87144
2013.03.10 22:45:24.337,0.87122,0.8714
2013.03.10 22:45:24.527,0.87119,0.87139
2013.03.10 22:45:24.967,0.87119,0.87139
2013.03.10 22:45:25.087,0.87121,0.87141
2013.03.10 22:45:25.396,0.87123,0.87143
2013.03.10 22:45:25.987,0.87125,0.87145
2013.03.10 22:45:26.178,0.87127,0.87145
2013.03.10 22:45:49.826,0.87124,0.87145
2013.03.10 22:45:51.436,0.87124,0.87145
2013.03.10 22:45:51.857,0.87123,0.87142
2013.03.10 22:45:52.110,0.87123,0.87142
2013.03.10 22:45:52.866,0.87123,0.87144
2013.03.10 22:45:54.186,0.87123,0.87143
2013.03.10 22:45:56.876,0.87123,0.87144
2013.03.10 22:46:01.256,0.87122,0.87142
2013.03.10 22:46:02.556,0.87122,0.87142
2013.03.10 22:46:03.339,0.87123,0.87143
2013.03.10 22:46:03.488,0.87123,0.87143
2013.03.10 22:46:03.867,0.87123,0.87143
2013.03.10 22:46:03.996,0.87121,0.87143
2013.03.10 22:46:13.452,0.87123,0.87141
2013.03.10 22:46:23.726,0.87121,0.8714
2013.03.10 22:46:24.267,0.87123,0.8714
2013.03.10 22:46:30.838,0.87122,0.87138
2013.03.10 22:46:31.387,0.87123,0.87141
2013.03.10 22:46:32.136,0.87123,0.87141
2013.03.10 22:46:59.407,0.87123,0.87139
2013.03.10 22:47:05.788,0.87123,0.87141
2013.03.10 22:47:12.307,0.87121,0.87139
2013.03.10 22:47:14.688,0.87121,0.87141
2013.03.10 22:47:29.007,0.87121,0.87141
2013.03.10 22:47:31.446,0.87124,0.87144
2013.03.10 22:47:33.027,0.87126,0.87142
2013.03.10 22:47:33.157,0.87128,0.87145
2013.03.10 22:47:46.448,0.87128,0.87146
2013.03.10 22:47:46.968,0.87128,0.87146
2013.03.10 22:47:53.606,0.87128,0.87146
2013.03.10 22:48:01.909,0.87129,0.87147
2013.03.10 22:48:03.279,0.87128,0.87146
2013.03.10 22:48:13.916,0.87126,0.87146
2013.03.10 22:48:14.216,0.87124,0.87141
2013.03.10 22:48:14.756,0.87123,0.87142
2013.03.10 22:48:17.447,0.87123,0.8714
2013.03.10 22:48:17.748,0.87126,0.87144
2013.03.10 22:48:18.276,0.87126,0.87144
2013.03.10 22:48:18.456,0.87125,0.87143
2013.03.10 22:48:23.497,0.87126,0.87143
2013.03.10 22:48:31.117,0.87127,0.87148
2013.03.10 22:48:53.966,0.87127,0.87148
2013.03.10 22:48:55.137,0.87125,0.87145
2013.03.10 22:48:56.498,0.87127,0.87147
2013.03.10 22:49:36.785,0.87128,0.87147
2013.03.10 22:49:56.796,0.87127,0.87149
2013.03.10 22:49:59.947,0.87129,0.87147
2013.03.10 22:50:00.128,0.87126,0.87143
2013.03.10 22:50:20.766,0.87124,0.87144
2013.03.10 22:50:21.426,0.87124,0.87144
2013.03.10 22:50:40.807,0.87124,0.87143
2013.03.10 22:50:50.949,0.87123,0.87143
2013.03.10 22:51:01.227,0.87123,0.87143
2013.03.10 22:51:04.909,0.87123,0.87142
2013.03.10 22:51:05.936,0.87123,0.87143
2013.03.10 22:51:07.981,0.87121,0.8714
2013.03.10 22:51:09.033,0.8712,0.87138
2013.03.10 22:51:09.457,0.87122,0.87139
2013.03.10 22:51:11.399,0.87123,0.87141
2013.03.10 22:51:16.470,0.87124,0.87142
2013.03.10 22:51:25.256,0.87123,0.87142
2013.03.10 22:51:31.927,0.87122,0.87141
2013.03.10 22:51:32.637,0.87119,0.87138
2013.03.10 22:51:55.499,0.87119,0.87136
2013.03.10 22:51:55.688,0.87114,0.87133
2013.03.10 22:51:56.243,0.87114,0.87133
2013.03.10 22:52:09.609,0.87114,0.87132
2013.03.10 22:52:09.798,0.87114,0.87135
2013.03.10 22:52:14.538,0.87115,0.87134
2013.03.10 22:52:17.197,0.87114,0.87135
2013.03.10 22:52:17.707,0.87115,0.87134
2013.03.10 22:52:19.242,0.87116,0.87134
2013.03.10 22:52:20.248,0.87115,0.87134
2013.03.10 22:52:21.209,0.87117,0.87136
2013.03.10 22:52:21.457,0.87119,0.87137
2013.03.10 22:52:23.637,0.87118,0.87137
2013.03.10 22:52:25.128,0.87118,0.87138
2013.03.10 22:52:30.433,0.8712,0.87139
2013.03.10 22:52:52.463,0.87121,0.87139
2013.03.10 22:53:03.702,0.87123,0.8714
2013.03.10 22:53:04.256,0.87123,0.87141
2013.03.10 22:53:05.172,0.87123,0.87141
2013.03.10 22:53:21.692,0.87121,0.8714
2013.03.10 22:53:23.202,0.87121,0.87139
2013.03.10 22:53:23.502,0.87122,0.87139
2013.03.10 22:53:25.173,0.87122,0.8714
2013.03.10 22:53:37.554,0.87122,0.87139
2013.03.10 22:53:38.113,0.87122,0.87139
2013.03.10 22:53:41.294,0.87121,0.8714
2013.03.10 22:53:44.572,0.87121,0.87139
2013.03.10 22:53:50.923,0.87123,0.87139
2013.03.10 22:53:54.863,0.87123,0.87139
2013.03.10 22:53:55.162,0.87123,0.8714
2013.03.10 22:53:55.524,0.87122,0.8714
2013.03.10 22:53:56.824,0.87122,0.8714
2013.03.10 22:54:08.853,0.87122,0.8714
2013.03.10 22:54:11.564,0.87122,0.87139
2013.03.10 22:54:13.906,0.87119,0.87137
2013.03.10 22:54:13.975,0.87119,0.87136
2013.03.10 22:54:14.284,0.87118,0.87137
2013.03.10 22:54:18.719,0.8712,0.87138
2013.03.10 22:54:32.593,0.8712,0.87138
2013.03.10 22:54:33.803,0.87123,0.8714
2013.03.10 22:54:34.124,0.87128,0.87145
2013.03.10 22:54:34.512,0.87128,0.87146
2013.03.10 22:54:40.912,0.87128,0.87145
2013.03.10 22:54:42.723,0.87128,0.87146
2013.03.10 22:54:44.622,0.87128,0.87145
2013.03.10 22:54:45.333,0.87128,0.87145
2013.03.10 22:54:45.522,0.87126,0.87143
2013.03.10 22:54:45.643,0.87125,0.87143
2013.03.10 22:54:48.154,0.87128,0.87143
2013.03.10 22:54:48.223,0.87128,0.87146
2013.03.10 22:54:48.645,0.8713,0.87145
2013.03.10 22:54:49.193,0.8713,0.87148
2013.03.10 22:54:50.954,0.87128,0.87146
2013.03.10 22:54:51.084,0.87128,0.87145
2013.03.10 22:54:51.633,0.87127,0.87143
2013.03.10 22:54:52.734,0.87124,0.87142
2013.03.10 22:54:53.383,0.87122,0.8714
2013.03.10 22:54:57.584,0.87122,0.87141
2013.03.10 22:54:57.898,0.87124,0.87143
2013.03.10 22:54:59.242,0.87124,0.87144
2013.03.10 22:54:59.972,0.87124,0.87144
2013.03.10 22:55:02.063,0.87123,0.87144
2013.03.10 22:55:02.135,0.87124,0.87144
2013.03.10 22:55:02.641,0.87125,0.87145
2013.03.10 22:55:07.054,0.87124,0.87143
2013.03.10 22:55:12.392,0.87125,0.87143
2013.03.10 22:55:18.332,0.87127,0.87145
2013.03.10 22:55:23.188,0.87127,0.87144
2013.03.10 22:55:30.971,0.87125,0.87143
2013.03.10 22:55:31.045,0.87123,0.87142
2013.03.10 22:55:31.175,0.87123,0.87142
2013.03.10 22:55:31.244,0.8712,0.87138
2013.03.10 22:55:32.873,0.87122,0.87139
2013.03.10 22:55:33.053,0.87127,0.87142
2013.03.10 22:55:33.622,0.87127,0.87142
2013.03.10 22:55:33.803,0.87127,0.87144
2013.03.10 22:55:35.963,0.87127,0.87144
2013.03.10 22:55:36.672,0.87127,0.87142
2013.03.10 22:55:42.254,0.87127,0.87141
2013.03.10 22:55:44.393,0.87128,0.8714
2013.03.10 22:55:49.587,0.87128,0.8714
2013.03.10 22:55:52.454,0.87126,0.8714
2013.03.10 22:55:52.763,0.87124,0.8714
2013.03.10 22:55:55.233,0.87123,0.8714
2013.03.10 22:55:56.902,0.87122,0.8714
2013.03.10 22:55:59.678,0.87123,0.8714
2013.03.10 22:56:00.203,0.87123,0.8714
2013.03.10 22:56:02.233,0.87121,0.8714
2013.03.10 22:56:03.021,0.87121,0.8714
2013.03.10 22:56:08.243,0.87121,0.8714
2013.03.10 22:56:09.241,0.8712,0.8714
2013.03.10 22:56:09.426,0.87118,0.87138
2013.03.10 22:56:09.555,0.87117,0.87137
2013.03.10 22:56:10.114,0.87116,0.87136
2013.03.10 22:56:10.665,0.87119,0.87136
2013.03.10 22:56:10.853,0.87119,0.87138
2013.03.10 22:56:13.048,0.87119,0.87139
2013.03.10 22:56:16.614,0.87119,0.87139
2013.03.10 22:56:17.746,0.87119,0.87138
2013.03.10 22:56:18.426,0.87119,0.87138
2013.03.10 22:56:19.973,0.87118,0.87137
2013.03.10 22:56:20.094,0.87121,0.87137
2013.03.10 22:56:20.164,0.87121,0.87139
2013.03.10 22:56:22.042,0.8712,0.87139
2013.03.10 22:56:22.472,0.87121,0.87139
2013.03.10 22:56:25.386,0.87121,0.87137
2013.03.10 22:56:25.645,0.87111,0.87129
2013.03.10 22:56:25.775,0.87107,0.87126
2013.03.10 22:56:28.835,0.87106,0.87124
2013.03.10 22:56:30.174,0.87106,0.87125
2013.03.10 22:56:30.742,0.87106,0.87126
2013.03.10 22:56:32.517,0.87106,0.87125
2013.03.10 22:56:33.698,0.87106,0.87127
2013.03.10 22:56:33.824,0.87106,0.87124
2013.03.10 22:56:34.133,0.87105,0.87122
2013.03.10 22:56:35.194,0.87102,0.87121
2013.03.10 22:56:37.041,0.87102,0.8712
2013.03.10 22:56:37.256,0.87097,0.87117
2013.03.10 22:56:37.328,0.87097,0.87114
2013.03.10 22:56:39.383,0.87095,0.87114
2013.03.10 22:56:44.584,0.87096,0.87114
2013.03.10 22:56:45.156,0.87097,0.87115
2013.03.10 22:56:49.114,0.87097,0.87117
2013.03.10 22:56:50.914,0.87097,0.87117
2013.03.10 22:56:51.985,0.87098,0.87117
2013.03.10 22:56:52.305,0.87102,0.87119
2013.03.10 22:56:52.823,0.87102,0.8712
2013.03.10 22:57:02.506,0.87102,0.8712
2013.03.10 22:57:02.834,0.87098,0.87117
2013.03.10 22:57:03.536,0.87097,0.87116
2013.03.10 22:57:04.295,0.87096,0.87114
2013.03.10 22:57:09.607,0.87096,0.87115
2013.03.10 22:57:09.926,0.87098,0.87118
2013.03.10 22:57:10.234,0.87098,0.87117
2013.03.10 22:57:10.663,0.87097,0.87117
2013.03.10 22:57:11.213,0.87097,0.87117
2013.03.10 22:57:11.770,0.87097,0.87117
2013.03.10 22:57:13.493,0.87097,0.87117
2013.03.10 22:57:14.504,0.87097,0.87116
2013.03.10 22:57:14.623,0.87097,0.87116
2013.03.10 22:57:22.696,0.87096,0.87113
2013.03.10 22:57:25.154,0.87096,0.87112
2013.03.10 22:57:29.536,0.87096,0.87113
2013.03.10 22:57:35.334,0.87096,0.87113
2013.03.10 22:57:36.054,0.87096,0.87115
2013.03.10 22:57:36.185,0.87097,0.87116
2013.03.10 22:57:36.743,0.87097,0.87117
2013.03.10 22:57:37.163,0.87099,0.87118
2013.03.10 22:57:40.749,0.87099,0.87116
2013.03.10 22:57:43.403,0.87099,0.87117
2013.03.10 22:57:47.974,0.87103,0.87117
2013.03.10 22:57:48.642,0.87103,0.87118
2013.03.10 22:57:53.593,0.87101,0.87118
2013.03.10 22:57:54.332,0.87101,0.87118
2013.03.10 22:57:58.735,0.87101,0.87117
2013.03.10 22:57:59.574,0.87103,0.8712
2013.03.10 22:58:00.320,0.871,0.8712
2013.03.10 22:58:01.275,0.87098,0.87118
2013.03.10 22:58:05.353,0.87098,0.87116
2013.03.10 22:58:08.853,0.871,0.87119
2013.03.10 22:58:13.193,0.871,0.87119
2013.03.10 22:58:17.184,0.87099,0.87116
2013.03.10 22:58:17.880,0.87099,0.87116
2013.03.10 22:58:19.423,0.871,0.87118
2013.03.10 22:58:26.602,0.871,0.87118
2013.03.10 22:58:27.023,0.871,0.87118
2013.03.10 22:58:41.866,0.87098,0.87117
2013.03.10 22:58:59.165,0.87098,0.87118
2013.03.10 22:59:01.442,0.87101,0.8712
2013.03.10 22:59:01.684,0.87105,0.87123
2013.03.10 22:59:01.933,0.87104,0.87123
2013.03.10 22:59:02.443,0.87101,0.8712
2013.03.10 22:59:03.393,0.87101,0.8712
2013.03.10 22:59:04.096,0.87101,0.8712
2013.03.10 22:59:04.910,0.87101,0.87122
2013.03.10 22:59:05.516,0.87101,0.87121
2013.03.10 22:59:06.664,0.87102,0.87122
2013.03.10 22:59:07.128,0.87103,0.87123
2013.03.10 22:59:07.684,0.87103,0.87124
2013.03.10 22:59:11.513,0.87104,0.87125
2013.03.10 22:59:18.432,0.87104,0.87124
2013.03.10 22:59:19.532,0.87104,0.87124
2013.03.10 22:59:20.416,0.87104,0.87123
2013.03.10 22:59:20.833,0.87107,0.87125
2013.03.10 22:59:24.803,0.87107,0.87125
2013.03.10 22:59:25.514,0.87107,0.87126
2013.03.10 22:59:27.353,0.87107,0.87125
2013.03.10 22:59:27.876,0.87107,0.87125
2013.03.10 22:59:28.495,0.87107,0.87125
2013.03.10 22:59:29.042,0.87107,0.87125
2013.03.10 22:59:30.973,0.87107,0.87125
2013.03.10 22:59:31.591,0.87107,0.87125
2013.03.10 22:59:32.173,0.87103,0.87122
2013.03.10 22:59:41.953,0.87108,0.87126
2013.03.10 22:59:55.213,0.87108,0.87126
2013.03.10 22:59:55.333,0.87105,0.87123
2013.03.10 22:59:56.194,0.87108,0.87127
2013.03.10 22:59:59.204,0.87109,0.87129
2013.03.10 23:00:00.193,0.87109,0.87129
2013.03.10 23:00:00.253,0.87109,0.87128
2013.03.10 23:00:01.778,0.8711,0.8713
2013.03.10 23:00:01.856,0.8711,0.8713
2013.03.10 23:00:02.243,0.87113,0.87134
2013.03.10 23:00:05.132,0.87115,0.87133
2013.03.10 23:00:05.674,0.87115,0.87135
2013.03.10 23:00:06.633,0.87117,0.87136
2013.03.10 23:00:07.173,0.87117,0.87137
2013.03.10 23:00:07.903,0.87117,0.87137
2013.03.10 23:00:12.623,0.87121,0.87138
2013.03.10 23:00:12.803,0.87121,0.87139
2013.03.10 23:00:15.064,0.87121,0.8714
2013.03.10 23:00:15.613,0.87124,0.87141
2013.03.10 23:00:18.153,0.87124,0.87143
2013.03.10 23:00:24.033,0.8713,0.87147
2013.03.10 23:00:24.334,0.87131,0.8715
2013.03.10 23:00:24.463,0.87134,0.87153
2013.03.10 23:00:25.001,0.87134,0.87153
2013.03.10 23:00:26.474,0.87134,0.87153
2013.03.10 23:00:31.283,0.87134,0.87155
2013.03.10 23:00:31.824,0.87134,0.87155
2013.03.10 23:00:35.022,0.87134,0.87155
2013.03.10 23:00:36.923,0.87134,0.87154
2013.03.10 23:00:48.774,0.87134,0.87154
2013.03.10 23:00:49.584,0.87134,0.87154
2013.03.10 23:00:50.123,0.87135,0.87156
2013.03.10 23:00:50.188,0.87138,0.87157
2013.03.10 23:00:50.324,0.87136,0.87157
2013.03.10 23:00:50.395,0.87139,0.87158
2013.03.10 23:00:53.503,0.87141,0.87161
2013.03.10 23:00:56.113,0.87143,0.87161
2013.03.10 23:00:56.654,0.87143,0.87163
2013.03.10 23:00:56.773,0.87147,0.87165
2013.03.10 23:00:56.893,0.87146,0.87165
2013.03.10 23:00:57.613,0.87146,0.87164
2013.03.10 23:00:58.753,0.87147,0.87165
2013.03.10 23:01:00.413,0.87147,0.87166
2013.03.10 23:01:00.954,0.87148,0.87167
2013.03.10 23:01:01.413,0.87148,0.87167
2013.03.10 23:01:02.026,0.87147,0.87166
2013.03.10 23:01:03.764,0.87147,0.87167
2013.03.10 23:01:10.083,0.87147,0.87168
2013.03.10 23:01:10.504,0.87148,0.87168
2013.03.10 23:01:11.365,0.87151,0.8717
2013.03.10 23:01:11.435,0.87152,0.8717
2013.03.10 23:01:11.685,0.87154,0.87174
2013.03.10 23:01:12.243,0.87155,0.87174
2013.03.10 23:01:12.434,0.87155,0.87174
2013.03.10 23:01:14.703,0.87156,0.87175
2013.03.10 23:01:20.675,0.87156,0.87175
2013.03.10 23:01:22.673,0.87154,0.87174
2013.03.10 23:01:22.974,0.87154,0.87175
2013.03.10 23:01:23.724,0.87155,0.87174
2013.03.10 23:01:24.453,0.87152,0.87173
2013.03.10 23:01:25.134,0.87152,0.87172
2013.03.10 23:01:26.174,0.87152,0.87173
2013.03.10 23:01:26.725,0.87153,0.87172
2013.03.10 23:01:27.621,0.87153,0.87172
2013.03.10 23:01:28.198,0.87154,0.87173
2013.03.10 23:01:30.864,0.87152,0.87171
2013.03.10 23:01:33.923,0.87152,0.87171
2013.03.10 23:01:37.324,0.87152,0.87171
2013.03.10 23:01:37.773,0.87152,0.87171
2013.03.10 23:01:38.934,0.87152,0.87171
2013.03.10 23:01:39.441,0.87153,0.87172
2013.03.10 23:01:40.144,0.87153,0.87171
2013.03.10 23:01:40.274,0.87153,0.87171
2013.03.10 23:01:40.515,0.87151,0.87168
2013.03.10 23:01:41.110,0.87149,0.87168
2013.03.10 23:01:43.115,0.87149,0.87168
2013.03.10 23:01:45.232,0.87149,0.87168
2013.03.10 23:01:45.953,0.8715,0.87168
2013.03.10 23:01:47.624,0.87148,0.87168
2013.03.10 23:01:51.252,0.87147,0.87168
2013.03.10 23:01:54.887,0.87147,0.87168
2013.03.10 23:01:56.643,0.87148,0.87168
2013.03.10 23:02:06.774,0.87148,0.87168
2013.03.10 23:02:12.453,0.87149,0.87168
2013.03.10 23:02:12.694,0.8715,0.87168
2013.03.10 23:02:17.155,0.87147,0.87167
2013.03.10 23:02:17.343,0.87144,0.87162
2013.03.10 23:02:17.824,0.87141,0.87162
2013.03.10 23:02:18.822,0.87142,0.87162
2013.03.10 23:02:28.646,0.8714,0.87161
2013.03.10 23:02:29.426,0.87141,0.8716
2013.03.10 23:02:30.194,0.87139,0.87158
2013.03.10 23:02:30.326,0.87139,0.87157
2013.03.10 23:02:30.773,0.87137,0.87156
2013.03.10 23:02:30.893,0.87134,0.87154
2013.03.10 23:02:34.924,0.87134,0.87153
2013.03.10 23:02:43.684,0.87135,0.87154
2013.03.10 23:02:45.363,0.87134,0.87153
2013.03.10 23:02:47.264,0.87134,0.87154
2013.03.10 23:02:58.418,0.87132,0.87152
2013.03.10 23:02:58.610,0.87131,0.87151
2013.03.10 23:03:01.437,0.87131,0.87151
2013.03.10 23:03:02.195,0.87129,0.87148
2013.03.10 23:03:03.624,0.8713,0.87149
2013.03.10 23:03:11.223,0.8713,0.87147
2013.03.10 23:03:11.343,0.87131,0.8715
2013.03.10 23:03:15.863,0.87129,0.87148
2013.03.10 23:03:16.964,0.87129,0.87148
2013.03.10 23:03:17.034,0.87131,0.8715
2013.03.10 23:03:17.404,0.87131,0.87151
2013.03.10 23:03:19.954,0.87133,0.87152
2013.03.10 23:03:20.774,0.87133,0.87152
2013.03.10 23:03:21.904,0.87133,0.87152
2013.03.10 23:03:23.474,0.87133,0.87152
2013.03.10 23:03:26.424,0.87133,0.87151
2013.03.10 23:03:26.483,0.87133,0.87151
2013.03.10 23:03:26.790,0.87131,0.87149
2013.03.10 23:03:27.333,0.87128,0.87148
2013.03.10 23:03:27.834,0.87126,0.87146
2013.03.10 23:03:28.313,0.87124,0.87146
2013.03.10 23:03:33.423,0.87124,0.87144
2013.03.10 23:03:35.809,0.87123,0.87143
2013.03.10 23:03:36.413,0.8712,0.87137
2013.03.10 23:03:37.134,0.87116,0.87135
2013.03.10 23:03:59.683,0.87115,0.87134
2013.03.10 23:04:09.984,0.87114,0.87133
2013.03.10 23:04:14.143,0.87116,0.87136
2013.03.10 23:04:14.718,0.87116,0.87137
2013.03.10 23:04:15.465,0.87116,0.87136
2013.03.10 23:04:21.384,0.87117,0.87137
2013.03.10 23:04:21.565,0.87118,0.87138
2013.03.10 23:04:21.697,0.87121,0.87139
2013.03.10 23:04:22.644,0.87121,0.8714
2013.03.10 23:04:22.706,0.87121,0.87142
2013.03.10 23:04:44.695,0.87119,0.8714
2013.03.10 23:04:44.933,0.87119,0.87139
2013.03.10 23:04:45.173,0.87119,0.8714
2013.03.10 23:04:46.413,0.87119,0.87139
2013.03.10 23:05:04.681,0.8712,0.87139
2013.03.10 23:05:06.724,0.8712,0.8714
2013.03.10 23:05:16.424,0.8712,0.87141
2013.03.10 23:05:16.978,0.87121,0.8714
2013.03.10 23:05:18.563,0.8712,0.87139
2013.03.10 23:05:20.216,0.8712,0.87139
2013.03.10 23:05:24.685,0.87121,0.87141
2013.03.10 23:05:27.545,0.87121,0.87141
2013.03.10 23:05:28.093,0.87121,0.87139
2013.03.10 23:05:28.693,0.87121,0.8714
2013.03.10 23:05:28.993,0.87122,0.87142
2013.03.10 23:05:29.756,0.87122,0.87142
2013.03.10 23:05:51.103,0.87121,0.87141
2013.03.10 23:05:51.644,0.87121,0.87141
2013.03.10 23:05:52.884,0.87118,0.87138
2013.03.10 23:06:06.766,0.87114,0.87134
2013.03.10 23:06:07.326,0.87113,0.87133
2013.03.10 23:06:22.644,0.87112,0.87133
2013.03.10 23:06:23.274,0.8711,0.8713
2013.03.10 23:06:26.445,0.87111,0.8713
2013.03.10 23:06:57.414,0.87109,0.87128
2013.03.10 23:06:57.536,0.87109,0.87128
2013.03.10 23:06:57.664,0.87107,0.87126
2013.03.10 23:06:58.093,0.87105,0.87125
2013.03.10 23:07:05.546,0.87105,0.87125
2013.03.10 23:07:10.604,0.87104,0.87124
2013.03.10 23:07:15.446,0.87103,0.87122
2013.03.10 23:07:17.144,0.87102,0.8712
2013.03.10 23:07:17.731,0.87102,0.8712
2013.03.10 23:07:18.153,0.871,0.87117
2013.03.10 23:07:22.605,0.87098,0.87117
2013.03.10 23:07:22.965,0.87089,0.87111
2013.03.10 23:07:23.497,0.87087,0.87107
2013.03.10 23:07:24.294,0.87087,0.87107
2013.03.10 23:07:25.355,0.87089,0.87109
2013.03.10 23:07:25.533,0.87089,0.87109
2013.03.10 23:07:26.085,0.87089,0.8711
2013.03.10 23:07:26.605,0.87093,0.87112
2013.03.10 23:07:28.425,0.87101,0.87112
2013.03.10 23:07:28.485,0.87102,0.87118
2013.03.10 23:07:28.664,0.87099,0.87117
2013.03.10 23:07:28.724,0.87098,0.87117
2013.03.10 23:07:29.684,0.87099,0.87119
2013.03.10 23:07:30.225,0.87099,0.8712
2013.03.10 23:07:30.593,0.87097,0.87116
2013.03.10 23:07:30.654,0.87097,0.87116
2013.03.10 23:07:32.265,0.87098,0.87117
2013.03.10 23:07:33.482,0.87098,0.87117
2013.03.10 23:07:34.024,0.87095,0.87116
2013.03.10 23:07:36.185,0.87095,0.87116
2013.03.10 23:07:43.563,0.87098,0.87118
2013.03.10 23:07:45.517,0.87098,0.87118
2013.03.10 23:07:45.586,0.871,0.87121
2013.03.10 23:07:45.716,0.871,0.87121
2013.03.10 23:07:46.263,0.871,0.87121
2013.03.10 23:07:47.184,0.87102,0.87121
2013.03.10 23:07:47.246,0.87104,0.87125
2013.03.10 23:07:47.614,0.87108,0.87129
2013.03.10 23:07:47.976,0.8711,0.87125
2013.03.10 23:07:48.284,0.87101,0.87121
2013.03.10 23:07:48.645,0.87099,0.87121
2013.03.10 23:07:48.717,0.87097,0.87115
2013.03.10 23:07:48.905,0.87098,0.87119
2013.03.10 23:07:49.216,0.87099,0.8712
2013.03.10 23:07:49.285,0.87101,0.87122
2013.03.10 23:07:50.684,0.87101,0.87122
2013.03.10 23:07:53.602,0.87101,0.87121
2013.03.10 23:07:53.663,0.87101,0.87121
2013.03.10 23:07:54.204,0.87102,0.87122
2013.03.10 23:08:01.364,0.87102,0.87122
2013.03.10 23:08:02.009,0.871,0.87121
2013.03.10 23:08:02.082,0.871,0.87118
2013.03.10 23:08:02.385,0.871,0.87118
2013.03.10 23:08:04.254,0.87098,0.87116
2013.03.10 23:08:04.448,0.87098,0.87116
2013.03.10 23:08:05.026,0.87098,0.87116
2013.03.10 23:08:05.897,0.87098,0.87116
2013.03.10 23:08:06.264,0.871,0.87117
2013.03.10 23:08:06.386,0.87101,0.87121
2013.03.10 23:08:08.545,0.87101,0.87118
2013.03.10 23:08:08.915,0.87099,0.87118
2013.03.10 23:08:09.094,0.87099,0.87117
2013.03.10 23:08:09.634,0.87096,0.87116
2013.03.10 23:08:11.445,0.87096,0.87116
2013.03.10 23:08:11.984,0.87096,0.87115
2013.03.10 23:08:12.664,0.87096,0.87115
2013.03.10 23:08:13.145,0.87096,0.87115
2013.03.10 23:08:14.894,0.87096,0.87115
2013.03.10 23:08:17.995,0.87097,0.87115
2013.03.10 23:08:18.593,0.87099,0.87117
2013.03.10 23:08:19.096,0.87099,0.87116
2013.03.10 23:08:19.536,0.87099,0.87116
2013.03.10 23:08:20.175,0.87096,0.87113
2013.03.10 23:08:20.304,0.87096,0.87113
2013.03.10 23:08:20.734,0.87096,0.87114
2013.03.10 23:08:20.915,0.87096,0.87114
2013.03.10 23:08:21.624,0.87096,0.87116
2013.03.10 23:08:21.684,0.87096,0.87116
2013.03.10 23:08:22.225,0.87096,0.87115
2013.03.10 23:08:22.928,0.87096,0.87114
2013.03.10 23:08:23.599,0.87096,0.87114
2013.03.10 23:08:23.926,0.87096,0.87114
2013.03.10 23:08:24.115,0.87096,0.87114
2013.03.10 23:08:24.414,0.87096,0.87114
2013.03.10 23:08:24.924,0.87096,0.87114
2013.03.10 23:08:25.114,0.87096,0.87114
2013.03.10 23:08:25.474,0.87096,0.87114
2013.03.10 23:08:25.654,0.87096,0.87114
2013.03.10 23:08:26.195,0.87098,0.87116
2013.03.10 23:08:26.266,0.87098,0.87116
2013.03.10 23:08:26.455,0.87098,0.87116
2013.03.10 23:08:26.754,0.87098,0.87116
2013.03.10 23:08:27.734,0.87096,0.87116
2013.03.10 23:08:27.975,0.87096,0.87116
2013.03.10 23:08:28.214,0.87101,0.87119
2013.03.10 23:08:35.335,0.87101,0.87119
2013.03.10 23:08:35.394,0.87101,0.87119
2013.03.10 23:08:35.707,0.87101,0.87119
2013.03.10 23:08:35.894,0.87101,0.87119
2013.03.10 23:08:36.577,0.87101,0.87119
