Time,Bid,Ask
2013.03.03 22:01:02.347,0.86473,0.86538
2013.03.03 22:01:04.543,0.86478,0.86538
2013.03.03 22:01:04.895,0.86477,0.86536
2013.03.03 22:01:04.955,0.86474,0.86536
2013.03.03 22:01:05.655,0.86476,0.86536
2013.03.03 22:01:08.205,0.86476,0.86537
2013.03.03 22:01:08.735,0.86489,0.86523
2013.03.03 22:01:23.437,0.86493,0.86525
2013.03.03 22:01:27.896,0.86494,0.86531
2013.03.03 22:01:28.456,0.86499,0.86531
2013.03.03 22:02:04.917,0.86496,0.86528
2013.03.03 22:02:08.936,0.86495,0.86524
2013.03.03 22:02:10.076,0.86494,0.86523
2013.03.03 22:02:12.477,0.86499,0.86531
2013.03.03 22:02:13.877,0.86494,0.86519
2013.03.03 22:02:18.926,0.86492,0.86519
2013.03.03 22:02:20.687,0.86493,0.8652
2013.03.03 22:02:20.936,0.86502,0.86527
2013.03.03 22:02:21.179,0.86506,0.86535
2013.03.03 22:02:21.426,0.865,0.86534
2013.03.03 22:02:25.936,0.865,0.86529
2013.03.03 22:02:57.167,0.86512,0.86532
2013.03.03 22:03:04.246,0.86514,0.86543
2013.03.03 22:03:47.937,0.86519,0.86551
2013.03.03 22:03:48.355,0.86537,0.8656
2013.03.03 22:03:54.427,0.86533,0.86558
2013.03.03 22:03:58.687,0.86536,0.86561
2013.03.03 22:03:59.136,0.86532,0.86559
2013.03.03 22:03:59.437,0.86527,0.86559
2013.03.03 22:03:59.628,0.86518,0.86557
2013.03.03 22:04:14.368,0.86512,0.86567
2013.03.03 22:04:34.687,0.86518,0.86572
2013.03.03 22:04:40.275,0.86521,0.86572
2013.03.03 22:04:43.487,0.86523,0.86572
2013.03.03 22:04:44.157,0.86525,0.86577
2013.03.03 22:04:52.868,0.86527,0.86588
2013.03.03 22:04:58.747,0.86535,0.86588
2013.03.03 22:04:59.959,0.8654,0.86588
2013.03.03 22:05:00.183,0.8654,0.86589
2013.03.03 22:05:03.308,0.86537,0.86589
2013.03.03 22:05:06.967,0.86543,0.86589
2013.03.03 22:05:08.566,0.86543,0.86589
2013.03.03 22:05:08.632,0.86542,0.86589
2013.03.03 22:05:08.877,0.86526,0.8659
2013.03.03 22:05:08.937,0.86526,0.86586
2013.03.03 22:05:09.237,0.86522,0.86586
2013.03.03 22:05:09.556,0.86522,0.86582
2013.03.03 22:05:09.906,0.86529,0.86583
2013.03.03 22:05:18.334,0.8653,0.86585
2013.03.03 22:05:18.397,0.86533,0.86588
2013.03.03 22:05:18.457,0.86557,0.8659
2013.03.03 22:05:18.817,0.86544,0.86587
2013.03.03 22:05:23.447,0.86564,0.86589
2013.03.03 22:05:23.979,0.86566,0.86589
2013.03.03 22:05:28.491,0.86566,0.86589
2013.03.03 22:05:28.921,0.86566,0.86586
2013.03.03 22:05:31.482,0.8655,0.86585
2013.03.03 22:05:34.108,0.86564,0.86584
2013.03.03 22:05:34.509,0.86564,0.86581
2013.03.03 22:05:34.629,0.86564,0.86583
2013.03.03 22:05:35.288,0.86564,0.86582
2013.03.03 22:05:36.109,0.86564,0.86583
2013.03.03 22:05:36.168,0.86564,0.86583
2013.03.03 22:05:36.688,0.86549,0.86583
2013.03.03 22:05:37.638,0.86564,0.86581
2013.03.03 22:05:38.058,0.86564,0.8658
2013.03.03 22:05:39.928,0.86564,0.86577
2013.03.03 22:05:40.958,0.86564,0.86578
2013.03.03 22:05:45.119,0.86564,0.86578
2013.03.03 22:05:46.538,0.86564,0.86583
2013.03.03 22:05:47.123,0.86564,0.86581
2013.03.03 22:05:47.309,0.86549,0.86583
2013.03.03 22:05:47.872,0.86549,0.86583
2013.03.03 22:05:47.938,0.86564,0.86579
2013.03.03 22:05:48.358,0.86564,0.86583
2013.03.03 22:05:48.939,0.86564,0.86582
2013.03.03 22:05:50.369,0.8655,0.86584
2013.03.03 22:05:51.039,0.8655,0.86583
2013.03.03 22:05:54.580,0.86564,0.86582
2013.03.03 22:05:55.129,0.86564,0.86581
2013.03.03 22:05:55.778,0.86563,0.8658
2013.03.03 22:05:57.019,0.86563,0.8658
2013.03.03 22:05:57.618,0.86563,0.86582
2013.03.03 22:05:59.572,0.86563,0.86583
2013.03.03 22:06:00.099,0.86563,0.86582
2013.03.03 22:06:00.339,0.86563,0.8658
2013.03.03 22:06:00.778,0.86563,0.86579
2013.03.03 22:06:01.519,0.86547,0.86578
2013.03.03 22:06:01.639,0.86547,0.86582
2013.03.03 22:06:01.759,0.86547,0.86582
2013.03.03 22:06:01.819,0.8656,0.86582
2013.03.03 22:06:05.061,0.8656,0.86579
2013.03.03 22:06:05.605,0.86561,0.86579
2013.03.03 22:06:06.121,0.86546,0.86579
2013.03.03 22:06:06.190,0.86546,0.86579
2013.03.03 22:06:06.599,0.86543,0.86579
2013.03.03 22:06:06.660,0.86543,0.86578
2013.03.03 22:06:06.791,0.86541,0.86579
2013.03.03 22:06:06.919,0.86541,0.86582
2013.03.03 22:06:06.979,0.86526,0.86582
2013.03.03 22:06:07.100,0.86534,0.86587
2013.03.03 22:06:07.459,0.86536,0.86589
2013.03.03 22:06:07.880,0.86533,0.86589
2013.03.03 22:06:08.069,0.86532,0.86586
2013.03.03 22:06:08.189,0.86532,0.86588
2013.03.03 22:06:08.308,0.86532,0.86588
2013.03.03 22:06:08.369,0.86532,0.86589
2013.03.03 22:06:08.615,0.86528,0.86589
2013.03.03 22:06:08.751,0.86525,0.8659
2013.03.03 22:06:08.819,0.86524,0.8659
2013.03.03 22:06:09.359,0.86525,0.86585
2013.03.03 22:06:09.479,0.86524,0.86588
2013.03.03 22:06:09.659,0.86523,0.86589
2013.03.03 22:06:11.261,0.86522,0.8659
2013.03.03 22:06:11.390,0.86515,0.8659
2013.03.03 22:06:11.571,0.86515,0.8659
2013.03.03 22:06:11.699,0.86515,0.8659
2013.03.03 22:06:11.818,0.86515,0.8659
2013.03.03 22:06:11.939,0.86515,0.86589
2013.03.03 22:06:12.058,0.86515,0.8659
2013.03.03 22:06:12.119,0.86515,0.86589
2013.03.03 22:06:12.616,0.86517,0.86589
2013.03.03 22:06:14.258,0.86527,0.86588
2013.03.03 22:06:16.059,0.86527,0.86587
2013.03.03 22:06:16.606,0.86527,0.86587
2013.03.03 22:06:17.220,0.86527,0.86586
2013.03.03 22:06:17.530,0.86528,0.8658
2013.03.03 22:06:18.191,0.86528,0.8658
2013.03.03 22:06:19.763,0.86528,0.86579
2013.03.03 22:06:21.261,0.86537,0.86578
2013.03.03 22:06:21.569,0.86539,0.86576
2013.03.03 22:06:21.749,0.86534,0.86576
2013.03.03 22:06:22.108,0.86533,0.86576
2013.03.03 22:06:22.229,0.86527,0.86574
2013.03.03 22:06:22.479,0.86527,0.86574
2013.03.03 22:06:22.718,0.86518,0.86572
2013.03.03 22:06:22.959,0.86518,0.86579
2013.03.03 22:06:23.018,0.86518,0.86583
2013.03.03 22:06:23.079,0.86514,0.86582
2013.03.03 22:06:23.198,0.86514,0.86575
2013.03.03 22:06:23.682,0.86513,0.8658
2013.03.03 22:06:23.989,0.86511,0.86578
2013.03.03 22:06:24.049,0.86511,0.86577
2013.03.03 22:06:27.189,0.86505,0.86579
2013.03.03 22:06:27.308,0.86505,0.86579
2013.03.03 22:06:27.369,0.86505,0.86578
2013.03.03 22:06:27.430,0.86508,0.86582
2013.03.03 22:06:27.826,0.86505,0.86585
2013.03.03 22:06:28.397,0.86505,0.86584
2013.03.03 22:06:29.234,0.86508,0.86586
2013.03.03 22:06:30.205,0.86508,0.86583
2013.03.03 22:06:31.359,0.86506,0.86582
2013.03.03 22:06:31.418,0.86505,0.86576
2013.03.03 22:06:31.779,0.86498,0.86576
2013.03.03 22:06:32.839,0.86497,0.86573
2013.03.03 22:06:34.028,0.86499,0.86572
2013.03.03 22:06:34.900,0.86507,0.86572
2013.03.03 22:06:35.259,0.86543,0.86581
2013.03.03 22:06:35.853,0.86543,0.86581
2013.03.03 22:06:36.969,0.86515,0.86578
2013.03.03 22:06:37.269,0.86546,0.8658
2013.03.03 22:06:37.896,0.86546,0.86579
2013.03.03 22:06:38.279,0.86546,0.86582
2013.03.03 22:06:38.349,0.86525,0.86582
2013.03.03 22:06:38.469,0.86522,0.86585
2013.03.03 22:06:38.595,0.86522,0.86583
2013.03.03 22:06:39.396,0.86529,0.86575
2013.03.03 22:06:39.698,0.86529,0.86576
2013.03.03 22:06:40.028,0.86527,0.86578
2013.03.03 22:06:41.970,0.86525,0.86572
2013.03.03 22:06:42.488,0.86525,0.86573
2013.03.03 22:06:43.029,0.86525,0.86572
2013.03.03 22:06:43.218,0.86539,0.86576
2013.03.03 22:06:43.940,0.86539,0.86575
2013.03.03 22:06:45.239,0.86539,0.86576
2013.03.03 22:06:45.479,0.86539,0.86573
2013.03.03 22:06:47.588,0.86525,0.86574
2013.03.03 22:06:48.047,0.8653,0.86577
2013.03.03 22:06:48.708,0.86534,0.8658
2013.03.03 22:06:49.421,0.86531,0.86577
2013.03.03 22:06:51.668,0.8653,0.86578
2013.03.03 22:06:52.004,0.86528,0.86576
2013.03.03 22:06:52.128,0.86533,0.86579
2013.03.03 22:06:52.188,0.86533,0.86579
2013.03.03 22:06:55.829,0.86532,0.86579
2013.03.03 22:06:55.952,0.86532,0.86575
2013.03.03 22:06:56.659,0.86531,0.86576
2013.03.03 22:06:57.559,0.86533,0.86576
2013.03.03 22:06:58.109,0.86532,0.86577
2013.03.03 22:06:58.639,0.86531,0.86576
2013.03.03 22:07:04.399,0.86535,0.86578
2013.03.03 22:07:04.699,0.86527,0.86579
2013.03.03 22:07:05.890,0.86527,0.86578
2013.03.03 22:07:07.018,0.86527,0.86575
2013.03.03 22:07:07.519,0.86527,0.86576
2013.03.03 22:07:08.059,0.86529,0.86576
2013.03.03 22:07:12.758,0.8653,0.86575
2013.03.03 22:07:14.658,0.86529,0.86576
2013.03.03 22:07:18.188,0.86534,0.86578
2013.03.03 22:07:19.558,0.86533,0.86579
2013.03.03 22:07:20.492,0.86532,0.86578
2013.03.03 22:07:22.208,0.86532,0.86575
2013.03.03 22:07:23.459,0.86527,0.86578
2013.03.03 22:07:25.178,0.86527,0.86578
2013.03.03 22:07:25.786,0.86527,0.86576
2013.03.03 22:07:27.559,0.86528,0.86577
2013.03.03 22:07:29.718,0.86527,0.86575
2013.03.03 22:07:30.808,0.86533,0.86577
2013.03.03 22:07:31.364,0.86532,0.86578
2013.03.03 22:07:35.418,0.86532,0.86576
2013.03.03 22:07:37.949,0.86531,0.86577
2013.03.03 22:07:38.709,0.86528,0.86575
2013.03.03 22:07:39.050,0.86528,0.8658
2013.03.03 22:07:42.710,0.86528,0.8658
2013.03.03 22:07:44.000,0.86533,0.86577
2013.03.03 22:07:46.730,0.86532,0.86578
2013.03.03 22:07:47.099,0.86529,0.86573
2013.03.03 22:07:50.919,0.86528,0.86574
2013.03.03 22:07:51.039,0.8653,0.86576
2013.03.03 22:07:51.239,0.86529,0.86573
2013.03.03 22:07:51.996,0.86526,0.8658
2013.03.03 22:07:54.859,0.86533,0.8658
2013.03.03 22:07:55.879,0.86534,0.86579
2013.03.03 22:07:56.869,0.86534,0.86579
2013.03.03 22:07:58.449,0.86534,0.86578
2013.03.03 22:07:58.993,0.86534,0.86579
2013.03.03 22:07:59.870,0.86533,0.86578
2013.03.03 22:08:00.960,0.86534,0.86577
2013.03.03 22:08:02.739,0.86526,0.86577
2013.03.03 22:08:03.048,0.8653,0.86575
2013.03.03 22:08:04.090,0.86527,0.86575
2013.03.03 22:08:04.674,0.86525,0.86575
2013.03.03 22:08:05.592,0.86526,0.86573
2013.03.03 22:08:06.961,0.86526,0.86571
2013.03.03 22:08:07.519,0.86526,0.86569
2013.03.03 22:08:13.019,0.86526,0.86568
2013.03.03 22:08:13.900,0.86526,0.86568
2013.03.03 22:08:14.668,0.86526,0.8657
2013.03.03 22:08:15.348,0.86526,0.86572
2013.03.03 22:08:15.650,0.86537,0.86579
2013.03.03 22:08:18.268,0.86537,0.8658
2013.03.03 22:08:18.810,0.86537,0.8658
2013.03.03 22:08:18.989,0.86537,0.8658
2013.03.03 22:08:19.349,0.86546,0.86577
2013.03.03 22:08:21.803,0.86548,0.8658
2013.03.03 22:08:30.302,0.86549,0.86583
2013.03.03 22:08:30.373,0.86549,0.86583
2013.03.03 22:08:31.940,0.86548,0.86581
2013.03.03 22:08:32.071,0.86549,0.8658
2013.03.03 22:08:36.172,0.86548,0.8658
2013.03.03 22:08:42.923,0.86552,0.86582
2013.03.03 22:08:43.443,0.86552,0.86582
2013.03.03 22:08:44.068,0.86552,0.86582
2013.03.03 22:08:45.167,0.86552,0.86582
2013.03.03 22:08:46.177,0.86552,0.86581
2013.03.03 22:08:46.489,0.86552,0.86581
2013.03.03 22:08:46.566,0.86557,0.86588
2013.03.03 22:08:46.693,0.86557,0.86589
2013.03.03 22:08:49.311,0.86558,0.8659
2013.03.03 22:08:49.552,0.86558,0.8659
2013.03.03 22:08:50.642,0.86558,0.8659
2013.03.03 22:08:51.125,0.86561,0.86589
2013.03.03 22:08:51.432,0.86559,0.86589
2013.03.03 22:08:52.982,0.86559,0.8659
2013.03.03 22:08:53.302,0.8656,0.86587
2013.03.03 22:08:53.664,0.86557,0.86587
2013.03.03 22:08:55.495,0.86557,0.86587
2013.03.03 22:08:56.135,0.86557,0.86585
2013.03.03 22:08:56.263,0.86558,0.86588
2013.03.03 22:08:56.335,0.86577,0.8659
2013.03.03 22:08:56.403,0.86577,0.8659
2013.03.03 22:08:56.534,0.86577,0.8659
2013.03.03 22:08:56.664,0.86558,0.86587
2013.03.03 22:08:57.696,0.86559,0.86585
2013.03.03 22:08:57.763,0.86555,0.86587
2013.03.03 22:08:57.832,0.86559,0.86587
2013.03.03 22:08:58.333,0.86559,0.86587
2013.03.03 22:08:58.930,0.86559,0.86587
2013.03.03 22:08:59.272,0.86559,0.86586
2013.03.03 22:08:59.672,0.86559,0.86589
2013.03.03 22:08:59.742,0.86559,0.86589
2013.03.03 22:09:00.283,0.86562,0.86589
2013.03.03 22:09:03.331,0.86564,0.86589
2013.03.03 22:09:04.594,0.86564,0.86589
2013.03.03 22:09:07.033,0.86564,0.86589
2013.03.03 22:09:07.162,0.86564,0.86589
2013.03.03 22:09:07.830,0.86562,0.86589
2013.03.03 22:09:09.602,0.86559,0.86589
2013.03.03 22:09:11.777,0.86562,0.86589
2013.03.03 22:09:12.096,0.86565,0.86589
2013.03.03 22:09:12.932,0.86565,0.86589
2013.03.03 22:09:13.484,0.86562,0.86589
2013.03.03 22:09:17.293,0.86562,0.86589
2013.03.03 22:09:17.852,0.86559,0.8659
2013.03.03 22:09:18.404,0.86559,0.8659
2013.03.03 22:09:21.452,0.86561,0.8659
2013.03.03 22:09:21.828,0.86561,0.8659
2013.03.03 22:09:24.671,0.86561,0.8659
2013.03.03 22:09:25.175,0.8656,0.8659
2013.03.03 22:09:26.292,0.86559,0.8659
2013.03.03 22:09:26.692,0.86555,0.8659
2013.03.03 22:09:27.545,0.86553,0.8659
2013.03.03 22:09:27.612,0.86553,0.8659
2013.03.03 22:09:29.302,0.86553,0.8659
2013.03.03 22:09:30.030,0.86553,0.8659
2013.03.03 22:09:30.884,0.86553,0.8659
2013.03.03 22:09:31.536,0.86553,0.8659
2013.03.03 22:09:31.673,0.86554,0.8659
2013.03.03 22:09:32.226,0.86555,0.8659
2013.03.03 22:09:33.633,0.86552,0.8659
2013.03.03 22:09:33.763,0.86552,0.8659
2013.03.03 22:09:33.972,0.86555,0.8659
2013.03.03 22:09:44.732,0.86554,0.8659
2013.03.03 22:09:45.282,0.86554,0.86589
2013.03.03 22:09:47.812,0.86556,0.8659
2013.03.03 22:09:48.122,0.86552,0.86586
2013.03.03 22:09:48.193,0.86549,0.86589
2013.03.03 22:09:49.173,0.86554,0.86589
2013.03.03 22:09:49.243,0.86554,0.8659
2013.03.03 22:09:58.262,0.86562,0.8659
2013.03.03 22:10:00.452,0.86565,0.8659
2013.03.03 22:10:00.762,0.86564,0.8659
2013.03.03 22:10:04.854,0.86565,0.8659
2013.03.03 22:10:13.292,0.86562,0.8659
2013.03.03 22:10:13.903,0.86562,0.8659
2013.03.03 22:10:14.903,0.86563,0.8659
2013.03.03 22:10:15.436,0.86555,0.86588
2013.03.03 22:10:16.373,0.86555,0.86588
2013.03.03 22:10:17.319,0.86555,0.86586
2013.03.03 22:10:22.301,0.86557,0.86585
2013.03.03 22:10:22.483,0.86554,0.86581
2013.03.03 22:10:26.303,0.8655,0.86579
2013.03.03 22:10:27.551,0.86543,0.86577
2013.03.03 22:10:28.052,0.86543,0.86576
2013.03.03 22:10:28.422,0.86543,0.86579
2013.03.03 22:10:28.942,0.86569,0.86581
2013.03.03 22:10:29.372,0.86571,0.86583
2013.03.03 22:10:30.064,0.86572,0.86584
2013.03.03 22:10:30.903,0.86553,0.86582
2013.03.03 22:10:31.214,0.86553,0.86581
2013.03.03 22:10:31.727,0.86549,0.86581
2013.03.03 22:10:32.683,0.86548,0.86578
2013.03.03 22:10:33.091,0.86545,0.86574
2013.03.03 22:10:34.303,0.86545,0.86575
2013.03.03 22:10:34.714,0.86546,0.86575
2013.03.03 22:10:34.903,0.86548,0.86579
2013.03.03 22:10:36.982,0.86549,0.8658
2013.03.03 22:10:41.338,0.86543,0.86579
2013.03.03 22:10:41.533,0.86536,0.86572
2013.03.03 22:10:41.603,0.86536,0.86572
2013.03.03 22:10:41.915,0.86532,0.86565
2013.03.03 22:10:42.228,0.86523,0.86568
2013.03.03 22:10:42.293,0.86523,0.8657
2013.03.03 22:10:42.422,0.86523,0.86571
2013.03.03 22:10:42.702,0.8653,0.8657
2013.03.03 22:10:43.011,0.86531,0.86573
2013.03.03 22:10:43.078,0.86531,0.86574
2013.03.03 22:10:43.272,0.86543,0.86573
2013.03.03 22:10:43.391,0.86543,0.86577
2013.03.03 22:10:44.662,0.86543,0.86577
2013.03.03 22:10:45.224,0.86543,0.86578
2013.03.03 22:10:45.352,0.86543,0.86578
2013.03.03 22:10:46.950,0.86546,0.86575
2013.03.03 22:10:47.583,0.86543,0.86576
2013.03.03 22:10:52.674,0.86536,0.86573
2013.03.03 22:10:53.423,0.86543,0.86569
2013.03.03 22:10:54.702,0.86543,0.8657
2013.03.03 22:10:55.361,0.86543,0.8657
2013.03.03 22:10:59.924,0.86543,0.8657
2013.03.03 22:11:01.903,0.86542,0.86571
2013.03.03 22:11:02.032,0.86542,0.86575
2013.03.03 22:11:02.601,0.86543,0.86578
2013.03.03 22:11:02.912,0.86569,0.86578
2013.03.03 22:11:02.982,0.86571,0.86583
2013.03.03 22:11:03.114,0.86572,0.86585
2013.03.03 22:11:03.245,0.86544,0.86588
2013.03.03 22:11:03.432,0.86544,0.86587
2013.03.03 22:11:04.255,0.86544,0.86584
2013.03.03 22:11:12.352,0.86542,0.86587
2013.03.03 22:11:12.724,0.86542,0.86589
2013.03.03 22:11:12.852,0.86542,0.86587
2013.03.03 22:11:13.173,0.86542,0.86576
2013.03.03 22:11:13.732,0.86543,0.86575
2013.03.03 22:11:17.663,0.86543,0.86573
2013.03.03 22:11:19.753,0.86543,0.86573
2013.03.03 22:11:20.962,0.86543,0.86572
2013.03.03 22:11:21.862,0.86543,0.86572
2013.03.03 22:11:22.734,0.86535,0.86568
2013.03.03 22:11:22.805,0.86535,0.86568
2013.03.03 22:11:23.355,0.86529,0.86562
2013.03.03 22:11:23.785,0.8651,0.86557
2013.03.03 22:11:24.963,0.86544,0.86571
2013.03.03 22:11:26.443,0.86524,0.8657
2013.03.03 22:11:27.036,0.86551,0.8657
2013.03.03 22:11:27.842,0.86528,0.86571
2013.03.03 22:11:28.428,0.86524,0.86569
2013.03.03 22:11:36.212,0.86524,0.86568
2013.03.03 22:11:36.919,0.86524,0.86568
2013.03.03 22:11:36.982,0.86524,0.86569
2013.03.03 22:11:37.572,0.86524,0.86567
2013.03.03 22:11:38.866,0.86524,0.86564
2013.03.03 22:11:42.463,0.86524,0.86564
2013.03.03 22:11:43.034,0.86524,0.86564
2013.03.03 22:11:43.102,0.86524,0.86563
2013.03.03 22:11:44.324,0.8654,0.86561
2013.03.03 22:11:44.633,0.86532,0.86564
2013.03.03 22:11:54.873,0.86519,0.86558
2013.03.03 22:11:57.622,0.86525,0.8656
2013.03.03 22:11:58.483,0.86519,0.8656
2013.03.03 22:12:02.424,0.86533,0.86551
2013.03.03 22:12:02.843,0.86509,0.86546
2013.03.03 22:12:08.155,0.86515,0.86549
2013.03.03 22:12:08.722,0.86515,0.8654
2013.03.03 22:12:09.420,0.86518,0.8654
2013.03.03 22:12:09.962,0.86516,0.8654
2013.03.03 22:12:10.022,0.86515,0.8654
2013.03.03 22:12:10.082,0.8652,0.8654
2013.03.03 22:12:10.142,0.86521,0.86559
2013.03.03 22:12:22.752,0.86516,0.86561
2013.03.03 22:12:24.497,0.86532,0.86565
2013.03.03 22:12:24.802,0.86525,0.86564
2013.03.03 22:12:25.112,0.86525,0.86564
2013.03.03 22:12:25.503,0.86526,0.86562
2013.03.03 22:12:33.302,0.86522,0.86564
2013.03.03 22:12:33.956,0.86518,0.86564
2013.03.03 22:12:35.374,0.86524,0.86564
2013.03.03 22:12:37.586,0.86523,0.86564
2013.03.03 22:12:38.293,0.86522,0.86566
2013.03.03 22:12:40.503,0.86526,0.86567
2013.03.03 22:12:42.542,0.86523,0.86566
2013.03.03 22:12:42.906,0.86526,0.86566
2013.03.03 22:12:45.082,0.86523,0.86567
2013.03.03 22:12:46.333,0.86528,0.86567
2013.03.03 22:12:51.663,0.86528,0.86564
2013.03.03 22:13:00.173,0.86526,0.86559
2013.03.03 22:13:00.483,0.86533,0.86561
2013.03.03 22:13:00.911,0.86527,0.86557
2013.03.03 22:13:01.093,0.86527,0.86557
2013.03.03 22:13:01.462,0.86516,0.86537
2013.03.03 22:13:05.254,0.86514,0.86545
2013.03.03 22:13:05.323,0.86515,0.86545
2013.03.03 22:13:08.713,0.86516,0.86551
2013.03.03 22:13:09.264,0.86537,0.86561
2013.03.03 22:13:10.214,0.8652,0.86569
2013.03.03 22:13:14.608,0.86539,0.86568
2013.03.03 22:13:20.153,0.86524,0.86568
2013.03.03 22:13:25.983,0.86525,0.86562
2013.03.03 22:13:26.473,0.8652,0.86567
2013.03.03 22:13:34.733,0.86528,0.86564
2013.03.03 22:13:34.803,0.86528,0.86564
2013.03.03 22:13:37.161,0.86524,0.86567
2013.03.03 22:13:44.503,0.86524,0.86562
2013.03.03 22:13:56.494,0.86524,0.8656
2013.03.03 22:14:04.852,0.86524,0.86552
2013.03.03 22:14:12.195,0.86524,0.86551
2013.03.03 22:14:13.016,0.86516,0.86545
2013.03.03 22:14:15.765,0.86516,0.86545
2013.03.03 22:14:22.904,0.86518,0.86548
2013.03.03 22:14:30.642,0.86516,0.86546
2013.03.03 22:14:30.987,0.8652,0.86548
2013.03.03 22:14:32.475,0.8652,0.86561
2013.03.03 22:14:35.797,0.86533,0.86556
2013.03.03 22:14:36.299,0.86533,0.86556
2013.03.03 22:14:36.612,0.86533,0.86556
2013.03.03 22:14:38.834,0.86533,0.86556
2013.03.03 22:14:40.172,0.86523,0.86559
2013.03.03 22:14:42.922,0.8652,0.8656
2013.03.03 22:14:43.222,0.86524,0.86561
2013.03.03 22:14:43.732,0.86521,0.8656
2013.03.03 22:14:44.312,0.86521,0.8656
2013.03.03 22:14:45.332,0.8652,0.8656
2013.03.03 22:14:46.473,0.86521,0.8656
2013.03.03 22:14:46.753,0.86533,0.86563
2013.03.03 22:14:48.636,0.86533,0.86555
2013.03.03 22:14:48.702,0.86512,0.86554
2013.03.03 22:14:48.773,0.8651,0.86552
2013.03.03 22:14:48.962,0.86507,0.86553
2013.03.03 22:14:49.082,0.86495,0.86553
2013.03.03 22:14:49.311,0.86495,0.86555
2013.03.03 22:14:50.001,0.86495,0.86553
2013.03.03 22:14:50.534,0.86493,0.86553
2013.03.03 22:14:51.265,0.86493,0.86553
2013.03.03 22:14:51.511,0.86492,0.86553
2013.03.03 22:14:51.871,0.86501,0.86564
2013.03.03 22:14:52.662,0.86509,0.86558
2013.03.03 22:14:52.722,0.86504,0.86561
2013.03.03 22:14:57.441,0.86504,0.86563
2013.03.03 22:14:58.852,0.86495,0.86564
2013.03.03 22:14:58.912,0.86477,0.86553
2013.03.03 22:15:00.553,0.86483,0.86566
2013.03.03 22:15:00.802,0.86483,0.8656
2013.03.03 22:15:01.312,0.86479,0.86561
2013.03.03 22:15:04.863,0.86512,0.8656
2013.03.03 22:15:05.173,0.86514,0.8657
2013.03.03 22:15:05.603,0.86513,0.86569
2013.03.03 22:15:11.666,0.86532,0.8657
2013.03.03 22:15:11.734,0.86534,0.86571
2013.03.03 22:15:11.991,0.86534,0.8658
2013.03.03 22:15:12.052,0.86528,0.86585
2013.03.03 22:15:13.752,0.86531,0.86585
2013.03.03 22:15:14.914,0.86534,0.86583
2013.03.03 22:15:17.112,0.86534,0.8658
2013.03.03 22:15:17.572,0.86533,0.8658
2013.03.03 22:15:17.942,0.8653,0.86577
2013.03.03 22:15:18.063,0.86498,0.86563
2013.03.03 22:15:18.133,0.8649,0.86555
2013.03.03 22:15:18.263,0.8649,0.86564
2013.03.03 22:15:18.452,0.8649,0.86565
2013.03.03 22:15:18.514,0.86484,0.86565
2013.03.03 22:15:18.702,0.86486,0.86564
2013.03.03 22:15:22.073,0.86488,0.86561
2013.03.03 22:15:22.143,0.86484,0.8656
2013.03.03 22:15:22.271,0.86479,0.86564
2013.03.03 22:15:22.582,0.86485,0.86567
2013.03.03 22:15:22.723,0.86489,0.86567
2013.03.03 22:15:22.792,0.86489,0.86567
2013.03.03 22:15:23.406,0.86489,0.86569
2013.03.03 22:15:23.983,0.86489,0.86567
2013.03.03 22:15:25.076,0.86494,0.86567
2013.03.03 22:15:25.388,0.86496,0.86565
2013.03.03 22:15:25.913,0.86496,0.86565
2013.03.03 22:15:26.282,0.86496,0.86565
2013.03.03 22:15:28.752,0.86495,0.86564
2013.03.03 22:15:28.871,0.86495,0.86562
2013.03.03 22:15:29.499,0.86483,0.86572
2013.03.03 22:15:29.671,0.86483,0.86572
2013.03.03 22:15:29.951,0.86483,0.86577
2013.03.03 22:15:32.652,0.86508,0.86577
2013.03.03 22:15:33.192,0.86486,0.86572
2013.03.03 22:15:33.475,0.86485,0.86573
2013.03.03 22:15:33.663,0.86481,0.86581
2013.03.03 22:15:33.731,0.86481,0.86579
2013.03.03 22:15:34.282,0.86484,0.86578
2013.03.03 22:15:36.572,0.86488,0.86572
2013.03.03 22:15:37.151,0.86495,0.86572
2013.03.03 22:15:38.502,0.86494,0.86566
2013.03.03 22:15:38.641,0.86483,0.86572
2013.03.03 22:15:38.701,0.86478,0.86576
2013.03.03 22:15:40.796,0.86491,0.86581
2013.03.03 22:15:41.112,0.86497,0.86583
2013.03.03 22:15:43.932,0.86507,0.86575
2013.03.03 22:15:45.222,0.86507,0.86574
2013.03.03 22:15:45.723,0.86507,0.86575
2013.03.03 22:15:46.272,0.86507,0.86574
2013.03.03 22:15:47.075,0.86507,0.86573
2013.03.03 22:15:47.670,0.86507,0.86574
2013.03.03 22:15:48.492,0.86505,0.86573
2013.03.03 22:15:48.794,0.86504,0.86573
2013.03.03 22:15:49.390,0.86504,0.86571
2013.03.03 22:15:49.743,0.86503,0.86569
2013.03.03 22:15:50.840,0.86507,0.8657
2013.03.03 22:15:50.962,0.86508,0.8657
2013.03.03 22:15:51.332,0.86524,0.86572
2013.03.03 22:15:51.393,0.86524,0.86574
2013.03.03 22:15:51.883,0.86515,0.86576
2013.03.03 22:15:58.631,0.86519,0.86574
2013.03.03 22:15:58.883,0.86519,0.86573
2013.03.03 22:15:59.193,0.8653,0.86564
2013.03.03 22:15:59.715,0.8653,0.86564
2013.03.03 22:16:00.974,0.8653,0.86564
2013.03.03 22:16:01.495,0.8653,0.86564
2013.03.03 22:16:02.433,0.8653,0.86564
2013.03.03 22:16:03.025,0.8653,0.86564
2013.03.03 22:16:08.056,0.86529,0.86562
2013.03.03 22:16:10.683,0.86527,0.86558
2013.03.03 22:16:10.994,0.86526,0.86556
2013.03.03 22:16:11.064,0.86527,0.86557
2013.03.03 22:16:11.134,0.86525,0.86555
2013.03.03 22:16:11.445,0.86528,0.8656
2013.03.03 22:16:11.697,0.8653,0.86562
2013.03.03 22:16:11.884,0.8653,0.86564
2013.03.03 22:16:12.124,0.8653,0.86562
2013.03.03 22:16:12.674,0.8653,0.8656
2013.03.03 22:16:13.061,0.86529,0.86558
2013.03.03 22:16:13.674,0.86528,0.86558
2013.03.03 22:16:13.944,0.86531,0.86563
2013.03.03 22:16:14.015,0.86531,0.86563
2013.03.03 22:16:14.084,0.8653,0.86564
2013.03.03 22:16:14.214,0.86533,0.86562
2013.03.03 22:16:14.524,0.86536,0.86564
2013.03.03 22:16:14.654,0.86534,0.86566
2013.03.03 22:16:15.045,0.86538,0.86568
2013.03.03 22:16:15.233,0.8653,0.86568
2013.03.03 22:16:15.662,0.86534,0.86568
2013.03.03 22:16:16.144,0.86533,0.86565
2013.03.03 22:16:16.455,0.86534,0.86568
2013.03.03 22:16:17.906,0.86534,0.86567
2013.03.03 22:16:18.225,0.86538,0.86569
2013.03.03 22:16:18.413,0.86532,0.86564
2013.03.03 22:16:18.544,0.86535,0.86567
2013.03.03 22:16:19.175,0.86537,0.86567
2013.03.03 22:16:19.315,0.8654,0.86571
2013.03.03 22:16:19.859,0.8654,0.86572
2013.03.03 22:16:20.565,0.8654,0.86571
2013.03.03 22:16:23.883,0.86546,0.86573
2013.03.03 22:16:24.882,0.86548,0.86573
2013.03.03 22:16:25.272,0.86551,0.86573
2013.03.03 22:16:25.405,0.8655,0.86573
2013.03.03 22:16:27.123,0.86546,0.86573
2013.03.03 22:16:28.193,0.86545,0.86573
2013.03.03 22:16:28.785,0.86544,0.86573
2013.03.03 22:16:31.005,0.86542,0.86573
2013.03.03 22:16:32.454,0.86547,0.86575
2013.03.03 22:16:33.231,0.86547,0.86578
2013.03.03 22:16:35.564,0.86548,0.86576
2013.03.03 22:16:36.222,0.86546,0.86576
2013.03.03 22:16:39.444,0.86546,0.86575
2013.03.03 22:16:40.035,0.86544,0.86573
2013.03.03 22:16:46.837,0.86544,0.86574
2013.03.03 22:16:57.625,0.86542,0.86574
2013.03.03 22:16:57.933,0.86542,0.86572
2013.03.03 22:17:01.423,0.86542,0.86574
2013.03.03 22:17:01.492,0.86547,0.86576
2013.03.03 22:17:01.553,0.86547,0.86577
2013.03.03 22:17:01.622,0.86552,0.8658
2013.03.03 22:17:04.942,0.8655,0.8658
2013.03.03 22:17:05.004,0.86547,0.86577
2013.03.03 22:17:05.078,0.86545,0.86577
2013.03.03 22:17:05.144,0.86545,0.86573
2013.03.03 22:17:05.692,0.86542,0.86573
2013.03.03 22:17:05.823,0.86542,0.86571
2013.03.03 22:17:11.396,0.8654,0.86573
2013.03.03 22:17:11.643,0.86541,0.86573
2013.03.03 22:17:18.124,0.86541,0.86568
2013.03.03 22:17:18.372,0.86541,0.86573
2013.03.03 22:17:19.987,0.86541,0.86573
2013.03.03 22:17:20.692,0.86541,0.86573
2013.03.03 22:17:21.803,0.86541,0.86573
2013.03.03 22:17:22.974,0.86541,0.86573
2013.03.03 22:17:23.163,0.86544,0.86574
2013.03.03 22:17:23.712,0.86544,0.86574
2013.03.03 22:17:23.833,0.86548,0.86577
2013.03.03 22:17:24.343,0.86548,0.86578
2013.03.03 22:17:24.914,0.86548,0.86578
2013.03.03 22:17:27.676,0.86544,0.86573
2013.03.03 22:17:32.739,0.86544,0.86574
2013.03.03 22:17:39.754,0.86544,0.86574
2013.03.03 22:17:41.513,0.86544,0.86573
2013.03.03 22:17:53.736,0.86543,0.86573
2013.03.03 22:18:04.857,0.86543,0.86573
2013.03.03 22:18:06.163,0.86544,0.86574
2013.03.03 22:19:06.338,0.86549,0.86581
2013.03.03 22:19:08.212,0.86547,0.86574
2013.03.03 22:19:08.572,0.86547,0.86576
2013.03.03 22:19:08.873,0.86549,0.86579
2013.03.03 22:19:58.365,0.86552,0.8658
2013.03.03 22:20:00.197,0.86557,0.86585
2013.03.03 22:20:00.768,0.86554,0.86583
2013.03.03 22:20:08.774,0.86553,0.86579
2013.03.03 22:20:11.174,0.8655,0.86579
2013.03.03 22:20:11.423,0.86543,0.86571
2013.03.03 22:20:11.494,0.8654,0.86571
2013.03.03 22:20:12.043,0.8654,0.86568
2013.03.03 22:20:13.893,0.8654,0.86565
2013.03.03 22:20:14.421,0.8654,0.86565
2013.03.03 22:20:14.963,0.8654,0.86565
2013.03.03 22:20:15.202,0.8654,0.86567
2013.03.03 22:20:20.544,0.8654,0.86569
2013.03.03 22:20:21.935,0.8654,0.86568
2013.03.03 22:20:22.894,0.8654,0.8657
2013.03.03 22:20:27.185,0.8654,0.86572
2013.03.03 22:20:27.905,0.8654,0.86572
2013.03.03 22:20:31.233,0.8654,0.86572
2013.03.03 22:20:37.464,0.8654,0.86572
2013.03.03 22:20:44.864,0.8654,0.86571
2013.03.03 22:20:45.544,0.8654,0.8657
2013.03.03 22:20:46.534,0.8654,0.86569
2013.03.03 22:20:47.716,0.8654,0.86565
2013.03.03 22:20:48.059,0.8654,0.86566
2013.03.03 22:20:48.253,0.86541,0.86573
2013.03.03 22:20:59.623,0.86541,0.8657
2013.03.03 22:21:00.148,0.86541,0.86567
2013.03.03 22:21:02.284,0.86541,0.86567
2013.03.03 22:21:02.355,0.86538,0.86567
2013.03.03 22:21:03.634,0.86538,0.86563
2013.03.03 22:21:03.976,0.86538,0.86561
2013.03.03 22:21:04.885,0.86538,0.8656
2013.03.03 22:21:06.044,0.86538,0.86565
2013.03.03 22:21:06.733,0.8654,0.86568
2013.03.03 22:21:06.863,0.8654,0.8657
2013.03.03 22:21:08.933,0.8654,0.86568
2013.03.03 22:21:09.904,0.8654,0.86563
2013.03.03 22:21:10.407,0.86538,0.86561
2013.03.03 22:21:10.534,0.86538,0.86557
2013.03.03 22:21:10.844,0.86535,0.86556
2013.03.03 22:21:10.916,0.86535,0.86561
2013.03.03 22:21:11.715,0.86532,0.86563
2013.03.03 22:21:13.724,0.86532,0.86561
2013.03.03 22:21:14.025,0.86532,0.86557
2013.03.03 22:21:14.812,0.86532,0.86557
2013.03.03 22:21:15.813,0.86532,0.86554
2013.03.03 22:21:16.812,0.86532,0.86552
2013.03.03 22:21:17.105,0.86532,0.86555
2013.03.03 22:21:17.233,0.86532,0.86556
2013.03.03 22:21:17.774,0.86532,0.86557
2013.03.03 22:21:17.903,0.86532,0.86563
2013.03.03 22:21:19.774,0.86535,0.86563
2013.03.03 22:21:22.284,0.86532,0.86562
2013.03.03 22:21:26.833,0.86534,0.86562
2013.03.03 22:21:55.307,0.8654,0.86568
2013.03.03 22:22:42.724,0.86541,0.8657
2013.03.03 22:22:42.794,0.86542,0.8657
2013.03.03 22:22:42.983,0.86546,0.86574
2013.03.03 22:22:50.663,0.86547,0.86574
2013.03.03 22:23:15.326,0.86547,0.86574
2013.03.03 22:23:29.912,0.86548,0.86577
2013.03.03 22:23:31.608,0.86548,0.86577
2013.03.03 22:24:03.453,0.86549,0.86577
2013.03.03 22:24:04.013,0.86552,0.86579
2013.03.03 22:24:07.963,0.86551,0.86578
2013.03.03 22:24:08.526,0.86549,0.86577
2013.03.03 22:24:35.295,0.86549,0.86577
2013.03.03 22:24:59.353,0.86554,0.86581
2013.03.03 22:25:01.343,0.86554,0.8658
2013.03.03 22:25:03.906,0.86554,0.86582
2013.03.03 22:25:14.114,0.86553,0.8658
2013.03.03 22:25:17.605,0.86554,0.8658
2013.03.03 22:25:18.114,0.86554,0.86581
2013.03.03 22:25:19.373,0.86554,0.86581
2013.03.03 22:25:23.745,0.86554,0.8658
2013.03.03 22:25:23.815,0.86553,0.86577
2013.03.03 22:25:25.946,0.86552,0.86577
2013.03.03 22:25:26.147,0.8655,0.86576
2013.03.03 22:25:26.395,0.86549,0.86571
2013.03.03 22:25:27.935,0.86549,0.86571
2013.03.03 22:25:28.195,0.86546,0.86572
2013.03.03 22:25:28.384,0.86546,0.86566
2013.03.03 22:25:29.575,0.86544,0.86565
2013.03.03 22:25:45.905,0.86544,0.86563
2013.03.03 22:25:46.464,0.86541,0.86563
2013.03.03 22:25:49.457,0.86542,0.8656
2013.03.03 22:25:50.084,0.86542,0.8656
2013.03.03 22:25:50.343,0.86536,0.8656
2013.03.03 22:25:50.414,0.86534,0.8656
2013.03.03 22:25:50.974,0.86533,0.86558
2013.03.03 22:26:17.645,0.8653,0.86559
2013.03.03 22:26:29.246,0.86532,0.86562
2013.03.03 22:26:35.234,0.86539,0.8657
2013.03.03 22:26:35.863,0.86539,0.86571
2013.03.03 22:26:36.522,0.8654,0.86572
2013.03.03 22:26:49.633,0.86541,0.86575
2013.03.03 22:26:50.035,0.86543,0.86575
2013.03.03 22:26:50.344,0.86547,0.86577
2013.03.03 22:26:50.533,0.86548,0.8658
2013.03.03 22:26:54.414,0.86548,0.86578
2013.03.03 22:26:54.723,0.86548,0.86577
2013.03.03 22:26:57.016,0.86548,0.86577
2013.03.03 22:26:57.546,0.86548,0.86578
2013.03.03 22:26:57.614,0.8655,0.8658
2013.03.03 22:26:57.805,0.86555,0.86585
2013.03.03 22:26:57.874,0.86555,0.86586
2013.03.03 22:26:58.094,0.86555,0.86586
2013.03.03 22:26:58.403,0.86558,0.86589
2013.03.03 22:26:58.533,0.86558,0.86589
2013.03.03 22:27:02.474,0.86558,0.86589
2013.03.03 22:27:02.784,0.86557,0.86586
2013.03.03 22:27:02.914,0.86557,0.86586
2013.03.03 22:27:07.413,0.86557,0.86589
2013.03.03 22:27:07.484,0.86558,0.86589
2013.03.03 22:27:18.103,0.8656,0.8659
2013.03.03 22:27:28.113,0.8656,0.86588
2013.03.03 22:27:29.234,0.8656,0.86588
2013.03.03 22:27:29.753,0.86562,0.86593
2013.03.03 22:27:30.973,0.86565,0.86592
2013.03.03 22:27:32.247,0.86564,0.86592
2013.03.03 22:27:32.793,0.86562,0.86591
2013.03.03 22:27:36.733,0.86562,0.86589
2013.03.03 22:27:37.420,0.86562,0.86591
2013.03.03 22:27:46.543,0.86562,0.86594
2013.03.03 22:27:52.705,0.86562,0.86589
2013.03.03 22:27:52.892,0.86557,0.8657
2013.03.03 22:27:52.954,0.86539,0.86567
2013.03.03 22:27:53.022,0.86539,0.86567
2013.03.03 22:27:53.562,0.86536,0.86561
2013.03.03 22:27:53.861,0.86535,0.86557
2013.03.03 22:27:54.412,0.86535,0.86557
2013.03.03 22:27:55.472,0.86536,0.86555
2013.03.03 22:27:55.654,0.86536,0.86555
2013.03.03 22:27:56.162,0.86534,0.8656
2013.03.03 22:27:56.284,0.86537,0.86559
2013.03.03 22:27:56.413,0.86536,0.86559
2013.03.03 22:27:58.010,0.86536,0.86559
2013.03.03 22:28:02.716,0.86536,0.8656
2013.03.03 22:28:12.582,0.86539,0.86562
2013.03.03 22:28:12.703,0.86543,0.86567
2013.03.03 22:28:12.764,0.8654,0.86569
2013.03.03 22:28:13.083,0.8654,0.86565
2013.03.03 22:28:14.263,0.8654,0.86565
2013.03.03 22:28:14.324,0.86537,0.86562
2013.03.03 22:28:14.633,0.86535,0.86565
2013.03.03 22:28:14.705,0.86539,0.86565
2013.03.03 22:28:15.013,0.86545,0.86564
2013.03.03 22:28:15.193,0.86546,0.86562
2013.03.03 22:28:15.253,0.86546,0.86562
2013.03.03 22:28:17.724,0.86548,0.86574
2013.03.03 22:28:18.262,0.86547,0.86574
2013.03.03 22:28:24.703,0.86548,0.86576
2013.03.03 22:28:25.232,0.86548,0.86576
2013.03.03 22:28:25.804,0.86548,0.86576
2013.03.03 22:28:26.803,0.86548,0.86579
2013.03.03 22:28:35.344,0.86551,0.86582
2013.03.03 22:28:41.332,0.86552,0.86584
2013.03.03 22:28:44.530,0.86553,0.86584
2013.03.03 22:28:46.444,0.86552,0.86584
2013.03.03 22:28:54.903,0.86555,0.86585
2013.03.03 22:28:59.473,0.86554,0.86585
2013.03.03 22:29:00.243,0.86558,0.86589
2013.03.03 22:29:20.387,0.86559,0.86589
2013.03.03 22:29:29.304,0.86558,0.86589
2013.03.03 22:29:46.524,0.86558,0.8659
2013.03.03 22:29:51.284,0.86558,0.8659
2013.03.03 22:30:01.053,0.86558,0.8659
2013.03.03 22:30:07.335,0.86559,0.86589
2013.03.03 22:30:07.894,0.86558,0.86587
2013.03.03 22:30:08.029,0.86558,0.86588
2013.03.03 22:30:08.626,0.86557,0.86589
2013.03.03 22:30:09.294,0.86558,0.86589
2013.03.03 22:30:09.664,0.86558,0.86589
2013.03.03 22:30:18.665,0.86559,0.8659
2013.03.03 22:31:00.523,0.86558,0.86589
2013.03.03 22:31:02.545,0.86556,0.86588
2013.03.03 22:31:03.204,0.86556,0.86588
2013.03.03 22:31:07.354,0.86559,0.86588
2013.03.03 22:31:09.303,0.86556,0.86589
2013.03.03 22:31:09.364,0.86554,0.86589
2013.03.03 22:31:09.436,0.86555,0.86587
2013.03.03 22:31:34.664,0.86557,0.86588
2013.03.03 22:31:35.043,0.86557,0.86585
2013.03.03 22:31:41.890,0.86555,0.86585
2013.03.03 22:31:42.024,0.86553,0.86581
2013.03.03 22:31:42.093,0.8655,0.86579
2013.03.03 22:31:46.454,0.86546,0.86577
2013.03.03 22:31:46.586,0.86543,0.86575
2013.03.03 22:32:04.280,0.86545,0.86576
2013.03.03 22:32:04.618,0.86554,0.86582
2013.03.03 22:32:10.077,0.8655,0.86582
2013.03.03 22:32:10.264,0.86547,0.86578
2013.03.03 22:32:12.196,0.86549,0.86578
2013.03.03 22:32:16.467,0.86556,0.86584
2013.03.03 22:32:41.213,0.86561,0.86588
2013.03.03 22:32:47.553,0.8656,0.86588
2013.03.03 22:32:48.115,0.86561,0.86588
2013.03.03 22:32:50.944,0.8656,0.86588
2013.03.03 22:32:54.874,0.86561,0.86588
2013.03.03 22:32:57.395,0.86562,0.86588
2013.03.03 22:32:58.256,0.86561,0.86588
2013.03.03 22:32:59.173,0.86562,0.86588
2013.03.03 22:33:00.756,0.86564,0.86588
2013.03.03 22:33:01.124,0.86562,0.86588
2013.03.03 22:33:01.888,0.86562,0.86588
2013.03.03 22:33:06.127,0.86561,0.86588
2013.03.03 22:33:07.783,0.86559,0.86588
2013.03.03 22:33:10.875,0.86559,0.86585
2013.03.03 22:33:12.416,0.86558,0.86586
2013.03.03 22:33:25.674,0.8656,0.86587
2013.03.03 22:33:25.818,0.86556,0.86585
2013.03.03 22:33:26.004,0.86551,0.86583
2013.03.03 22:33:28.925,0.86554,0.86583
2013.03.03 22:33:46.504,0.86557,0.86587
2013.03.03 22:33:47.734,0.86557,0.86587
2013.03.03 22:33:59.034,0.86557,0.86588
2013.03.03 22:34:01.774,0.86557,0.86587
2013.03.03 22:34:02.824,0.86557,0.86588
2013.03.03 22:34:17.655,0.86559,0.86588
2013.03.03 22:34:18.176,0.86559,0.8659
2013.03.03 22:34:20.744,0.8656,0.8659
2013.03.03 22:34:20.925,0.86561,0.86593
2013.03.03 22:34:21.235,0.86565,0.86596
2013.03.03 22:34:21.685,0.86562,0.86602
2013.03.03 22:34:23.504,0.86562,0.86602
2013.03.03 22:34:23.624,0.86563,0.86597
2013.03.03 22:34:27.225,0.86567,0.86597
2013.03.03 22:34:35.953,0.86567,0.86597
2013.03.03 22:34:44.974,0.86566,0.86597
2013.03.03 22:34:46.194,0.86567,0.86597
2013.03.03 22:34:48.416,0.86565,0.86597
2013.03.03 22:34:48.487,0.86565,0.86597
2013.03.03 22:34:59.645,0.86565,0.86597
2013.03.03 22:35:15.406,0.86565,0.86596
2013.03.03 22:35:16.505,0.86565,0.86596
2013.03.03 22:35:40.814,0.86565,0.86596
2013.03.03 22:35:47.306,0.86564,0.86594
2013.03.03 22:35:47.844,0.86564,0.86594
2013.03.03 22:35:51.156,0.86564,0.86594
2013.03.03 22:35:52.248,0.86563,0.86595
2013.03.03 22:35:54.034,0.86563,0.86592
2013.03.03 22:36:33.535,0.86563,0.86594
2013.03.03 22:36:40.664,0.86563,0.86593
2013.03.03 22:36:42.238,0.86562,0.86592
2013.03.03 22:36:42.365,0.86562,0.86592
2013.03.03 22:36:47.661,0.86563,0.86594
2013.03.03 22:36:55.713,0.86571,0.86597
2013.03.03 22:36:55.776,0.86571,0.86597
2013.03.03 22:36:56.608,0.86574,0.86602
2013.03.03 22:36:57.205,0.86578,0.86602
2013.03.03 22:36:57.635,0.86572,0.86602
2013.03.03 22:36:57.767,0.86572,0.86602
2013.03.03 22:36:57.835,0.86571,0.86602
2013.03.03 22:36:58.912,0.86571,0.86602
2013.03.03 22:36:59.515,0.86571,0.86602
2013.03.03 22:37:00.884,0.86572,0.86602
2013.03.03 22:37:02.844,0.86574,0.86602
2013.03.03 22:37:04.467,0.86574,0.86603
2013.03.03 22:37:04.655,0.86575,0.86603
2013.03.03 22:37:04.967,0.86577,0.86606
2013.03.03 22:37:05.824,0.86579,0.86607
2013.03.03 22:37:05.896,0.86581,0.86607
2013.03.03 22:37:07.405,0.86579,0.86607
2013.03.03 22:37:12.936,0.86579,0.86607
2013.03.03 22:37:14.356,0.86579,0.86607
2013.03.03 22:37:17.665,0.86579,0.86607
2013.03.03 22:37:17.979,0.86581,0.86609
2013.03.03 22:37:18.322,0.86582,0.86612
2013.03.03 22:37:26.535,0.86584,0.86611
2013.03.03 22:37:39.666,0.86604,0.86617
2013.03.03 22:37:40.203,0.86589,0.86616
2013.03.03 22:37:41.007,0.86589,0.86616
2013.03.03 22:37:41.075,0.86585,0.86613
2013.03.03 22:37:48.026,0.86586,0.86616
2013.03.03 22:37:55.429,0.86587,0.86613
2013.03.03 22:38:08.156,0.86585,0.86613
2013.03.03 22:38:09.312,0.86585,0.86611
2013.03.03 22:38:15.604,0.86586,0.86611
2013.03.03 22:38:36.945,0.86586,0.86613
2013.03.03 22:38:40.333,0.86583,0.86613
2013.03.03 22:38:40.814,0.86583,0.86613
2013.03.03 22:38:41.444,0.86585,0.86614
2013.03.03 22:38:42.757,0.86585,0.86615
2013.03.03 22:38:49.246,0.86583,0.86611
2013.03.03 22:38:59.514,0.86584,0.86612
2013.03.03 22:39:01.185,0.86582,0.86612
2013.03.03 22:39:05.296,0.86582,0.8661
2013.03.03 22:39:37.355,0.86582,0.8661
2013.03.03 22:39:50.987,0.86583,0.86611
2013.03.03 22:40:40.905,0.86582,0.8661
2013.03.03 22:40:42.170,0.86584,0.86612
2013.03.03 22:40:42.715,0.86582,0.86612
2013.03.03 22:40:45.717,0.86582,0.86612
2013.03.03 22:40:58.395,0.8658,0.8661
2013.03.03 22:41:58.429,0.86578,0.86612
2013.03.03 22:42:01.926,0.86581,0.86609
2013.03.03 22:42:04.605,0.8658,0.86608
2013.03.03 22:42:08.185,0.86583,0.86613
2013.03.03 22:42:08.855,0.86583,0.86613
2013.03.03 22:42:11.194,0.86581,0.86606
2013.03.03 22:42:11.517,0.86571,0.86599
2013.03.03 22:42:11.824,0.8657,0.86596
2013.03.03 22:42:11.946,0.86568,0.86594
2013.03.03 22:42:12.015,0.86567,0.86594
2013.03.03 22:42:13.184,0.86564,0.86594
2013.03.03 22:42:14.999,0.86564,0.86594
2013.03.03 22:42:19.746,0.86564,0.86588
2013.03.03 22:42:20.319,0.86561,0.86588
2013.03.03 22:42:21.085,0.86561,0.86587
2013.03.03 22:42:21.749,0.86564,0.86592
2013.03.03 22:42:23.526,0.86564,0.86594
2013.03.03 22:42:25.465,0.86566,0.86594
2013.03.03 22:42:27.228,0.86563,0.86593
2013.03.03 22:42:27.418,0.86563,0.86593
2013.03.03 22:42:27.907,0.86559,0.86587
2013.03.03 22:42:35.261,0.86564,0.86592
2013.03.03 22:42:36.095,0.86564,0.86592
2013.03.03 22:42:37.434,0.8656,0.8659
2013.03.03 22:42:38.126,0.8656,0.8659
2013.03.03 22:42:43.927,0.86562,0.8659
2013.03.03 22:42:46.100,0.86562,0.8659
2013.03.03 22:42:48.337,0.86567,0.86598
2013.03.03 22:42:48.477,0.86568,0.866
2013.03.03 22:42:48.546,0.86569,0.86599
2013.03.03 22:42:49.855,0.86569,0.86599
2013.03.03 22:42:51.115,0.86569,0.86599
2013.03.03 22:42:54.574,0.86569,0.86598
2013.03.03 22:42:55.824,0.86569,0.86598
2013.03.03 22:42:56.335,0.86569,0.86598
2013.03.03 22:42:56.640,0.8657,0.86598
2013.03.03 22:43:04.625,0.8657,0.86596
2013.03.03 22:43:05.466,0.86572,0.86596
2013.03.03 22:43:06.146,0.86572,0.86596
2013.03.03 22:43:08.445,0.86572,0.86596
2013.03.03 22:43:10.199,0.86572,0.86596
2013.03.03 22:43:11.155,0.86572,0.86596
2013.03.03 22:43:13.186,0.86572,0.86597
2013.03.03 22:43:15.455,0.86572,0.86596
2013.03.03 22:43:16.137,0.86572,0.86596
2013.03.03 22:43:18.435,0.86572,0.86596
2013.03.03 22:43:18.814,0.86572,0.86596
2013.03.03 22:43:26.855,0.86573,0.86597
2013.03.03 22:43:32.235,0.86574,0.86599
2013.03.03 22:43:37.687,0.86574,0.86601
2013.03.03 22:43:38.788,0.86575,0.86601
2013.03.03 22:43:46.595,0.86574,0.866
2013.03.03 22:43:49.065,0.86574,0.86601
2013.03.03 22:43:50.814,0.86575,0.866
2013.03.03 22:43:56.813,0.86571,0.86602
2013.03.03 22:43:57.934,0.86571,0.86602
2013.03.03 22:44:00.925,0.86571,0.86602
2013.03.03 22:44:01.574,0.86571,0.86601
2013.03.03 22:44:03.336,0.86571,0.86601
2013.03.03 22:44:05.004,0.86574,0.86601
2013.03.03 22:44:05.578,0.86574,0.866
2013.03.03 22:44:06.383,0.86574,0.866
2013.03.03 22:44:07.334,0.86574,0.866
2013.03.03 22:44:08.093,0.86574,0.866
2013.03.03 22:44:10.383,0.86574,0.866
2013.03.03 22:44:11.154,0.86574,0.866
2013.03.03 22:44:11.956,0.8657,0.866
2013.03.03 22:44:16.865,0.8657,0.866
2013.03.03 22:44:18.955,0.86572,0.866
2013.03.03 22:44:20.925,0.86572,0.866
2013.03.03 22:44:22.379,0.86572,0.866
2013.03.03 22:44:22.914,0.86572,0.866
2013.03.03 22:44:24.225,0.86572,0.866
2013.03.03 22:44:25.005,0.86573,0.866
2013.03.03 22:44:26.839,0.86573,0.866
2013.03.03 22:44:28.406,0.86574,0.866
2013.03.03 22:44:31.304,0.86574,0.866
2013.03.03 22:44:31.914,0.86572,0.866
2013.03.03 22:44:32.928,0.86573,0.866
2013.03.03 22:44:35.945,0.86574,0.866
2013.03.03 22:44:38.285,0.86574,0.86601
2013.03.03 22:44:38.934,0.86574,0.86601
2013.03.03 22:44:39.473,0.86575,0.86601
2013.03.03 22:44:39.744,0.86575,0.86601
2013.03.03 22:44:42.115,0.86574,0.86601
2013.03.03 22:44:42.785,0.86574,0.86601
2013.03.03 22:44:43.163,0.86575,0.86599
2013.03.03 22:44:49.265,0.86574,0.86602
2013.03.03 22:44:49.399,0.8658,0.86602
2013.03.03 22:44:53.025,0.8658,0.86602
2013.03.03 22:44:53.565,0.86581,0.86603
2013.03.03 22:44:54.648,0.86581,0.86603
2013.03.03 22:44:54.716,0.8658,0.86602
2013.03.03 22:44:55.531,0.86574,0.866
2013.03.03 22:44:56.846,0.86572,0.866
2013.03.03 22:44:59.486,0.86572,0.86602
2013.03.03 22:45:03.716,0.86572,0.866
2013.03.03 22:45:13.346,0.86574,0.866
2013.03.03 22:45:15.606,0.86572,0.86598
2013.03.03 22:45:15.735,0.86572,0.86598
2013.03.03 22:45:16.277,0.8657,0.86598
2013.03.03 22:45:16.846,0.8657,0.86598
2013.03.03 22:45:17.307,0.86573,0.86597
2013.03.03 22:45:17.446,0.86573,0.866
2013.03.03 22:45:17.745,0.86573,0.866
2013.03.03 22:45:20.386,0.86571,0.86601
2013.03.03 22:45:24.126,0.86571,0.86601
2013.03.03 22:45:27.227,0.86571,0.86601
2013.03.03 22:45:30.194,0.86572,0.866
2013.03.03 22:45:30.975,0.86573,0.86599
2013.03.03 22:45:31.586,0.86573,0.86599
2013.03.03 22:45:32.386,0.86573,0.86599
2013.03.03 22:45:32.922,0.86573,0.86599
2013.03.03 22:45:34.446,0.86572,0.86599
2013.03.03 22:45:34.964,0.86573,0.86599
2013.03.03 22:45:38.299,0.86574,0.86599
2013.03.03 22:45:38.984,0.86574,0.866
2013.03.03 22:45:39.755,0.86574,0.866
2013.03.03 22:45:41.115,0.86575,0.866
2013.03.03 22:45:42.532,0.86574,0.866
2013.03.03 22:45:44.377,0.86575,0.866
2013.03.03 22:45:46.796,0.86573,0.866
2013.03.03 22:45:47.515,0.86573,0.866
2013.03.03 22:45:48.005,0.86573,0.866
2013.03.03 22:45:51.085,0.86575,0.866
2013.03.03 22:45:53.637,0.86572,0.86598
2013.03.03 22:45:53.765,0.86572,0.86598
2013.03.03 22:45:54.537,0.86571,0.86598
2013.03.03 22:45:56.157,0.86575,0.86597
2013.03.03 22:45:56.675,0.86574,0.86597
2013.03.03 22:45:57.017,0.86574,0.86597
2013.03.03 22:45:57.086,0.86574,0.86597
2013.03.03 22:45:57.216,0.86574,0.86599
2013.03.03 22:45:57.916,0.86575,0.86599
2013.03.03 22:45:59.216,0.86572,0.86598
2013.03.03 22:46:01.685,0.86573,0.86598
2013.03.03 22:46:01.756,0.86571,0.86598
2013.03.03 22:46:02.896,0.86573,0.86598
2013.03.03 22:46:03.626,0.86573,0.86598
2013.03.03 22:46:04.245,0.86573,0.86598
2013.03.03 22:46:04.845,0.86571,0.86598
2013.03.03 22:46:06.186,0.86573,0.86598
2013.03.03 22:46:06.255,0.86573,0.86598
2013.03.03 22:46:06.905,0.86572,0.86598
2013.03.03 22:46:07.216,0.86567,0.86588
2013.03.03 22:46:09.666,0.8656,0.86586
2013.03.03 22:46:17.370,0.8656,0.86586
2013.03.03 22:46:20.265,0.8656,0.86584
2013.03.03 22:46:31.125,0.86562,0.86586
2013.03.03 22:46:37.298,0.86563,0.86588
2013.03.03 22:46:44.555,0.8656,0.86589
2013.03.03 22:46:48.415,0.8656,0.86589
2013.03.03 22:46:51.376,0.8656,0.86589
2013.03.03 22:46:54.367,0.86562,0.86589
2013.03.03 22:46:59.938,0.86562,0.86582
2013.03.03 22:47:00.457,0.86562,0.86584
2013.03.03 22:47:00.527,0.86562,0.86584
2013.03.03 22:47:05.277,0.86561,0.86585
2013.03.03 22:47:06.444,0.86555,0.86583
2013.03.03 22:47:12.526,0.86556,0.86583
2013.03.03 22:47:18.322,0.86558,0.86583
2013.03.03 22:47:24.519,0.86558,0.86583
2013.03.03 22:47:24.646,0.86558,0.86582
2013.03.03 22:47:25.866,0.86553,0.86581
2013.03.03 22:47:27.506,0.86553,0.86583
2013.03.03 22:47:28.137,0.86563,0.86584
2013.03.03 22:47:28.206,0.86563,0.86587
2013.03.03 22:47:28.277,0.86564,0.86587
2013.03.03 22:47:33.955,0.86564,0.86587
2013.03.03 22:47:37.607,0.86563,0.86587
2013.03.03 22:47:38.395,0.86558,0.86587
2013.03.03 22:47:40.214,0.8656,0.86587
2013.03.03 22:47:43.183,0.86559,0.86582
2013.03.03 22:47:47.286,0.86558,0.86585
2013.03.03 22:47:50.145,0.86561,0.86583
2013.03.03 22:47:50.277,0.86563,0.86585
2013.03.03 22:47:50.707,0.86563,0.86584
2013.03.03 22:47:52.424,0.86563,0.86584
2013.03.03 22:47:54.020,0.86559,0.86584
2013.03.03 22:47:55.167,0.86559,0.86584
2013.03.03 22:47:56.283,0.86559,0.86584
2013.03.03 22:47:56.765,0.86558,0.86584
2013.03.03 22:47:57.484,0.86556,0.86584
2013.03.03 22:47:59.686,0.86556,0.86584
2013.03.03 22:48:02.653,0.86555,0.86583
2013.03.03 22:48:05.624,0.86555,0.86581
2013.03.03 22:48:15.523,0.86556,0.8658
2013.03.03 22:48:17.996,0.86556,0.86582
2013.03.03 22:48:21.835,0.86556,0.86582
2013.03.03 22:48:28.745,0.86557,0.86584
2013.03.03 22:48:31.727,0.86559,0.86584
2013.03.03 22:48:39.313,0.8656,0.86584
2013.03.03 22:48:45.041,0.86561,0.86584
2013.03.03 22:49:00.326,0.8656,0.86583
2013.03.03 22:49:06.038,0.8656,0.86584
2013.03.03 22:49:08.572,0.8656,0.86583
2013.03.03 22:49:11.652,0.86559,0.86583
2013.03.03 22:49:14.833,0.8656,0.86584
2013.03.03 22:49:16.753,0.86561,0.86584
2013.03.03 22:49:16.876,0.86561,0.86584
2013.03.03 22:49:16.945,0.86561,0.86586
2013.03.03 22:49:18.031,0.86561,0.86587
2013.03.03 22:49:19.245,0.8656,0.86588
2013.03.03 22:49:25.565,0.86562,0.86587
2013.03.03 22:49:31.484,0.86562,0.86586
2013.03.03 22:49:36.554,0.8656,0.86586
2013.03.03 22:49:37.874,0.86559,0.86586
2013.03.03 22:49:42.584,0.86559,0.86586
2013.03.03 22:49:43.474,0.86559,0.86586
2013.03.03 22:49:47.004,0.86559,0.86586
2013.03.03 22:49:47.742,0.86559,0.86586
2013.03.03 22:49:51.724,0.86559,0.86586
2013.03.03 22:49:56.056,0.86559,0.86586
2013.03.03 22:49:56.126,0.86559,0.86586
2013.03.03 22:49:57.532,0.86559,0.86586
2013.03.03 22:49:58.446,0.86559,0.86586
2013.03.03 22:50:01.224,0.86558,0.86586
2013.03.03 22:50:04.184,0.8656,0.86586
2013.03.03 22:50:09.746,0.86564,0.86586
2013.03.03 22:50:11.065,0.86564,0.86586
2013.03.03 22:50:28.587,0.86564,0.86584
2013.03.03 22:50:34.434,0.86564,0.86584
2013.03.03 22:50:36.360,0.86562,0.86587
2013.03.03 22:50:43.456,0.86562,0.86584
2013.03.03 22:50:44.077,0.86561,0.86584
2013.03.03 22:50:44.744,0.86561,0.86584
2013.03.03 22:50:46.634,0.86561,0.86584
2013.03.03 22:50:50.440,0.86562,0.86583
2013.03.03 22:50:52.775,0.86558,0.86583
2013.03.03 22:50:53.366,0.86558,0.86586
2013.03.03 22:50:54.158,0.86561,0.86586
2013.03.03 22:50:54.286,0.86564,0.86586
2013.03.03 22:51:05.885,0.86564,0.86586
2013.03.03 22:51:07.335,0.86564,0.86586
2013.03.03 22:51:09.004,0.86564,0.86586
2013.03.03 22:51:09.825,0.86564,0.86584
2013.03.03 22:51:10.476,0.86564,0.86584
2013.03.03 22:51:13.225,0.86564,0.86586
2013.03.03 22:51:13.806,0.86564,0.86586
2013.03.03 22:51:17.464,0.86564,0.86586
2013.03.03 22:51:22.660,0.86563,0.86586
2013.03.03 22:51:25.598,0.86563,0.86586
2013.03.03 22:51:25.665,0.86558,0.86586
2013.03.03 22:51:27.645,0.86561,0.86586
2013.03.03 22:51:27.844,0.86563,0.86586
2013.03.03 22:51:29.358,0.86563,0.86586
2013.03.03 22:51:30.085,0.86563,0.86586
2013.03.03 22:51:30.644,0.86563,0.86586
2013.03.03 22:51:34.271,0.86563,0.86586
2013.03.03 22:51:34.804,0.86563,0.86586
2013.03.03 22:51:35.455,0.86563,0.86587
2013.03.03 22:51:37.086,0.86563,0.86588
2013.03.03 22:51:37.864,0.86563,0.86588
2013.03.03 22:51:38.495,0.86563,0.86588
2013.03.03 22:51:41.015,0.86563,0.86591
2013.03.03 22:51:44.216,0.86563,0.86587
2013.03.03 22:51:45.394,0.86563,0.86586
2013.03.03 22:51:47.115,0.86563,0.86586
2013.03.03 22:51:47.627,0.86564,0.86587
2013.03.03 22:51:50.647,0.86564,0.86587
2013.03.03 22:51:53.396,0.86565,0.86586
2013.03.03 22:51:53.994,0.86565,0.86588
2013.03.03 22:51:56.145,0.86565,0.86588
2013.03.03 22:51:57.145,0.86565,0.86588
2013.03.03 22:51:59.179,0.86565,0.86588
2013.03.03 22:52:01.495,0.86565,0.86588
2013.03.03 22:52:02.084,0.86565,0.86587
2013.03.03 22:52:15.144,0.86566,0.86589
2013.03.03 22:52:15.406,0.86564,0.86589
2013.03.03 22:52:17.264,0.86564,0.86589
2013.03.03 22:52:18.454,0.86565,0.86588
2013.03.03 22:52:24.876,0.86565,0.86588
2013.03.03 22:52:24.935,0.86567,0.86588
2013.03.03 22:52:25.453,0.86567,0.86588
2013.03.03 22:52:28.815,0.86567,0.86589
2013.03.03 22:52:30.805,0.86565,0.86591
2013.03.03 22:52:33.829,0.86567,0.86589
2013.03.03 22:52:39.786,0.86565,0.8659
2013.03.03 22:52:40.805,0.86565,0.8659
2013.03.03 22:52:41.422,0.86565,0.8659
2013.03.03 22:52:43.067,0.86566,0.8659
2013.03.03 22:52:43.789,0.86566,0.86589
2013.03.03 22:52:44.314,0.86566,0.86589
2013.03.03 22:52:47.468,0.86564,0.86591
2013.03.03 22:52:55.996,0.86564,0.86589
2013.03.03 22:52:57.199,0.86564,0.86588
2013.03.03 22:52:58.764,0.86564,0.86588
2013.03.03 22:53:00.244,0.86566,0.86588
2013.03.03 22:53:01.095,0.86566,0.86589
2013.03.03 22:53:02.151,0.86566,0.86589
2013.03.03 22:53:05.288,0.86565,0.86587
2013.03.03 22:53:07.415,0.86565,0.8659
2013.03.03 22:53:08.275,0.86565,0.86588
2013.03.03 22:53:09.688,0.86566,0.86588
2013.03.03 22:53:10.545,0.86566,0.86587
2013.03.03 22:53:19.975,0.86567,0.86586
2013.03.03 22:53:25.884,0.86568,0.8659
2013.03.03 22:53:28.844,0.86567,0.86589
2013.03.03 22:53:35.637,0.86564,0.86584
2013.03.03 22:53:41.795,0.86566,0.86587
2013.03.03 22:53:44.714,0.86568,0.86587
2013.03.03 22:53:51.807,0.86566,0.86588
2013.03.03 22:53:54.834,0.86568,0.86588
2013.03.03 22:53:57.747,0.86567,0.86585
2013.03.03 22:54:10.601,0.86567,0.86589
2013.03.03 22:54:12.418,0.86567,0.86589
2013.03.03 22:54:12.983,0.86567,0.86589
2013.03.03 22:54:14.584,0.86567,0.86591
2013.03.03 22:54:15.127,0.86567,0.86591
2013.03.03 22:54:15.681,0.86567,0.86591
2013.03.03 22:54:15.804,0.86567,0.86591
2013.03.03 22:54:18.855,0.86568,0.8659
2013.03.03 22:54:19.884,0.86568,0.86591
2013.03.03 22:54:21.953,0.86568,0.86591
2013.03.03 22:54:23.194,0.86566,0.8659
2013.03.03 22:54:25.814,0.86566,0.86591
2013.03.03 22:54:26.522,0.86566,0.8659
2013.03.03 22:54:28.644,0.86566,0.86591
2013.03.03 22:54:30.620,0.86566,0.86591
2013.03.03 22:54:30.684,0.86569,0.86591
2013.03.03 22:54:33.633,0.86568,0.86592
2013.03.03 22:54:38.795,0.86568,0.8659
2013.03.03 22:54:39.304,0.86568,0.8659
2013.03.03 22:54:41.104,0.86568,0.8659
2013.03.03 22:54:42.254,0.86568,0.8659
2013.03.03 22:54:43.416,0.86568,0.8659
2013.03.03 22:54:45.044,0.86568,0.86589
2013.03.03 22:54:45.345,0.86568,0.86589
2013.03.03 22:54:45.404,0.86564,0.86589
2013.03.03 22:54:48.335,0.86565,0.86589
2013.03.03 22:54:51.074,0.86565,0.8659
2013.03.03 22:54:52.772,0.86565,0.86587
2013.03.03 22:55:00.757,0.86566,0.86586
2013.03.03 22:55:12.876,0.86568,0.86587
2013.03.03 22:55:21.811,0.86569,0.86589
2013.03.03 22:55:24.856,0.86568,0.8659
2013.03.03 22:55:30.268,0.86568,0.86592
2013.03.03 22:55:30.816,0.8657,0.86592
2013.03.03 22:55:31.407,0.8657,0.86591
2013.03.03 22:55:32.946,0.8657,0.8659
2013.03.03 22:55:33.126,0.86566,0.8659
2013.03.03 22:55:35.995,0.86567,0.8659
2013.03.03 22:55:36.326,0.86567,0.8659
2013.03.03 22:55:59.651,0.8657,0.86591
2013.03.03 22:56:05.556,0.86569,0.86589
2013.03.03 22:56:07.889,0.86565,0.86587
2013.03.03 22:56:10.956,0.86567,0.86591
2013.03.03 22:56:14.076,0.86566,0.86584
2013.03.03 22:56:16.947,0.86567,0.86584
2013.03.03 22:56:19.886,0.86566,0.86586
2013.03.03 22:56:26.477,0.86564,0.86585
2013.03.03 22:56:29.507,0.86568,0.86586
2013.03.03 22:56:32.318,0.86564,0.86585
2013.03.03 22:56:36.487,0.86564,0.86591
2013.03.03 22:56:36.816,0.86569,0.86591
2013.03.03 22:56:37.835,0.86569,0.8659
2013.03.03 22:56:39.946,0.86568,0.86586
2013.03.03 22:56:48.797,0.86564,0.86589
2013.03.03 22:56:51.547,0.86567,0.86589
2013.03.03 22:57:00.361,0.86564,0.86591
2013.03.03 22:57:02.324,0.86565,0.86591
2013.03.03 22:57:04.407,0.86564,0.86591
2013.03.03 22:57:04.936,0.86564,0.86591
2013.03.03 22:57:08.436,0.86564,0.86591
2013.03.03 22:57:10.435,0.86564,0.86592
2013.03.03 22:57:11.136,0.86564,0.86591
2013.03.03 22:57:16.528,0.86564,0.86591
2013.03.03 22:57:18.884,0.86564,0.86592
2013.03.03 22:57:20.885,0.86564,0.86591
2013.03.03 22:57:21.148,0.86564,0.86591
2013.03.03 22:57:23.526,0.86564,0.86591
2013.03.03 22:57:24.536,0.86564,0.86591
2013.03.03 22:57:25.477,0.86564,0.8659
2013.03.03 22:57:26.057,0.86565,0.8659
2013.03.03 22:57:34.707,0.86565,0.8659
2013.03.03 22:57:35.676,0.86565,0.86591
2013.03.03 22:57:40.207,0.86564,0.86589
2013.03.03 22:57:45.201,0.86564,0.86591
2013.03.03 22:57:50.159,0.86563,0.86591
2013.03.03 22:57:51.839,0.86563,0.86591
2013.03.03 22:57:53.906,0.86563,0.86591
2013.03.03 22:57:54.505,0.86563,0.8659
2013.03.03 22:57:55.047,0.86563,0.86591
2013.03.03 22:57:55.422,0.86564,0.8659
2013.03.03 22:57:55.973,0.86564,0.86589
2013.03.03 22:58:07.526,0.86565,0.86589
2013.03.03 22:58:08.975,0.86566,0.86591
2013.03.03 22:58:10.965,0.86565,0.86589
2013.03.03 22:58:14.995,0.86565,0.86591
2013.03.03 22:58:15.506,0.86565,0.86591
2013.03.03 22:58:15.905,0.86565,0.86591
2013.03.03 22:58:17.467,0.86565,0.86591
2013.03.03 22:58:23.379,0.86565,0.86591
2013.03.03 22:58:23.504,0.86565,0.86591
2013.03.03 22:58:24.236,0.86565,0.86591
2013.03.03 22:58:25.176,0.86569,0.86595
2013.03.03 22:58:25.646,0.86569,0.86598
2013.03.03 22:58:26.563,0.86575,0.86603
2013.03.03 22:58:29.747,0.86573,0.86602
2013.03.03 22:58:33.506,0.86573,0.86591
2013.03.03 22:58:34.153,0.86573,0.86596
2013.03.03 22:58:35.226,0.86573,0.86602
2013.03.03 22:58:35.345,0.86573,0.86598
2013.03.03 22:58:35.885,0.86573,0.866
2013.03.03 22:58:36.666,0.86573,0.866
2013.03.03 22:58:36.856,0.86573,0.86599
2013.03.03 22:58:37.066,0.86573,0.86601
2013.03.03 22:58:37.186,0.86573,0.86598
2013.03.03 22:58:37.707,0.86573,0.86598
2013.03.03 22:58:38.827,0.86573,0.866
2013.03.03 22:58:39.216,0.86573,0.86599
2013.03.03 22:58:42.765,0.86573,0.866
2013.03.03 22:58:48.575,0.86575,0.86602
2013.03.03 22:58:49.136,0.86575,0.86603
2013.03.03 22:58:49.617,0.86575,0.86586
2013.03.03 22:58:49.749,0.86574,0.86598
2013.03.03 22:58:50.334,0.86572,0.86594
2013.03.03 22:58:51.517,0.8657,0.86594
2013.03.03 22:58:51.826,0.86566,0.86593
2013.03.03 22:58:51.886,0.86567,0.86595
2013.03.03 22:58:52.006,0.86569,0.86597
2013.03.03 22:58:52.367,0.86572,0.86597
2013.03.03 22:58:55.719,0.86579,0.86599
2013.03.03 22:58:56.366,0.86575,0.86604
2013.03.03 22:58:59.217,0.86575,0.86601
2013.03.03 22:59:00.716,0.86575,0.86601
2013.03.03 22:59:01.887,0.86577,0.866
2013.03.03 22:59:04.965,0.86575,0.86604
2013.03.03 22:59:14.736,0.86576,0.86604
2013.03.03 22:59:18.135,0.86576,0.86604
2013.03.03 22:59:18.675,0.86576,0.86605
2013.03.03 22:59:19.215,0.86576,0.86605
2013.03.03 22:59:19.832,0.86576,0.86605
2013.03.03 22:59:20.346,0.86576,0.86605
2013.03.03 22:59:20.886,0.86578,0.86612
2013.03.03 22:59:32.777,0.86581,0.86612
2013.03.03 22:59:32.907,0.86581,0.86612
2013.03.03 22:59:36.725,0.86581,0.86612
2013.03.03 22:59:37.346,0.86581,0.8661
2013.03.03 22:59:37.536,0.86581,0.8661
2013.03.03 22:59:37.616,0.86581,0.8661
2013.03.03 22:59:37.735,0.86581,0.8661
2013.03.03 22:59:38.046,0.86583,0.8661
2013.03.03 22:59:38.178,0.86586,0.8661
2013.03.03 22:59:39.577,0.86582,0.86604
2013.03.03 22:59:40.687,0.86582,0.86609
2013.03.03 22:59:42.156,0.86586,0.8661
2013.03.03 22:59:42.412,0.86587,0.8661
2013.03.03 22:59:42.488,0.86585,0.8661
2013.03.03 22:59:43.856,0.86585,0.86612
2013.03.03 22:59:44.855,0.86585,0.8661
2013.03.03 22:59:49.688,0.86585,0.86615
2013.03.03 22:59:50.205,0.86585,0.86615
2013.03.03 22:59:51.306,0.86582,0.86615
2013.03.03 22:59:52.470,0.86582,0.86611
2013.03.03 22:59:52.726,0.86577,0.86609
2013.03.03 22:59:54.158,0.86576,0.86613
2013.03.03 22:59:54.466,0.86582,0.86614
2013.03.03 22:59:55.343,0.86582,0.86616
2013.03.03 22:59:55.589,0.86581,0.86608
2013.03.03 22:59:55.717,0.86577,0.86608
2013.03.03 22:59:55.846,0.86576,0.86608
2013.03.03 23:00:00.038,0.86575,0.86599
2013.03.03 23:00:00.226,0.8657,0.86599
2013.03.03 23:00:00.348,0.86571,0.866
2013.03.03 23:00:00.595,0.86572,0.86597
2013.03.03 23:00:01.146,0.86574,0.866
2013.03.03 23:00:05.806,0.86573,0.866
2013.03.03 23:00:06.410,0.86573,0.86598
2013.03.03 23:00:06.537,0.86572,0.866
2013.03.03 23:00:12.063,0.8657,0.86598
2013.03.03 23:00:13.096,0.86569,0.86597
2013.03.03 23:00:13.217,0.86569,0.86594
2013.03.03 23:00:15.186,0.86568,0.86595
2013.03.03 23:00:15.435,0.86569,0.86595
2013.03.03 23:00:18.876,0.86571,0.86599
2013.03.03 23:00:18.948,0.86571,0.86599
2013.03.03 23:00:19.196,0.8657,0.866
2013.03.03 23:00:19.987,0.8657,0.866
2013.03.03 23:00:21.817,0.86571,0.86598
2013.03.03 23:00:23.486,0.8657,0.86598
2013.03.03 23:00:24.266,0.8657,0.86598
2013.03.03 23:00:24.964,0.8657,0.86598
2013.03.03 23:00:25.555,0.8657,0.86598
2013.03.03 23:00:25.676,0.8657,0.86598
2013.03.03 23:00:26.356,0.8657,0.86595
2013.03.03 23:00:27.037,0.86569,0.86595
2013.03.03 23:00:27.555,0.86569,0.86595
2013.03.03 23:00:28.096,0.86568,0.86595
2013.03.03 23:00:32.734,0.86569,0.86594
2013.03.03 23:00:34.456,0.86567,0.86594
2013.03.03 23:00:41.726,0.86566,0.8659
2013.03.03 23:00:46.579,0.86567,0.8659
2013.03.03 23:00:46.937,0.86568,0.8659
2013.03.03 23:00:50.546,0.86571,0.86593
2013.03.03 23:00:50.666,0.86571,0.86598
2013.03.03 23:00:50.786,0.86571,0.86598
2013.03.03 23:00:52.946,0.86568,0.86598
2013.03.03 23:00:53.600,0.86574,0.866
2013.03.03 23:00:54.257,0.86574,0.866
2013.03.03 23:00:54.327,0.86574,0.866
2013.03.03 23:00:54.852,0.86572,0.866
2013.03.03 23:00:55.385,0.86568,0.866
2013.03.03 23:00:55.571,0.86568,0.866
2013.03.03 23:00:55.707,0.86573,0.86601
2013.03.03 23:00:56.255,0.86575,0.86602
2013.03.03 23:00:59.068,0.86575,0.86603
2013.03.03 23:01:00.158,0.86575,0.86602
2013.03.03 23:01:00.895,0.86572,0.866
2013.03.03 23:01:01.196,0.86572,0.86599
2013.03.03 23:01:01.567,0.86572,0.866
2013.03.03 23:01:02.096,0.86572,0.866
2013.03.03 23:01:03.866,0.86572,0.86602
2013.03.03 23:01:05.676,0.86572,0.86602
2013.03.03 23:01:06.347,0.8657,0.86602
2013.03.03 23:01:06.847,0.86571,0.866
2013.03.03 23:01:11.705,0.86574,0.86599
2013.03.03 23:01:14.757,0.8657,0.86598
2013.03.03 23:01:14.826,0.8657,0.86598
2013.03.03 23:01:15.546,0.86569,0.86598
2013.03.03 23:01:15.736,0.86569,0.86597
2013.03.03 23:01:15.857,0.86569,0.86596
2013.03.03 23:01:15.927,0.86569,0.86596
2013.03.03 23:01:15.997,0.86569,0.86598
2013.03.03 23:01:16.066,0.86569,0.86598
2013.03.03 23:01:16.367,0.86571,0.86596
2013.03.03 23:01:16.926,0.86571,0.86598
2013.03.03 23:01:18.398,0.86573,0.86596
2013.03.03 23:01:18.936,0.86573,0.86598
2013.03.03 23:01:19.055,0.86573,0.86598
2013.03.03 23:01:20.997,0.86572,0.86598
2013.03.03 23:01:22.065,0.86572,0.86598
2013.03.03 23:01:22.592,0.86572,0.86598
2013.03.03 23:01:24.505,0.86573,0.86598
2013.03.03 23:01:25.226,0.86572,0.86598
2013.03.03 23:01:25.754,0.86572,0.86599
2013.03.03 23:01:26.556,0.86572,0.86599
2013.03.03 23:01:28.708,0.8657,0.86597
2013.03.03 23:01:28.899,0.8657,0.86599
2013.03.03 23:01:29.215,0.86573,0.86599
2013.03.03 23:01:29.336,0.86573,0.86599
2013.03.03 23:01:29.457,0.86573,0.86599
2013.03.03 23:01:30.007,0.86573,0.86599
2013.03.03 23:01:30.135,0.86573,0.86599
2013.03.03 23:01:30.615,0.86573,0.86599
2013.03.03 23:01:30.676,0.86573,0.86599
2013.03.03 23:01:31.195,0.86573,0.86599
2013.03.03 23:01:32.295,0.86572,0.86599
2013.03.03 23:01:33.028,0.86573,0.86601
2013.03.03 23:01:33.097,0.86573,0.86601
2013.03.03 23:01:33.646,0.86573,0.86601
2013.03.03 23:01:33.828,0.86574,0.86603
2013.03.03 23:01:34.146,0.86573,0.86605
2013.03.03 23:01:35.477,0.86578,0.86606
2013.03.03 23:01:36.015,0.86578,0.86606
2013.03.03 23:01:36.207,0.86578,0.86605
2013.03.03 23:01:36.401,0.86578,0.86605
2013.03.03 23:01:39.566,0.86576,0.86603
2013.03.03 23:01:39.867,0.86577,0.86604
2013.03.03 23:01:39.936,0.86577,0.86604
2013.03.03 23:01:40.341,0.86577,0.86605
2013.03.03 23:01:41.346,0.86577,0.86605
2013.03.03 23:01:42.609,0.86578,0.86606
2013.03.03 23:01:45.066,0.86579,0.86606
2013.03.03 23:01:45.737,0.86579,0.86606
2013.03.03 23:01:46.277,0.86579,0.86606
2013.03.03 23:01:46.787,0.86579,0.86605
2013.03.03 23:01:49.176,0.86582,0.86605
2013.03.03 23:01:49.476,0.86583,0.86608
2013.03.03 23:01:49.608,0.8659,0.86608
2013.03.03 23:01:49.916,0.8659,0.86612
2013.03.03 23:01:50.478,0.8659,0.86613
2013.03.03 23:01:52.105,0.8659,0.86613
2013.03.03 23:01:52.716,0.86586,0.86613
2013.03.03 23:01:53.257,0.86587,0.86611
2013.03.03 23:01:53.325,0.86587,0.86611
2013.03.03 23:01:53.568,0.86587,0.86612
2013.03.03 23:01:54.116,0.86586,0.86606
2013.03.03 23:01:54.841,0.86586,0.86606
2013.03.03 23:01:57.345,0.86584,0.86608
2013.03.03 23:01:57.966,0.86584,0.86608
2013.03.03 23:01:58.567,0.86584,0.86607
2013.03.03 23:01:58.699,0.86584,0.86608
2013.03.03 23:01:59.066,0.86581,0.86606
2013.03.03 23:01:59.607,0.86582,0.86606
2013.03.03 23:01:59.736,0.86583,0.8661
2013.03.03 23:01:59.855,0.86584,0.8661
2013.03.03 23:02:00.277,0.86581,0.86609
2013.03.03 23:02:00.778,0.86587,0.86613
2013.03.03 23:02:01.298,0.86587,0.86613
2013.03.03 23:02:01.959,0.86587,0.86613
2013.03.03 23:02:02.436,0.86587,0.86612
2013.03.03 23:02:03.335,0.86585,0.8661
2013.03.03 23:02:04.036,0.86583,0.8661
2013.03.03 23:02:04.734,0.86583,0.8661
2013.03.03 23:02:04.945,0.86583,0.86609
2013.03.03 23:02:05.486,0.86583,0.8661
2013.03.03 23:02:06.306,0.86583,0.8661
2013.03.03 23:02:06.817,0.86583,0.8661
2013.03.03 23:02:09.247,0.86585,0.86612
2013.03.03 23:02:10.036,0.86586,0.86614
2013.03.03 23:02:11.069,0.86587,0.86613
2013.03.03 23:02:12.296,0.86586,0.86614
2013.03.03 23:02:15.758,0.86586,0.86613
2013.03.03 23:02:16.127,0.86586,0.8661
2013.03.03 23:02:16.248,0.86586,0.8661
2013.03.03 23:02:16.797,0.86586,0.8661
2013.03.03 23:02:19.237,0.86587,0.8661
2013.03.03 23:02:19.546,0.86588,0.8661
2013.03.03 23:02:19.728,0.86588,0.8661
2013.03.03 23:02:23.447,0.86591,0.86614
2013.03.03 23:02:24.056,0.86591,0.86613
2013.03.03 23:02:24.245,0.8659,0.86612
2013.03.03 23:02:26.975,0.86591,0.86612
2013.03.03 23:02:29.016,0.86593,0.86613
2013.03.03 23:02:29.743,0.86593,0.86614
2013.03.03 23:02:30.995,0.86593,0.86615
2013.03.03 23:02:31.575,0.86593,0.86615
2013.03.03 23:02:31.876,0.86593,0.86615
2013.03.03 23:02:32.867,0.86593,0.86615
2013.03.03 23:02:39.926,0.86593,0.86614
2013.03.03 23:02:40.878,0.86594,0.86614
2013.03.03 23:02:41.716,0.86594,0.86616
2013.03.03 23:02:42.256,0.86595,0.86616
2013.03.03 23:02:42.676,0.86595,0.86617
2013.03.03 23:02:42.736,0.86597,0.86621
2013.03.03 23:02:42.855,0.86597,0.86622
2013.03.03 23:02:43.106,0.86598,0.86623
2013.03.03 23:02:43.352,0.86599,0.86627
2013.03.03 23:02:43.895,0.86599,0.86629
2013.03.03 23:02:45.246,0.86599,0.86629
2013.03.03 23:02:46.036,0.86599,0.86629
2013.03.03 23:02:48.436,0.86599,0.86628
2013.03.03 23:02:49.005,0.866,0.8663
2013.03.03 23:02:49.444,0.86595,0.86623
2013.03.03 23:02:50.417,0.86595,0.86619
2013.03.03 23:02:50.716,0.86596,0.86621
2013.03.03 23:02:50.777,0.86596,0.86622
2013.03.03 23:02:50.836,0.86597,0.86622
2013.03.03 23:02:50.896,0.86598,0.86623
2013.03.03 23:02:51.076,0.86599,0.86627
2013.03.03 23:02:51.136,0.86599,0.86629
2013.03.03 23:02:51.206,0.86599,0.86629
2013.03.03 23:02:51.747,0.86601,0.8663
2013.03.03 23:02:52.555,0.86603,0.8663
2013.03.03 23:02:54.115,0.86603,0.8663
2013.03.03 23:02:54.937,0.86603,0.86631
2013.03.03 23:02:55.466,0.86603,0.86632
2013.03.03 23:02:55.789,0.86603,0.86627
2013.03.03 23:02:56.095,0.86597,0.86616
2013.03.03 23:02:56.155,0.86597,0.86616
2013.03.03 23:02:56.216,0.86598,0.86616
2013.03.03 23:02:56.516,0.86595,0.86618
2013.03.03 23:02:56.577,0.86595,0.86618
2013.03.03 23:02:56.936,0.86595,0.86617
2013.03.03 23:02:57.475,0.86596,0.86617
2013.03.03 23:02:57.715,0.86596,0.86616
2013.03.03 23:02:57.896,0.86597,0.86618
2013.03.03 23:02:58.087,0.86595,0.86617
2013.03.03 23:02:59.036,0.86596,0.86619
2013.03.03 23:02:59.097,0.86594,0.86618
2013.03.03 23:02:59.466,0.86595,0.86615
2013.03.03 23:02:59.527,0.86592,0.86615
2013.03.03 23:03:00.017,0.86591,0.86617
2013.03.03 23:03:01.085,0.86593,0.86615
2013.03.03 23:03:01.448,0.86594,0.86615
2013.03.03 23:03:01.755,0.86593,0.86618
2013.03.03 23:03:02.295,0.86593,0.86617
2013.03.03 23:03:02.967,0.86593,0.86616
2013.03.03 23:03:03.236,0.86592,0.86616
2013.03.03 23:03:03.926,0.86593,0.86616
2013.03.03 23:03:04.714,0.86593,0.86617
2013.03.03 23:03:05.175,0.86593,0.86616
2013.03.03 23:03:05.715,0.86593,0.86616
2013.03.03 23:03:06.255,0.86593,0.86618
2013.03.03 23:03:09.735,0.86593,0.86618
2013.03.03 23:03:10.267,0.86592,0.86618
2013.03.03 23:03:10.816,0.86593,0.86616
2013.03.03 23:03:10.892,0.86593,0.86616
2013.03.03 23:03:11.455,0.86593,0.86617
2013.03.03 23:03:12.006,0.86593,0.86617
2013.03.03 23:03:12.570,0.86592,0.86617
2013.03.03 23:03:12.936,0.86593,0.86616
2013.03.03 23:03:13.479,0.86591,0.86618
2013.03.03 23:03:16.946,0.86591,0.86616
2013.03.03 23:03:17.066,0.86591,0.86616
2013.03.03 23:03:19.967,0.86593,0.86615
2013.03.03 23:03:20.218,0.86593,0.86615
2013.03.03 23:03:20.526,0.86593,0.86615
2013.03.03 23:03:20.945,0.86592,0.86613
2013.03.03 23:03:22.295,0.86592,0.86613
2013.03.03 23:03:22.803,0.86591,0.86615
2013.03.03 23:03:23.355,0.86591,0.86615
2013.03.03 23:03:23.896,0.86591,0.86616
2013.03.03 23:03:24.405,0.86591,0.86616
2013.03.03 23:03:29.378,0.86593,0.86617
2013.03.03 23:03:29.926,0.86593,0.86617
2013.03.03 23:03:30.530,0.86593,0.86614
2013.03.03 23:03:35.486,0.86593,0.86617
2013.03.03 23:03:38.589,0.86594,0.86614
2013.03.03 23:03:41.579,0.86593,0.86617
2013.03.03 23:03:48.473,0.86593,0.86617
2013.03.03 23:03:57.930,0.86594,0.86617
2013.03.03 23:04:00.705,0.86594,0.86616
2013.03.03 23:04:01.157,0.86596,0.86618
2013.03.03 23:04:01.226,0.86595,0.86618
2013.03.03 23:04:01.287,0.86595,0.86618
2013.03.03 23:04:01.588,0.86596,0.86618
2013.03.03 23:04:01.896,0.86598,0.86623
2013.03.03 23:04:04.885,0.86598,0.86623
2013.03.03 23:04:07.237,0.86599,0.86623
2013.03.03 23:04:07.365,0.86599,0.86623
2013.03.03 23:04:07.880,0.86599,0.86623
2013.03.03 23:04:08.006,0.86599,0.86623
2013.03.03 23:04:08.186,0.86595,0.86619
2013.03.03 23:04:08.488,0.86594,0.86619
2013.03.03 23:04:09.577,0.86595,0.86617
2013.03.03 23:04:10.462,0.86594,0.86617
2013.03.03 23:04:17.465,0.86596,0.8662
2013.03.03 23:04:23.745,0.86595,0.86618
2013.03.03 23:04:25.196,0.86596,0.86618
2013.03.03 23:04:38.467,0.86597,0.86619
2013.03.03 23:04:49.177,0.86595,0.8662
2013.03.03 23:05:00.176,0.86597,0.86618
2013.03.03 23:05:06.945,0.86597,0.86616
2013.03.03 23:05:21.596,0.86593,0.86618
2013.03.03 23:05:22.133,0.86593,0.86619
2013.03.03 23:05:22.704,0.86593,0.86619
2013.03.03 23:05:29.717,0.86593,0.86617
2013.03.03 23:05:30.140,0.86593,0.86617
2013.03.03 23:05:53.455,0.86595,0.86617
2013.03.03 23:05:59.727,0.86593,0.86618
2013.03.03 23:06:06.957,0.86596,0.86617
2013.03.03 23:06:08.995,0.86596,0.86617
2013.03.03 23:06:09.385,0.86596,0.86617
2013.03.03 23:06:12.037,0.86596,0.86617
2013.03.03 23:06:12.227,0.86596,0.86618
2013.03.03 23:06:13.342,0.86596,0.86618
2013.03.03 23:06:16.647,0.86596,0.86617
2013.03.03 23:06:16.837,0.86594,0.86617
2013.03.03 23:06:16.907,0.86596,0.86618
2013.03.03 23:06:17.207,0.86596,0.86617
2013.03.03 23:06:17.687,0.86594,0.86616
2013.03.03 23:06:20.450,0.86593,0.86616
2013.03.03 23:06:25.646,0.86593,0.86616
2013.03.03 23:06:25.706,0.86591,0.86616
2013.03.03 23:06:27.628,0.86594,0.86614
2013.03.03 23:06:28.188,0.86596,0.86614
2013.03.03 23:06:28.438,0.86596,0.86617
2013.03.03 23:06:30.898,0.86594,0.86615
2013.03.03 23:06:31.448,0.86595,0.86615
2013.03.03 23:06:32.666,0.86593,0.86615
2013.03.03 23:06:35.316,0.86593,0.86615
2013.03.03 23:06:37.408,0.86593,0.86617
2013.03.03 23:06:38.149,0.86593,0.86616
2013.03.03 23:06:48.565,0.86593,0.86616
2013.03.03 23:06:49.647,0.86594,0.86619
2013.03.03 23:06:49.892,0.86597,0.86619
2013.03.03 23:06:53.297,0.86598,0.86619
2013.03.03 23:06:53.739,0.86598,0.86619
2013.03.03 23:07:34.966,0.86596,0.8662
2013.03.03 23:07:35.474,0.86597,0.8662
2013.03.03 23:07:54.515,0.86597,0.8662
2013.03.03 23:07:54.947,0.86598,0.8662
2013.03.03 23:07:55.007,0.86605,0.8662
2013.03.03 23:07:55.517,0.86605,0.8662
2013.03.03 23:07:55.727,0.86605,0.8662
2013.03.03 23:08:00.311,0.86602,0.86624
2013.03.03 23:08:04.238,0.86605,0.86623
2013.03.03 23:08:04.726,0.86605,0.86623
2013.03.03 23:08:06.028,0.866,0.86623
2013.03.03 23:08:10.166,0.866,0.86622
2013.03.03 23:08:10.685,0.86599,0.86622
2013.03.03 23:08:11.046,0.86599,0.86622
2013.03.03 23:08:11.110,0.86602,0.86622
2013.03.03 23:08:11.657,0.86602,0.86624
2013.03.03 23:08:19.235,0.86601,0.86622
2013.03.03 23:08:40.435,0.86601,0.86623
2013.03.03 23:09:08.926,0.86601,0.86625
2013.03.03 23:09:13.602,0.86601,0.86625
2013.03.03 23:09:23.305,0.86601,0.86626
2013.03.03 23:09:47.221,0.86602,0.86627
2013.03.03 23:09:49.795,0.86602,0.86628
2013.03.03 23:09:50.337,0.86602,0.86628
2013.03.03 23:09:50.515,0.86602,0.86627
2013.03.03 23:09:51.193,0.86602,0.86628
2013.03.03 23:09:51.496,0.86603,0.86627
2013.03.03 23:09:51.856,0.86607,0.86632
2013.03.03 23:09:52.406,0.86607,0.8663
2013.03.03 23:09:55.436,0.86608,0.86631
2013.03.03 23:09:55.676,0.86607,0.8663
2013.03.03 23:10:13.217,0.86615,0.86633
2013.03.03 23:10:15.106,0.86615,0.86633
2013.03.03 23:10:15.786,0.86612,0.86631
2013.03.03 23:10:21.872,0.86612,0.86631
2013.03.03 23:10:24.236,0.86612,0.86631
2013.03.03 23:10:27.268,0.86612,0.86628
2013.03.03 23:10:31.697,0.86612,0.86632
2013.03.03 23:10:33.868,0.86613,0.86632
2013.03.03 23:10:33.937,0.86613,0.86632
2013.03.03 23:10:36.877,0.86613,0.86631
2013.03.03 23:10:37.467,0.86613,0.86631
2013.03.03 23:10:38.371,0.86613,0.86632
2013.03.03 23:10:38.441,0.86617,0.86633
2013.03.03 23:10:38.510,0.86617,0.86634
2013.03.03 23:10:38.817,0.8662,0.86636
2013.03.03 23:10:39.128,0.8662,0.86641
2013.03.03 23:10:39.678,0.86625,0.86641
2013.03.03 23:10:40.068,0.86625,0.86641
2013.03.03 23:10:40.577,0.86625,0.86641
2013.03.03 23:10:47.534,0.86621,0.86641
2013.03.03 23:10:49.449,0.86621,0.86641
2013.03.03 23:10:49.949,0.86622,0.86643
2013.03.03 23:10:50.198,0.86622,0.86644
2013.03.03 23:10:50.448,0.86622,0.86644
2013.03.03 23:10:52.927,0.86626,0.86643
2013.03.03 23:10:54.036,0.86624,0.86641
2013.03.03 23:10:54.289,0.86624,0.8664
2013.03.03 23:10:58.028,0.86622,0.86644
2013.03.03 23:10:58.338,0.86625,0.86644
2013.03.03 23:10:59.408,0.86625,0.86645
2013.03.03 23:10:59.898,0.86625,0.86645
2013.03.03 23:11:00.968,0.86625,0.86642
2013.03.03 23:11:02.168,0.86623,0.86643
2013.03.03 23:11:10.229,0.86624,0.86645
2013.03.03 23:11:10.418,0.86626,0.86646
2013.03.03 23:11:10.737,0.86626,0.86646
2013.03.03 23:11:11.759,0.8663,0.86648
2013.03.03 23:11:11.888,0.8663,0.86648
2013.03.03 23:11:12.081,0.8663,0.86647
2013.03.03 23:11:12.218,0.86628,0.86646
2013.03.03 23:11:12.349,0.86627,0.86645
2013.03.03 23:11:12.940,0.86625,0.86646
2013.03.03 23:11:14.377,0.86625,0.86645
2013.03.03 23:11:14.947,0.86627,0.86645
2013.03.03 23:11:15.367,0.86626,0.86646
2013.03.03 23:11:16.727,0.86626,0.86645
2013.03.03 23:11:19.167,0.86625,0.86645
2013.03.03 23:11:19.637,0.86625,0.86643
2013.03.03 23:11:20.319,0.86625,0.86643
2013.03.03 23:11:23.059,0.86628,0.86642
2013.03.03 23:11:23.192,0.86629,0.86645
2013.03.03 23:11:23.390,0.86629,0.86646
2013.03.03 23:11:23.459,0.86629,0.86648
2013.03.03 23:11:23.527,0.86629,0.86649
2013.03.03 23:11:23.828,0.86628,0.86649
2013.03.03 23:11:23.963,0.86629,0.86648
2013.03.03 23:11:24.287,0.86629,0.86645
2013.03.03 23:11:25.757,0.86629,0.86645
2013.03.03 23:11:26.298,0.86628,0.86645
2013.03.03 23:11:30.148,0.86628,0.86645
2013.03.03 23:11:33.598,0.86625,0.86645
2013.03.03 23:11:44.269,0.86623,0.86645
2013.03.03 23:11:46.573,0.86623,0.86645
2013.03.03 23:11:56.412,0.86631,0.86647
2013.03.03 23:11:56.718,0.86634,0.8665
2013.03.03 23:12:00.497,0.86633,0.86648
2013.03.03 23:12:01.019,0.86631,0.86648
2013.03.03 23:12:03.167,0.86631,0.86649
2013.03.03 23:12:14.121,0.86633,0.86649
2013.03.03 23:12:14.489,0.86633,0.86651
2013.03.03 23:12:22.926,0.86631,0.86651
2013.03.03 23:12:28.209,0.86631,0.86649
2013.03.03 23:12:28.399,0.86628,0.86648
2013.03.03 23:12:28.719,0.86628,0.86646
2013.03.03 23:12:29.218,0.86628,0.86645
2013.03.03 23:12:29.491,0.86623,0.86645
2013.03.03 23:12:29.558,0.86623,0.86645
2013.03.03 23:12:29.948,0.86623,0.86645
2013.03.03 23:12:33.161,0.86626,0.86645
2013.03.03 23:12:33.288,0.86624,0.86644
2013.03.03 23:12:33.350,0.86624,0.86644
2013.03.03 23:12:33.418,0.86624,0.86644
2013.03.03 23:12:33.477,0.86624,0.86644
2013.03.03 23:12:34.219,0.86624,0.86644
2013.03.03 23:12:40.179,0.86625,0.86646
2013.03.03 23:12:51.649,0.8663,0.86648
2013.03.03 23:12:51.837,0.8663,0.86648
2013.03.03 23:12:52.438,0.8663,0.8665
2013.03.03 23:12:55.790,0.8663,0.8665
2013.03.03 23:13:02.058,0.8663,0.8665
2013.03.03 23:13:02.670,0.86631,0.8665
2013.03.03 23:13:04.426,0.86631,0.8665
2013.03.03 23:13:05.366,0.8663,0.8665
2013.03.03 23:13:16.183,0.86631,0.86652
2013.03.03 23:13:16.669,0.8663,0.86646
2013.03.03 23:13:16.737,0.86624,0.86646
2013.03.03 23:13:17.986,0.86624,0.86644
2013.03.03 23:13:30.927,0.86624,0.86644
2013.03.03 23:14:11.958,0.86626,0.86644
2013.03.03 23:14:12.697,0.86624,0.86641
2013.03.03 23:14:13.198,0.86622,0.86641
2013.03.03 23:14:15.287,0.86622,0.86641
2013.03.03 23:14:50.009,0.86623,0.86642
2013.03.03 23:14:50.617,0.86625,0.86647
2013.03.03 23:14:56.327,0.86625,0.86647
2013.03.03 23:15:19.929,0.86625,0.86646
2013.03.03 23:15:20.260,0.86625,0.86646
2013.03.03 23:15:20.388,0.86625,0.86646
2013.03.03 23:15:20.460,0.86628,0.86648
2013.03.03 23:15:29.167,0.86627,0.8665
2013.03.03 23:16:22.200,0.86626,0.8665
2013.03.03 23:16:22.450,0.86626,0.86648
2013.03.03 23:16:22.699,0.86626,0.86647
2013.03.03 23:16:22.888,0.86626,0.86648
2013.03.03 23:16:23.247,0.86626,0.86648
2013.03.03 23:16:24.643,0.86626,0.86648
2013.03.03 23:16:24.708,0.86626,0.86648
2013.03.03 23:16:24.897,0.86626,0.86648
2013.03.03 23:16:25.228,0.86625,0.86648
2013.03.03 23:16:25.467,0.86625,0.86648
2013.03.03 23:16:25.670,0.86625,0.86648
2013.03.03 23:16:26.000,0.86625,0.86648
2013.03.03 23:16:26.189,0.86625,0.86648
2013.03.03 23:16:26.457,0.86625,0.86648
2013.03.03 23:16:26.637,0.86625,0.86648
2013.03.03 23:16:26.997,0.86626,0.86648
2013.03.03 23:16:27.178,0.86625,0.86648
2013.03.03 23:16:27.440,0.86626,0.86648
2013.03.03 23:16:27.627,0.86625,0.86648
2013.03.03 23:16:27.997,0.86626,0.86648
2013.03.03 23:16:28.208,0.86625,0.86648
2013.03.03 23:16:28.427,0.86625,0.86648
2013.03.03 23:16:28.727,0.86625,0.86648
2013.03.03 23:16:28.987,0.86625,0.86648
2013.03.03 23:16:29.180,0.86625,0.86648
2013.03.03 23:16:29.368,0.86625,0.86648
2013.03.03 23:16:29.729,0.86625,0.86648
2013.03.03 23:16:29.919,0.86625,0.86648
2013.03.03 23:16:40.998,0.86624,0.86648
2013.03.03 23:16:41.800,0.86624,0.86648
2013.03.03 23:16:41.937,0.86624,0.86648
2013.03.03 23:16:42.177,0.86624,0.86648
2013.03.03 23:16:42.488,0.86624,0.86648
2013.03.03 23:16:42.679,0.86624,0.86648
2013.03.03 23:16:42.926,0.86624,0.86648
2013.03.03 23:16:43.167,0.86624,0.86648
2013.03.03 23:16:43.468,0.86624,0.86648
2013.03.03 23:16:43.708,0.86624,0.86648
2013.03.03 23:16:43.888,0.86624,0.86648
2013.03.03 23:16:44.145,0.86625,0.86648
2013.03.03 23:16:44.447,0.86625,0.86648
2013.03.03 23:16:44.690,0.86625,0.86648
2013.03.03 23:16:44.877,0.86625,0.86648
2013.03.03 23:16:45.238,0.86626,0.86649
2013.03.03 23:16:45.477,0.86625,0.86649
2013.03.03 23:16:45.657,0.86625,0.86649
2013.03.03 23:16:45.898,0.86625,0.86649
2013.03.03 23:16:46.258,0.86625,0.86649
2013.03.03 23:16:46.437,0.86625,0.86649
2013.03.03 23:16:46.677,0.86625,0.86649
2013.03.03 23:16:46.857,0.86625,0.86649
2013.03.03 23:16:47.187,0.86625,0.86649
2013.03.03 23:16:47.427,0.86625,0.86649
2013.03.03 23:16:47.669,0.86625,0.86649
2013.03.03 23:16:47.976,0.86625,0.86649
2013.03.03 23:16:48.188,0.86625,0.86649
2013.03.03 23:16:48.548,0.86625,0.86649
2013.03.03 23:16:48.787,0.86625,0.86649
2013.03.03 23:16:48.967,0.86625,0.86649
2013.03.03 23:16:49.230,0.86625,0.86649
2013.03.03 23:16:49.419,0.86625,0.86649
2013.03.03 23:16:49.671,0.86625,0.86647
2013.03.03 23:16:49.977,0.86625,0.86647
2013.03.03 23:16:50.218,0.86625,0.86647
2013.03.03 23:16:50.457,0.86625,0.86647
2013.03.03 23:16:50.767,0.86625,0.86647
2013.03.03 23:16:50.948,0.86625,0.86647
2013.03.03 23:16:51.148,0.86625,0.86647
2013.03.03 23:16:51.387,0.86625,0.86647
2013.03.03 23:16:51.698,0.86625,0.86647
2013.03.03 23:16:51.937,0.86625,0.86647
2013.03.03 23:16:52.137,0.86625,0.86647
2013.03.03 23:16:52.379,0.86625,0.86647
2013.03.03 23:16:52.688,0.86625,0.86647
2013.03.03 23:16:52.929,0.86626,0.86649
2013.03.03 23:16:53.048,0.86626,0.86649
2013.03.03 23:17:40.451,0.86628,0.8665
2013.03.03 23:17:41.538,0.86628,0.8665
2013.03.03 23:17:42.046,0.86628,0.8665
2013.03.03 23:17:45.519,0.86629,0.86651
2013.03.03 23:17:45.648,0.86629,0.86651
2013.03.03 23:17:52.878,0.86629,0.86651
2013.03.03 23:18:00.138,0.86629,0.86651
2013.03.03 23:18:20.267,0.86629,0.86651
2013.03.03 23:18:23.668,0.86629,0.86651
2013.03.03 23:18:31.708,0.86628,0.8665
2013.03.03 23:18:32.069,0.86628,0.8665
2013.03.03 23:18:32.138,0.86628,0.8665
2013.03.03 23:18:32.507,0.86628,0.8665
2013.03.03 23:18:32.688,0.86628,0.8665
2013.03.03 23:18:32.927,0.86628,0.8665
2013.03.03 23:18:33.167,0.86628,0.8665
2013.03.03 23:18:33.470,0.86628,0.8665
2013.03.03 23:18:33.727,0.86628,0.8665
2013.03.03 23:18:33.907,0.86628,0.8665
2013.03.03 23:18:34.028,0.86628,0.8665
2013.03.03 23:18:34.387,0.86628,0.8665
2013.03.03 23:18:34.448,0.86628,0.8665
2013.03.03 23:18:34.688,0.86628,0.8665
2013.03.03 23:18:34.928,0.86628,0.8665
2013.03.03 23:18:35.243,0.86628,0.8665
2013.03.03 23:18:35.437,0.86628,0.8665
2013.03.03 23:18:35.687,0.86628,0.8665
2013.03.03 23:18:35.867,0.86628,0.8665
2013.03.03 23:18:36.227,0.86628,0.8665
2013.03.03 23:18:36.467,0.86628,0.8665
2013.03.03 23:18:36.648,0.86628,0.8665
2013.03.03 23:18:36.887,0.86628,0.8665
2013.03.03 23:18:37.250,0.86628,0.8665
2013.03.03 23:18:37.438,0.86628,0.8665
2013.03.03 23:18:37.695,0.86628,0.8665
2013.03.03 23:18:37.997,0.86628,0.8665
2013.03.03 23:18:38.178,0.86628,0.8665
2013.03.03 23:18:38.418,0.86628,0.8665
2013.03.03 23:18:38.621,0.86628,0.8665
2013.03.03 23:18:38.997,0.86628,0.8665
2013.03.03 23:18:39.199,0.86628,0.8665
2013.03.03 23:18:40.096,0.86628,0.8665
2013.03.03 23:18:40.626,0.86628,0.8665
2013.03.03 23:18:43.278,0.86627,0.8665
2013.03.03 23:18:43.707,0.86627,0.8665
2013.03.03 23:18:43.947,0.86627,0.8665
2013.03.03 23:18:44.127,0.86627,0.8665
2013.03.03 23:18:44.488,0.86628,0.86649
2013.03.03 23:18:44.687,0.86628,0.86649
2013.03.03 23:18:44.898,0.86628,0.86649
2013.03.03 23:18:45.147,0.86628,0.8665
2013.03.03 23:18:45.447,0.86628,0.8665
2013.03.03 23:18:45.688,0.86628,0.8665
2013.03.03 23:18:45.878,0.86628,0.8665
2013.03.03 23:18:46.217,0.86628,0.8665
2013.03.03 23:18:46.457,0.86628,0.8665
2013.03.03 23:18:46.697,0.86628,0.8665
2013.03.03 23:18:46.877,0.86628,0.8665
2013.03.03 23:18:47.227,0.86628,0.8665
2013.03.03 23:18:47.428,0.86628,0.8665
2013.03.03 23:18:47.670,0.86628,0.8665
2013.03.03 23:18:47.856,0.86628,0.8665
2013.03.03 23:18:48.227,0.86628,0.8665
2013.03.03 23:18:48.410,0.86628,0.8665
2013.03.03 23:18:48.658,0.86628,0.8665
2013.03.03 23:18:48.777,0.86628,0.8665
2013.03.03 23:18:48.957,0.86628,0.8665
2013.03.03 23:18:49.897,0.86628,0.8665
2013.03.03 23:19:00.927,0.86628,0.86651
2013.03.03 23:19:04.747,0.86627,0.86649
2013.03.03 23:19:05.363,0.86626,0.86646
2013.03.03 23:19:07.188,0.86626,0.86645
2013.03.03 23:19:40.218,0.86627,0.86643
2013.03.03 23:19:40.277,0.86627,0.86643
2013.03.03 23:19:56.838,0.86625,0.86645
2013.03.03 23:19:56.897,0.86625,0.86645
2013.03.03 23:20:17.029,0.86623,0.86643
2013.03.03 23:20:17.578,0.86624,0.86644
2013.03.03 23:20:17.638,0.86625,0.86644
2013.03.03 23:20:18.471,0.86625,0.86643
2013.03.03 23:20:27.973,0.86628,0.86646
2013.03.03 23:20:31.270,0.86626,0.86646
2013.03.03 23:20:32.147,0.86626,0.86646
2013.03.03 23:20:32.710,0.86626,0.86642
2013.03.03 23:20:34.899,0.86625,0.86643
2013.03.03 23:20:38.439,0.86625,0.86643
2013.03.03 23:20:38.620,0.86624,0.86641
2013.03.03 23:20:39.833,0.86624,0.86639
2013.03.03 23:20:41.379,0.86622,0.86639
2013.03.03 23:20:41.800,0.86622,0.86637
2013.03.03 23:20:41.929,0.86621,0.86636
2013.03.03 23:20:42.108,0.8662,0.86637
2013.03.03 23:20:42.229,0.8662,0.86637
2013.03.03 23:20:42.740,0.8662,0.86636
2013.03.03 23:20:56.428,0.8662,0.86638
2013.03.03 23:20:56.669,0.86619,0.86638
2013.03.03 23:20:57.533,0.86615,0.86637
2013.03.03 23:20:57.601,0.86615,0.86635
2013.03.03 23:20:57.674,0.86615,0.86635
2013.03.03 23:20:57.738,0.86615,0.86635
2013.03.03 23:21:07.198,0.86613,0.86633
2013.03.03 23:21:09.098,0.86613,0.86633
2013.03.03 23:21:09.280,0.86613,0.86633
2013.03.03 23:21:13.370,0.86613,0.86633
2013.03.03 23:21:13.739,0.86613,0.86635
2013.03.03 23:21:14.148,0.86613,0.86635
2013.03.03 23:21:14.524,0.86613,0.86635
2013.03.03 23:21:14.909,0.86613,0.86635
2013.03.03 23:21:15.168,0.86614,0.86635
2013.03.03 23:21:15.709,0.86613,0.86635
2013.03.03 23:21:15.899,0.86615,0.86635
2013.03.03 23:21:16.439,0.86613,0.86635
2013.03.03 23:21:16.678,0.86615,0.86635
2013.03.03 23:21:17.218,0.86613,0.86635
2013.03.03 23:21:17.458,0.86613,0.86635
2013.03.03 23:21:17.930,0.86613,0.86635
2013.03.03 23:21:18.248,0.86615,0.86635
2013.03.03 23:21:18.490,0.86613,0.86633
2013.03.03 23:21:29.309,0.86611,0.86632
2013.03.03 23:21:29.441,0.86613,0.86633
2013.03.03 23:21:31.648,0.86613,0.86633
2013.03.03 23:21:31.949,0.86609,0.86629
2013.03.03 23:21:32.010,0.86609,0.86629
2013.03.03 23:21:37.158,0.86608,0.8663
2013.03.03 23:21:50.690,0.86609,0.86629
2013.03.03 23:21:56.709,0.86608,0.8663
2013.03.03 23:22:06.969,0.86608,0.8663
2013.03.03 23:22:07.158,0.86608,0.86631
2013.03.03 23:22:07.280,0.86608,0.8663
2013.03.03 23:22:08.690,0.86608,0.8663
2013.03.03 23:22:10.030,0.86608,0.8663
2013.03.03 23:22:10.800,0.86608,0.86629
2013.03.03 23:22:10.869,0.86608,0.86629
2013.03.03 23:22:11.370,0.86609,0.86627
2013.03.03 23:22:15.559,0.86609,0.86629
2013.03.03 23:22:15.748,0.86611,0.86631
2013.03.03 23:22:16.539,0.8661,0.8663
2013.03.03 23:22:23.848,0.8661,0.8663
2013.03.03 23:22:24.030,0.86608,0.8663
2013.03.03 23:22:24.278,0.86607,0.86628
2013.03.03 23:22:25.917,0.86606,0.86628
2013.03.03 23:22:33.428,0.86606,0.86628
2013.03.03 23:22:33.609,0.86606,0.86626
2013.03.03 23:22:33.730,0.86605,0.86626
2013.03.03 23:22:34.278,0.86604,0.86625
2013.03.03 23:22:34.617,0.86602,0.86625
2013.03.03 23:22:36.410,0.866,0.86618
2013.03.03 23:22:36.478,0.86598,0.86618
2013.03.03 23:22:36.600,0.86598,0.86616
2013.03.03 23:22:37.697,0.86595,0.86615
2013.03.03 23:22:39.422,0.86594,0.86615
2013.03.03 23:22:39.729,0.86593,0.8661
2013.03.03 23:22:39.919,0.8659,0.86609
2013.03.03 23:22:40.090,0.86589,0.86608
2013.03.03 23:22:40.559,0.86589,0.86606
2013.03.03 23:22:41.048,0.86586,0.86606
2013.03.03 23:22:41.616,0.86577,0.86601
2013.03.03 23:22:41.949,0.86576,0.86597
2013.03.03 23:22:42.189,0.86573,0.86596
2013.03.03 23:22:42.249,0.86573,0.86596
2013.03.03 23:22:42.441,0.86571,0.86594
2013.03.03 23:22:42.749,0.8657,0.86588
2013.03.03 23:22:42.820,0.86564,0.86588
2013.03.03 23:22:42.949,0.86562,0.86586
2013.03.03 23:22:43.259,0.86562,0.86585
2013.03.03 23:22:43.629,0.86566,0.86588
2013.03.03 23:22:44.129,0.86567,0.86591
2013.03.03 23:22:44.510,0.86566,0.86591
2013.03.03 23:22:44.579,0.86565,0.86591
2013.03.03 23:22:44.699,0.86564,0.86591
2013.03.03 23:22:45.059,0.86569,0.86591
2013.03.03 23:22:45.370,0.86569,0.86593
2013.03.03 23:22:45.678,0.86569,0.86593
2013.03.03 23:22:45.861,0.86575,0.86596
2013.03.03 23:22:45.928,0.86576,0.86595
2013.03.03 23:22:45.989,0.8658,0.86598
2013.03.03 23:22:46.170,0.86582,0.86601
2013.03.03 23:22:46.423,0.86583,0.86602
2013.03.03 23:22:46.968,0.86589,0.86607
2013.03.03 23:22:47.269,0.8659,0.86608
2013.03.03 23:22:47.329,0.8659,0.86613
2013.03.03 23:22:47.705,0.8659,0.86613
2013.03.03 23:22:48.449,0.8659,0.86614
2013.03.03 23:22:51.440,0.86589,0.86613
2013.03.03 23:22:54.659,0.86587,0.86599
2013.03.03 23:22:54.969,0.86585,0.86601
2013.03.03 23:22:55.089,0.86583,0.86601
2013.03.03 23:22:55.209,0.86581,0.86602
2013.03.03 23:22:55.449,0.86579,0.86603
2013.03.03 23:22:55.630,0.86577,0.86602
2013.03.03 23:22:55.700,0.86576,0.866
2013.03.03 23:22:55.950,0.86574,0.866
2013.03.03 23:22:56.080,0.86571,0.866
2013.03.03 23:22:56.388,0.86573,0.86597
2013.03.03 23:22:56.689,0.86571,0.86594
2013.03.03 23:22:57.049,0.86569,0.86593
2013.03.03 23:22:57.290,0.86567,0.86591
2013.03.03 23:22:57.959,0.86567,0.86589
2013.03.03 23:22:58.549,0.86568,0.86589
2013.03.03 23:22:58.858,0.86582,0.86595
2013.03.03 23:22:59.219,0.86585,0.86603
2013.03.03 23:22:59.411,0.86584,0.86604
2013.03.03 23:22:59.479,0.86584,0.86603
2013.03.03 23:22:59.600,0.86583,0.86605
2013.03.03 23:23:00.082,0.86583,0.86603
2013.03.03 23:23:00.157,0.86578,0.86602
2013.03.03 23:23:00.640,0.86576,0.866
2013.03.03 23:23:01.188,0.86576,0.86599
2013.03.03 23:23:04.718,0.86576,0.86598
2013.03.03 23:23:06.169,0.86577,0.86598
2013.03.03 23:23:06.709,0.86575,0.86597
2013.03.03 23:23:06.889,0.86576,0.86598
2013.03.03 23:23:07.430,0.86582,0.86602
2013.03.03 23:23:07.988,0.86585,0.86606
2013.03.03 23:23:08.630,0.86586,0.86606
2013.03.03 23:23:11.462,0.86586,0.86608
2013.03.03 23:23:11.531,0.86587,0.86609
2013.03.03 23:23:12.057,0.86587,0.86609
2013.03.03 23:23:14.176,0.86589,0.86609
2013.03.03 23:23:14.494,0.86589,0.86609
2013.03.03 23:23:14.989,0.86587,0.86607
2013.03.03 23:23:15.048,0.86586,0.86607
2013.03.03 23:23:15.488,0.86583,0.86605
2013.03.03 23:23:16.878,0.86583,0.86604
2013.03.03 23:23:18.630,0.86583,0.86604
2013.03.03 23:23:19.251,0.86583,0.86603
2013.03.03 23:23:19.321,0.86583,0.866
2013.03.03 23:23:19.391,0.86581,0.866
2013.03.03 23:23:19.459,0.86579,0.86598
2013.03.03 23:23:19.529,0.86578,0.86598
2013.03.03 23:23:19.649,0.86577,0.86598
2013.03.03 23:23:19.710,0.86575,0.86596
2013.03.03 23:23:20.144,0.86573,0.86592
2013.03.03 23:23:20.215,0.86573,0.86592
2013.03.03 23:23:20.279,0.8657,0.86592
2013.03.03 23:23:20.339,0.8657,0.86592
2013.03.03 23:23:20.648,0.86568,0.86592
2013.03.03 23:23:22.931,0.8657,0.86591
2013.03.03 23:23:23.120,0.86574,0.86593
2013.03.03 23:23:23.189,0.86575,0.86593
2013.03.03 23:23:23.255,0.86577,0.86597
2013.03.03 23:23:23.439,0.86575,0.86597
2013.03.03 23:23:23.918,0.86575,0.86599
2013.03.03 23:23:26.369,0.86577,0.86599
2013.03.03 23:23:26.495,0.86581,0.86602
2013.03.03 23:23:26.559,0.86581,0.86604
2013.03.03 23:23:26.679,0.86586,0.86606
2013.03.03 23:23:26.980,0.86586,0.86606
2013.03.03 23:23:27.528,0.86586,0.86606
2013.03.03 23:23:28.069,0.86586,0.86608
2013.03.03 23:23:28.689,0.86589,0.86613
2013.03.03 23:23:29.929,0.86589,0.8661
2013.03.03 23:23:34.378,0.86586,0.86608
2013.03.03 23:23:34.678,0.86585,0.86605
2013.03.03 23:23:34.919,0.86581,0.86603
2013.03.03 23:23:37.668,0.86582,0.86601
2013.03.03 23:23:38.429,0.86582,0.866
2013.03.03 23:23:40.742,0.86582,0.866
2013.03.03 23:23:42.550,0.86581,0.866
2013.03.03 23:23:42.738,0.86582,0.86602
2013.03.03 23:23:43.228,0.86581,0.86602
2013.03.03 23:23:46.542,0.86583,0.86605
2013.03.03 23:23:46.850,0.86586,0.86607
2013.03.03 23:23:47.218,0.86588,0.8661
2013.03.03 23:23:57.948,0.86588,0.86608
2013.03.03 23:24:01.152,0.86585,0.86607
2013.03.03 23:24:01.730,0.86584,0.86606
2013.03.03 23:24:06.698,0.86583,0.86606
2013.03.03 23:24:09.910,0.86584,0.86606
2013.03.03 23:24:10.629,0.86586,0.86606
2013.03.03 23:24:13.421,0.86586,0.86607
2013.03.03 23:24:14.398,0.86586,0.86608
2013.03.03 23:24:17.480,0.86587,0.8661
2013.03.03 23:24:17.980,0.86588,0.86611
2013.03.03 23:24:18.538,0.86591,0.86612
2013.03.03 23:24:26.691,0.8659,0.86612
2013.03.03 23:24:38.304,0.86589,0.86612
2013.03.03 23:24:44.009,0.8659,0.86611
2013.03.03 23:24:47.078,0.86589,0.8661
2013.03.03 23:24:47.618,0.86587,0.8661
2013.03.03 23:24:53.808,0.86587,0.86609
2013.03.03 23:24:53.939,0.86586,0.86608
2013.03.03 23:24:56.329,0.86585,0.86606
2013.03.03 23:24:56.519,0.86582,0.86604
2013.03.03 23:24:56.579,0.86582,0.86604
2013.03.03 23:24:56.639,0.86581,0.86604
2013.03.03 23:24:57.179,0.86579,0.866
2013.03.03 23:24:57.440,0.86578,0.866
2013.03.03 23:25:03.919,0.86579,0.86599
2013.03.03 23:25:10.299,0.86579,0.86597
2013.03.03 23:25:10.783,0.86569,0.86589
2013.03.03 23:25:10.920,0.86565,0.86586
2013.03.03 23:25:10.990,0.86565,0.86581
2013.03.03 23:25:11.119,0.86561,0.86581
2013.03.03 23:25:11.180,0.86561,0.86581
2013.03.03 23:25:11.369,0.86561,0.86581
2013.03.03 23:25:13.550,0.86559,0.86579
2013.03.03 23:25:13.682,0.86557,0.86578
2013.03.03 23:25:13.929,0.86553,0.86575
2013.03.03 23:25:14.050,0.86553,0.86576
2013.03.03 23:25:14.900,0.86554,0.86576
2013.03.03 23:25:15.670,0.86554,0.86576
2013.03.03 23:25:21.237,0.86556,0.86576
2013.03.03 23:25:22.949,0.86555,0.86576
2013.03.03 23:25:23.262,0.86555,0.86576
2013.03.03 23:25:24.768,0.86555,0.86576
2013.03.03 23:25:24.949,0.86554,0.86574
2013.03.03 23:25:25.189,0.86555,0.86575
2013.03.03 23:25:25.488,0.86556,0.86577
2013.03.03 23:25:25.949,0.86559,0.86579
2013.03.03 23:25:26.079,0.86564,0.86583
2013.03.03 23:25:26.139,0.86564,0.86583
2013.03.03 23:25:26.319,0.86564,0.86585
2013.03.03 23:25:26.439,0.86564,0.86586
2013.03.03 23:25:26.799,0.86569,0.86586
2013.03.03 23:25:32.429,0.86569,0.86588
2013.03.03 23:25:32.500,0.86569,0.86589
2013.03.03 23:25:33.156,0.86573,0.86589
2013.03.03 23:25:35.390,0.86575,0.86591
2013.03.03 23:25:35.459,0.86575,0.86592
2013.03.03 23:25:36.009,0.86575,0.86592
2013.03.03 23:25:36.142,0.86575,0.86591
2013.03.03 23:25:36.688,0.86573,0.86591
2013.03.03 23:25:40.460,0.86573,0.86591
2013.03.03 23:25:40.949,0.86573,0.86591
2013.03.03 23:25:42.299,0.86572,0.86589
2013.03.03 23:25:42.430,0.86571,0.86589
2013.03.03 23:25:47.139,0.86569,0.86589
2013.03.03 23:25:56.059,0.8657,0.86589
2013.03.03 23:25:56.428,0.86571,0.86593
2013.03.03 23:25:56.790,0.86571,0.86593
2013.03.03 23:25:57.338,0.86573,0.86593
2013.03.03 23:25:57.899,0.86571,0.86593
2013.03.03 23:25:59.472,0.86574,0.86593
2013.03.03 23:26:18.330,0.86574,0.86592
2013.03.03 23:26:18.933,0.86574,0.86592
2013.03.03 23:26:23.422,0.86576,0.86594
2013.03.03 23:26:23.613,0.86576,0.86595
2013.03.03 23:26:24.205,0.86576,0.86596
2013.03.03 23:26:27.539,0.86577,0.86596
2013.03.03 23:26:27.899,0.86581,0.86603
2013.03.03 23:26:28.379,0.86587,0.86606
2013.03.03 23:26:31.050,0.86587,0.86606
2013.03.03 23:26:34.070,0.86587,0.86606
2013.03.03 23:26:39.719,0.86587,0.86606
2013.03.03 23:26:45.518,0.86587,0.86606
2013.03.03 23:26:48.479,0.86587,0.86605
2013.03.03 23:26:49.678,0.86588,0.86605
2013.03.03 23:26:49.738,0.86588,0.86605
2013.03.03 23:26:50.182,0.86587,0.86605
2013.03.03 23:26:50.309,0.86587,0.86605
2013.03.03 23:26:51.658,0.86583,0.86603
2013.03.03 23:26:51.718,0.86583,0.86603
2013.03.03 23:26:52.140,0.86581,0.86601
2013.03.03 23:26:52.449,0.86579,0.86601
2013.03.03 23:26:55.599,0.86579,0.866
2013.03.03 23:26:58.387,0.86579,0.86601
2013.03.03 23:26:59.090,0.86581,0.86601
2013.03.03 23:26:59.849,0.86581,0.86603
2013.03.03 23:27:07.349,0.86581,0.86603
2013.03.03 23:27:07.649,0.86581,0.86603
2013.03.03 23:27:20.096,0.86581,0.86603
2013.03.03 23:27:31.900,0.86581,0.86603
2013.03.03 23:27:32.860,0.86587,0.86606
2013.03.03 23:27:33.349,0.86588,0.86608
2013.03.03 23:27:34.828,0.86588,0.86608
2013.03.03 23:27:40.229,0.86588,0.86608
2013.03.03 23:27:40.769,0.86586,0.86608
2013.03.03 23:27:41.278,0.86587,0.86609
2013.03.03 23:27:43.706,0.86587,0.86609
2013.03.03 23:27:54.643,0.86587,0.86609
2013.03.03 23:27:55.184,0.86587,0.86609
2013.03.03 23:27:55.438,0.86587,0.86609
2013.03.03 23:28:07.389,0.86588,0.86609
2013.03.03 23:28:28.211,0.86589,0.86609
2013.03.03 23:28:28.519,0.86594,0.86612
2013.03.03 23:28:32.919,0.86598,0.86612
2013.03.03 23:28:34.398,0.866,0.86613
2013.03.03 23:28:35.329,0.86595,0.86612
2013.03.03 23:28:35.450,0.86595,0.86612
2013.03.03 23:28:35.578,0.86595,0.86614
2013.03.03 23:28:35.819,0.86595,0.86616
2013.03.03 23:28:36.059,0.866,0.86616
2013.03.03 23:28:36.619,0.86603,0.86618
2013.03.03 23:28:36.920,0.86602,0.86619
2013.03.03 23:28:37.728,0.86599,0.86619
2013.03.03 23:28:39.960,0.86599,0.86619
2013.03.03 23:28:40.020,0.86599,0.86619
2013.03.03 23:28:40.509,0.86602,0.86622
2013.03.03 23:28:40.569,0.86602,0.86622
2013.03.03 23:28:40.933,0.86602,0.86621
2013.03.03 23:28:41.014,0.86603,0.86623
2013.03.03 23:28:41.629,0.86606,0.86625
2013.03.03 23:28:41.959,0.86606,0.86625
2013.03.03 23:28:42.199,0.86606,0.86625
2013.03.03 23:28:59.793,0.86603,0.86623
2013.03.03 23:29:11.265,0.86602,0.86622
2013.03.03 23:29:50.029,0.86602,0.86621
2013.03.03 23:29:50.520,0.86602,0.86621
2013.03.03 23:29:54.865,0.866,0.8662
2013.03.03 23:29:56.722,0.866,0.86621
2013.03.03 23:29:56.969,0.86601,0.86622
2013.03.03 23:30:03.869,0.86601,0.86621
2013.03.03 23:30:03.990,0.86599,0.86621
2013.03.03 23:30:04.568,0.86599,0.86621
2013.03.03 23:30:06.345,0.86601,0.86621
2013.03.03 23:30:06.412,0.86602,0.86621
2013.03.03 23:30:06.731,0.86604,0.86622
2013.03.03 23:30:06.860,0.86605,0.86625
2013.03.03 23:30:07.412,0.86605,0.86625
2013.03.03 23:30:07.480,0.86606,0.86627
2013.03.03 23:30:14.132,0.86605,0.86627
2013.03.03 23:30:14.199,0.86605,0.86624
2013.03.03 23:30:14.389,0.86604,0.86623
2013.03.03 23:30:14.459,0.86603,0.86623
2013.03.03 23:30:14.890,0.86601,0.86623
2013.03.03 23:30:14.961,0.86601,0.86623
2013.03.03 23:30:21.409,0.86602,0.86623
2013.03.03 23:30:30.929,0.86601,0.86623
2013.03.03 23:30:31.273,0.86598,0.8662
2013.03.03 23:30:31.461,0.86599,0.86621
2013.03.03 23:30:32.580,0.86599,0.86621
2013.03.03 23:30:33.083,0.86599,0.86621
2013.03.03 23:30:52.811,0.86599,0.86619
2013.03.03 23:30:53.121,0.86596,0.86615
2013.03.03 23:30:53.252,0.86597,0.86615
2013.03.03 23:30:53.380,0.86597,0.86615
2013.03.03 23:30:53.691,0.86596,0.86615
2013.03.03 23:30:54.252,0.86598,0.86617
2013.03.03 23:30:54.320,0.86598,0.8662
2013.03.03 23:30:55.028,0.86598,0.8662
2013.03.03 23:30:59.579,0.86598,0.86619
2013.03.03 23:30:59.640,0.86598,0.86618
2013.03.03 23:30:59.771,0.86594,0.86613
2013.03.03 23:31:00.309,0.86591,0.86609
2013.03.03 23:31:02.479,0.86591,0.86609
2013.03.03 23:31:02.838,0.86591,0.86611
2013.03.03 23:31:03.079,0.86591,0.86611
2013.03.03 23:31:03.139,0.86592,0.86611
2013.03.03 23:31:04.845,0.86595,0.86615
2013.03.03 23:31:05.351,0.86595,0.86616
2013.03.03 23:31:05.421,0.86596,0.86616
2013.03.03 23:31:05.928,0.86596,0.86616
2013.03.03 23:31:08.619,0.86596,0.86612
2013.03.03 23:31:08.920,0.86592,0.8661
2013.03.03 23:31:08.991,0.86592,0.8661
2013.03.03 23:31:09.436,0.86594,0.86612
2013.03.03 23:31:09.620,0.86597,0.86617
2013.03.03 23:31:10.309,0.86595,0.86616
2013.03.03 23:31:10.649,0.86594,0.86614
2013.03.03 23:31:15.899,0.86593,0.86613
2013.03.03 23:31:16.401,0.86593,0.86613
2013.03.03 23:31:17.051,0.86593,0.86614
2013.03.03 23:31:20.091,0.86593,0.86613
2013.03.03 23:31:22.993,0.86593,0.86614
2013.03.03 23:31:34.399,0.86592,0.86613
2013.03.03 23:31:35.180,0.86594,0.86613
2013.03.03 23:31:35.359,0.86595,0.86615
2013.03.03 23:31:36.489,0.86593,0.86615
2013.03.03 23:31:43.150,0.86592,0.86612
2013.03.03 23:31:43.340,0.86591,0.86608
2013.03.03 23:31:46.649,0.86591,0.8661
2013.03.03 23:31:46.709,0.86591,0.8661
2013.03.03 23:31:46.769,0.86591,0.86611
2013.03.03 23:32:04.360,0.86591,0.86611
2013.03.03 23:32:07.492,0.86591,0.86611
2013.03.03 23:32:22.180,0.86593,0.86611
2013.03.03 23:32:22.694,0.86593,0.86612
2013.03.03 23:32:38.629,0.86593,0.86613
2013.03.03 23:32:38.929,0.86595,0.86616
2013.03.03 23:32:47.307,0.86596,0.86616
2013.03.03 23:32:50.469,0.86597,0.86618
2013.03.03 23:32:50.651,0.86598,0.86618
2013.03.03 23:32:50.958,0.86599,0.86618
2013.03.03 23:32:51.289,0.86598,0.86618
2013.03.03 23:32:51.410,0.86597,0.86616
2013.03.03 23:32:52.131,0.86597,0.86616
2013.03.03 23:32:52.346,0.86597,0.86617
2013.03.03 23:32:53.019,0.86598,0.86619
2013.03.03 23:32:57.460,0.86602,0.86619
2013.03.03 23:32:58.271,0.86602,0.86622
2013.03.03 23:33:10.251,0.86602,0.86622
2013.03.03 23:33:11.189,0.86602,0.86622
2013.03.03 23:33:14.169,0.86602,0.86622
2013.03.03 23:33:47.185,0.86602,0.86624
2013.03.03 23:33:47.760,0.86604,0.86624
2013.03.03 23:33:47.840,0.86604,0.86624
2013.03.03 23:33:47.972,0.86604,0.86624
2013.03.03 23:33:48.162,0.86604,0.86626
2013.03.03 23:33:48.530,0.86604,0.86626
2013.03.03 23:33:48.719,0.86603,0.86626
2013.03.03 23:33:52.199,0.86605,0.86626
2013.03.03 23:33:52.500,0.86606,0.86626
2013.03.03 23:33:57.514,0.86608,0.86626
2013.03.03 23:33:57.640,0.86607,0.86626
2013.03.03 23:33:57.880,0.86607,0.86626
2013.03.03 23:34:00.141,0.86608,0.86626
2013.03.03 23:34:23.151,0.86608,0.86627
2013.03.03 23:34:23.459,0.86609,0.86627
2013.03.03 23:34:26.299,0.86609,0.8663
2013.03.03 23:34:27.990,0.86611,0.86629
2013.03.03 23:34:28.180,0.86609,0.86629
2013.03.03 23:34:28.249,0.86609,0.8663
2013.03.03 23:34:28.969,0.8661,0.8663
2013.03.03 23:34:29.209,0.8661,0.8663
2013.03.03 23:34:33.560,0.8661,0.86631
2013.03.03 23:34:33.870,0.86611,0.86631
2013.03.03 23:34:35.861,0.86613,0.86631
2013.03.03 23:34:36.370,0.86614,0.86632
2013.03.03 23:34:36.562,0.86616,0.86634
2013.03.03 23:34:36.992,0.86617,0.86637
2013.03.03 23:34:38.240,0.86617,0.86637
2013.03.03 23:34:40.130,0.86619,0.86638
2013.03.03 23:34:43.120,0.86619,0.86638
2013.03.03 23:34:43.430,0.86617,0.86637
2013.03.03 23:34:43.669,0.86618,0.86637
2013.03.03 23:34:47.409,0.86617,0.86638
2013.03.03 23:34:47.469,0.86617,0.86637
2013.03.03 23:34:52.689,0.86617,0.86637
2013.03.03 23:34:53.229,0.86619,0.86638
2013.03.03 23:34:53.349,0.86619,0.86639
2013.03.03 23:34:53.469,0.86619,0.86639
2013.03.03 23:34:55.439,0.86619,0.8664
2013.03.03 23:35:08.631,0.8662,0.8664
2013.03.03 23:35:24.920,0.86619,0.8664
2013.03.03 23:35:25.221,0.86616,0.86637
2013.03.03 23:35:25.470,0.86614,0.86634
2013.03.03 23:35:26.130,0.86612,0.86632
2013.03.03 23:35:26.911,0.86612,0.86632
2013.03.03 23:35:26.980,0.86612,0.86632
2013.03.03 23:35:27.243,0.8661,0.86632
2013.03.03 23:35:28.379,0.8661,0.86632
2013.03.03 23:35:41.799,0.86609,0.8663
2013.03.03 23:36:22.410,0.86609,0.86629
2013.03.03 23:36:27.231,0.86609,0.86629
2013.03.03 23:36:36.127,0.86607,0.86628
2013.03.03 23:36:37.454,0.86606,0.86627
2013.03.03 23:36:38.249,0.86607,0.86627
2013.03.03 23:36:39.239,0.86606,0.86627
2013.03.03 23:37:38.259,0.86606,0.86627
2013.03.03 23:37:44.609,0.86606,0.86627
2013.03.03 23:37:45.929,0.86606,0.86626
2013.03.03 23:37:45.989,0.86606,0.86626
2013.03.03 23:37:48.425,0.86605,0.86626
2013.03.03 23:37:48.549,0.86604,0.86626
2013.03.03 23:37:51.060,0.86606,0.86626
2013.03.03 23:37:55.912,0.86606,0.86626
2013.03.03 23:37:57.460,0.86607,0.86626
2013.03.03 23:38:08.082,0.8661,0.86628
2013.03.03 23:38:08.271,0.8661,0.86629
2013.03.03 23:38:11.124,0.8661,0.86629
2013.03.03 23:38:11.601,0.86611,0.8663
2013.03.03 23:38:11.672,0.86613,0.86631
2013.03.03 23:38:11.742,0.86613,0.86631
2013.03.03 23:38:12.290,0.86613,0.86634
2013.03.03 23:38:12.351,0.86615,0.86634
2013.03.03 23:38:12.422,0.86616,0.86636
2013.03.03 23:38:12.730,0.86616,0.86636
2013.03.03 23:38:12.851,0.86619,0.86637
2013.03.03 23:38:13.102,0.86619,0.86639
2013.03.03 23:38:13.171,0.86619,0.86639
2013.03.03 23:38:13.660,0.86621,0.8664
2013.03.03 23:38:14.700,0.86621,0.8664
2013.03.03 23:38:18.010,0.86623,0.86641
2013.03.03 23:38:18.460,0.86623,0.86642
2013.03.03 23:38:19.451,0.86625,0.86643
2013.03.03 23:38:19.701,0.86625,0.86644
2013.03.03 23:38:20.310,0.86628,0.86644
2013.03.03 23:38:20.671,0.86631,0.86649
2013.03.03 23:38:26.429,0.86634,0.86652
2013.03.03 23:38:26.491,0.86634,0.86652
2013.03.03 23:38:27.289,0.86634,0.86652
2013.03.03 23:38:27.471,0.86634,0.86652
2013.03.03 23:38:28.009,0.86634,0.86651
2013.03.03 23:38:28.083,0.86634,0.8665
2013.03.03 23:38:28.749,0.86634,0.8665
2013.03.03 23:38:29.050,0.86634,0.86648
2013.03.03 23:38:30.923,0.86633,0.86648
2013.03.03 23:38:31.050,0.86633,0.86649
2013.03.03 23:38:33.031,0.86634,0.86648
2013.03.03 23:38:36.220,0.86633,0.86648
2013.03.03 23:38:39.251,0.86634,0.86649
2013.03.03 23:38:42.409,0.86634,0.86649
2013.03.03 23:38:42.651,0.86636,0.86651
2013.03.03 23:38:42.780,0.86637,0.86651
2013.03.03 23:38:43.319,0.86643,0.86653
2013.03.03 23:38:54.404,0.86642,0.86655
2013.03.03 23:38:54.471,0.86642,0.86654
2013.03.03 23:38:54.649,0.86636,0.86654
2013.03.03 23:38:59.220,0.86634,0.86653
2013.03.03 23:38:59.280,0.86634,0.86653
2013.03.03 23:39:03.952,0.86633,0.86653
2013.03.03 23:39:05.950,0.86634,0.86651
2013.03.03 23:39:06.011,0.86634,0.86651
2013.03.03 23:39:06.191,0.86634,0.8665
2013.03.03 23:39:06.260,0.86634,0.8665
2013.03.03 23:39:08.000,0.86632,0.8665
2013.03.03 23:39:09.570,0.86635,0.8665
2013.03.03 23:39:18.630,0.86634,0.8665
2013.03.03 23:39:19.630,0.86631,0.8665
