Time,Bid,Ask
2013.03.29 00:00:00.917,1.28137,1.28145
2013.03.29 00:00:01.218,1.28138,1.28147
2013.03.29 00:00:01.758,1.28138,1.28147
2013.03.29 00:00:02.057,1.28139,1.28147
2013.03.29 00:00:02.999,1.28139,1.28151
2013.03.29 00:00:04.088,1.28138,1.28151
2013.03.29 00:00:04.329,1.28136,1.28147
2013.03.29 00:00:04.448,1.28136,1.2815
2013.03.29 00:00:06.729,1.28144,1.28148
2013.03.29 00:00:06.849,1.28145,1.28148
2013.03.29 00:00:06.909,1.28145,1.28151
2013.03.29 00:00:07.090,1.28147,1.28151
2013.03.29 00:00:07.209,1.28141,1.28155
2013.03.29 00:00:07.269,1.28142,1.28154
2013.03.29 00:00:07.508,1.28146,1.28151
2013.03.29 00:00:07.569,1.28145,1.28153
2013.03.29 00:00:08.349,1.28147,1.28153
2013.03.29 00:00:08.413,1.28144,1.28156
2013.03.29 00:00:08.489,1.28142,1.28155
2013.03.29 00:00:08.848,1.28146,1.28153
2013.03.29 00:00:09.151,1.28148,1.28157
2013.03.29 00:00:09.840,1.28149,1.28158
2013.03.29 00:00:10.528,1.2815,1.28161
2013.03.29 00:00:10.709,1.28151,1.28165
2013.03.29 00:00:10.829,1.28153,1.28167
2013.03.29 00:00:10.902,1.28153,1.28168
2013.03.29 00:00:11.438,1.28153,1.28168
2013.03.29 00:00:12.120,1.28153,1.28168
2013.03.29 00:00:12.431,1.28155,1.28172
2013.03.29 00:00:12.559,1.28158,1.28175
2013.03.29 00:00:12.932,1.28159,1.28177
2013.03.29 00:00:13.238,1.28158,1.28176
2013.03.29 00:00:13.298,1.28161,1.28172
2013.03.29 00:00:13.718,1.28159,1.28172
2013.03.29 00:00:19.840,1.28158,1.28171
2013.03.29 00:00:21.628,1.28159,1.28168
2013.03.29 00:00:22.220,1.28158,1.28167
2013.03.29 00:00:23.358,1.28157,1.28166
2013.03.29 00:00:23.480,1.28155,1.28166
2013.03.29 00:00:23.988,1.28155,1.28165
2013.03.29 00:00:31.888,1.28154,1.28164
2013.03.29 00:00:33.039,1.28153,1.28163
2013.03.29 00:00:33.100,1.28152,1.28162
2013.03.29 00:00:33.650,1.28151,1.28161
2013.03.29 00:00:34.380,1.28148,1.28158
2013.03.29 00:00:34.569,1.28147,1.28161
2013.03.29 00:00:34.869,1.28147,1.28163
2013.03.29 00:00:34.929,1.28148,1.28164
2013.03.29 00:00:35.109,1.28147,1.28165
2013.03.29 00:00:35.350,1.28152,1.28161
2013.03.29 00:00:35.470,1.2815,1.28164
2013.03.29 00:00:37.600,1.28154,1.28162
2013.03.29 00:00:37.660,1.28152,1.28165
2013.03.29 00:00:38.020,1.28155,1.28168
2013.03.29 00:00:38.552,1.28155,1.28168
2013.03.29 00:00:39.981,1.28155,1.28168
2013.03.29 00:00:40.339,1.28154,1.28167
2013.03.29 00:00:40.752,1.28153,1.28167
2013.03.29 00:00:52.575,1.28152,1.28161
2013.03.29 00:01:10.099,1.28152,1.28161
2013.03.29 00:01:17.227,1.28152,1.28162
2013.03.29 00:01:18.012,1.28154,1.28163
2013.03.29 00:01:18.080,1.28157,1.28164
2013.03.29 00:01:18.153,1.28157,1.28164
2013.03.29 00:01:18.221,1.28158,1.28165
2013.03.29 00:01:18.290,1.28158,1.28166
2013.03.29 00:01:18.541,1.28158,1.28168
2013.03.29 00:01:19.146,1.28158,1.28169
2013.03.29 00:01:20.060,1.28159,1.2817
2013.03.29 00:01:20.369,1.28158,1.28169
2013.03.29 00:01:21.610,1.28158,1.28168
2013.03.29 00:01:23.633,1.28158,1.28167
2013.03.29 00:01:23.882,1.2816,1.28167
2013.03.29 00:01:24.071,1.28163,1.28168
2013.03.29 00:01:24.610,1.28159,1.28169
2013.03.29 00:01:24.730,1.28155,1.28171
2013.03.29 00:01:25.250,1.28155,1.28171
2013.03.29 00:01:26.039,1.28157,1.28171
2013.03.29 00:01:26.219,1.28157,1.28173
2013.03.29 00:01:26.548,1.28157,1.28173
2013.03.29 00:01:26.859,1.28158,1.28171
2013.03.29 00:01:27.459,1.28156,1.28171
2013.03.29 00:01:32.110,1.2816,1.28166
2013.03.29 00:01:32.170,1.28158,1.28167
2013.03.29 00:01:35.809,1.28157,1.28167
2013.03.29 00:01:40.241,1.28155,1.28167
2013.03.29 00:01:40.310,1.28155,1.28166
2013.03.29 00:01:40.550,1.28154,1.28166
2013.03.29 00:01:50.759,1.28154,1.28164
2013.03.29 00:01:52.359,1.28153,1.28164
2013.03.29 00:01:52.719,1.28152,1.28164
2013.03.29 00:01:53.259,1.28151,1.28163
2013.03.29 00:01:55.590,1.28152,1.28161
2013.03.29 00:01:55.953,1.2815,1.28162
2013.03.29 00:01:56.140,1.28149,1.28161
2013.03.29 00:01:57.773,1.28148,1.2816
2013.03.29 00:01:58.021,1.28153,1.28159
2013.03.29 00:01:58.149,1.28152,1.2816
2013.03.29 00:02:00.808,1.28149,1.28159
2013.03.29 00:02:00.881,1.28147,1.28159
2013.03.29 00:02:00.963,1.28146,1.28159
2013.03.29 00:02:02.609,1.28146,1.28159
2013.03.29 00:02:03.169,1.28145,1.28159
2013.03.29 00:02:04.140,1.28145,1.28153
2013.03.29 00:02:04.320,1.28142,1.28152
2013.03.29 00:02:04.869,1.28142,1.28152
2013.03.29 00:02:05.110,1.28142,1.28152
2013.03.29 00:02:07.269,1.28142,1.28151
2013.03.29 00:02:07.579,1.28144,1.28151
2013.03.29 00:02:07.699,1.28142,1.28151
2013.03.29 00:02:08.239,1.28143,1.28151
2013.03.29 00:02:09.309,1.28143,1.28151
2013.03.29 00:02:10.380,1.28143,1.28151
2013.03.29 00:02:10.500,1.28146,1.28151
2013.03.29 00:02:10.560,1.28144,1.28151
2013.03.29 00:02:13.601,1.28149,1.28152
2013.03.29 00:02:13.788,1.28149,1.28159
2013.03.29 00:02:14.551,1.28149,1.28159
2013.03.29 00:02:14.609,1.28148,1.28153
2013.03.29 00:02:14.969,1.28143,1.28153
2013.03.29 00:02:17.580,1.28143,1.28152
2013.03.29 00:02:17.640,1.28144,1.28152
2013.03.29 00:02:20.360,1.28143,1.28152
2013.03.29 00:02:21.339,1.28142,1.28152
2013.03.29 00:02:24.090,1.28145,1.28152
2013.03.29 00:02:24.400,1.28147,1.28154
2013.03.29 00:02:28.252,1.28145,1.28153
2013.03.29 00:02:28.380,1.28144,1.28151
2013.03.29 00:02:30.210,1.28143,1.28152
2013.03.29 00:02:34.551,1.28145,1.28151
2013.03.29 00:02:37.422,1.28145,1.28151
2013.03.29 00:02:37.610,1.28144,1.28152
2013.03.29 00:02:37.979,1.28146,1.28152
2013.03.29 00:02:38.281,1.28145,1.28154
2013.03.29 00:02:38.403,1.28147,1.28154
2013.03.29 00:02:38.470,1.28147,1.28156
2013.03.29 00:02:38.651,1.28146,1.28159
2013.03.29 00:02:38.960,1.28147,1.2816
2013.03.29 00:02:41.531,1.28148,1.2816
2013.03.29 00:02:44.231,1.28151,1.28159
2013.03.29 00:02:44.589,1.28153,1.28163
2013.03.29 00:02:45.649,1.28153,1.28163
2013.03.29 00:02:46.150,1.28155,1.28163
2013.03.29 00:02:47.110,1.28155,1.28163
2013.03.29 00:02:48.209,1.28154,1.28163
2013.03.29 00:02:49.760,1.28157,1.28161
2013.03.29 00:02:49.879,1.28155,1.28162
2013.03.29 00:02:50.971,1.28156,1.28162
2013.03.29 00:02:53.390,1.28156,1.28163
2013.03.29 00:02:54.161,1.28156,1.28163
2013.03.29 00:02:55.008,1.28156,1.28162
2013.03.29 00:02:56.869,1.28157,1.28162
2013.03.29 00:02:58.089,1.28157,1.28162
2013.03.29 00:03:03.739,1.28156,1.28161
2013.03.29 00:03:04.619,1.28158,1.28161
2013.03.29 00:03:05.829,1.28157,1.28161
2013.03.29 00:03:07.122,1.28157,1.28161
2013.03.29 00:03:07.672,1.28157,1.28162
2013.03.29 00:03:08.238,1.28157,1.28162
2013.03.29 00:03:18.140,1.28157,1.28161
2013.03.29 00:03:19.401,1.28154,1.28161
2013.03.29 00:03:23.628,1.28154,1.2816
2013.03.29 00:03:29.099,1.28155,1.28161
2013.03.29 00:03:30.331,1.28155,1.28161
2013.03.29 00:03:37.139,1.28154,1.28161
2013.03.29 00:03:42.210,1.28154,1.28161
2013.03.29 00:03:55.539,1.28154,1.28162
2013.03.29 00:03:56.670,1.28152,1.28161
2013.03.29 00:03:56.790,1.28151,1.28161
2013.03.29 00:03:57.101,1.28155,1.28161
2013.03.29 00:03:57.173,1.28155,1.28162
2013.03.29 00:03:57.302,1.28155,1.28165
2013.03.29 00:03:57.369,1.28155,1.28169
2013.03.29 00:03:57.850,1.28155,1.28168
2013.03.29 00:03:58.030,1.28153,1.28167
2013.03.29 00:03:58.568,1.28152,1.28165
2013.03.29 00:03:58.949,1.28154,1.28165
2013.03.29 00:03:59.129,1.28149,1.28163
2013.03.29 00:03:59.371,1.28146,1.28162
2013.03.29 00:03:59.440,1.28146,1.28161
2013.03.29 00:03:59.982,1.28146,1.28155
2013.03.29 00:04:00.111,1.28146,1.28157
2013.03.29 00:04:00.182,1.28142,1.28157
2013.03.29 00:04:00.251,1.2815,1.28155
2013.03.29 00:04:00.610,1.28151,1.28155
2013.03.29 00:04:00.731,1.28152,1.28156
2013.03.29 00:04:00.794,1.28151,1.28159
2013.03.29 00:04:00.982,1.28151,1.28161
2013.03.29 00:04:01.529,1.28152,1.28161
2013.03.29 00:04:04.059,1.28155,1.28165
2013.03.29 00:04:04.585,1.28156,1.28165
2013.03.29 00:04:26.080,1.28156,1.28168
2013.03.29 00:04:26.626,1.28156,1.28168
2013.03.29 00:04:26.810,1.28156,1.28168
2013.03.29 00:04:30.230,1.28156,1.28167
2013.03.29 00:04:34.870,1.28156,1.28168
2013.03.29 00:04:35.554,1.28156,1.28168
2013.03.29 00:04:35.959,1.28154,1.28168
2013.03.29 00:04:36.020,1.28154,1.28162
2013.03.29 00:04:36.382,1.28156,1.28163
2013.03.29 00:04:36.452,1.28157,1.28163
2013.03.29 00:04:36.522,1.28158,1.28168
2013.03.29 00:04:36.594,1.28159,1.28168
2013.03.29 00:04:36.659,1.28161,1.28169
2013.03.29 00:04:36.839,1.28161,1.28171
2013.03.29 00:04:36.900,1.28166,1.28172
2013.03.29 00:04:37.030,1.28168,1.28175
2013.03.29 00:04:37.160,1.28168,1.2818
2013.03.29 00:04:38.819,1.28169,1.28181
2013.03.29 00:04:40.030,1.28165,1.28179
2013.03.29 00:04:40.091,1.28165,1.28175
2013.03.29 00:04:40.214,1.28165,1.28175
2013.03.29 00:04:40.282,1.28162,1.28175
2013.03.29 00:04:40.411,1.28163,1.28173
2013.03.29 00:04:40.590,1.28159,1.28176
2013.03.29 00:04:41.839,1.28158,1.28175
2013.03.29 00:04:42.769,1.28158,1.28174
2013.03.29 00:04:43.070,1.28161,1.2817
2013.03.29 00:04:43.251,1.28159,1.28171
2013.03.29 00:04:43.550,1.28157,1.28171
2013.03.29 00:04:52.191,1.2816,1.28167
2013.03.29 00:04:52.379,1.28157,1.28169
2013.03.29 00:04:52.501,1.28156,1.28168
2013.03.29 00:04:52.620,1.28155,1.28168
2013.03.29 00:04:53.599,1.28154,1.28168
2013.03.29 00:04:55.119,1.28153,1.28167
2013.03.29 00:04:55.891,1.28153,1.28166
2013.03.29 00:04:58.301,1.28152,1.28166
2013.03.29 00:05:02.233,1.28153,1.28164
2013.03.29 00:05:10.409,1.28152,1.28163
2013.03.29 00:05:10.710,1.28152,1.28161
2013.03.29 00:05:10.829,1.28149,1.28162
2013.03.29 00:05:13.733,1.28149,1.28161
2013.03.29 00:05:17.341,1.2815,1.28158
2013.03.29 00:05:18.710,1.2815,1.28157
2013.03.29 00:05:28.929,1.28148,1.28157
2013.03.29 00:05:37.159,1.28147,1.28157
2013.03.29 00:06:37.312,1.28146,1.28156
2013.03.29 00:06:39.118,1.28145,1.28155
2013.03.29 00:06:39.438,1.28145,1.28154
2013.03.29 00:06:46.728,1.28144,1.28154
2013.03.29 00:06:49.031,1.28145,1.2815
2013.03.29 00:06:49.342,1.28144,1.28153
2013.03.29 00:06:49.411,1.28146,1.28157
2013.03.29 00:06:49.593,1.28146,1.28157
2013.03.29 00:06:50.110,1.28146,1.28157
2013.03.29 00:06:50.171,1.28146,1.28152
2013.03.29 00:06:50.350,1.28142,1.2815
2013.03.29 00:07:00.609,1.28142,1.2815
2013.03.29 00:07:02.870,1.28141,1.2815
2013.03.29 00:07:08.109,1.28141,1.2815
2013.03.29 00:07:08.469,1.28141,1.2815
2013.03.29 00:07:09.589,1.28141,1.2815
2013.03.29 00:07:10.118,1.28141,1.2815
2013.03.29 00:07:10.299,1.28141,1.2815
2013.03.29 00:07:18.968,1.28142,1.28148
2013.03.29 00:07:21.450,1.28141,1.28148
2013.03.29 00:07:42.159,1.28143,1.28148
2013.03.29 00:07:47.570,1.28143,1.28148
2013.03.29 00:08:10.272,1.28142,1.28148
2013.03.29 00:08:11.804,1.28145,1.28149
2013.03.29 00:08:12.424,1.28143,1.2815
2013.03.29 00:08:27.819,1.28143,1.2815
2013.03.29 00:08:39.589,1.28144,1.2815
2013.03.29 00:08:40.150,1.28143,1.2815
2013.03.29 00:09:27.830,1.28142,1.28149
2013.03.29 00:09:33.658,1.28142,1.28148
2013.03.29 00:09:33.961,1.28141,1.28147
2013.03.29 00:09:34.079,1.28138,1.28143
2013.03.29 00:09:34.141,1.28136,1.28143
2013.03.29 00:09:34.200,1.28136,1.28141
2013.03.29 00:09:34.261,1.28135,1.28141
2013.03.29 00:09:34.440,1.28132,1.2814
2013.03.29 00:09:34.990,1.28131,1.28139
2013.03.29 00:09:40.613,1.28135,1.2814
2013.03.29 00:09:40.681,1.28135,1.28142
2013.03.29 00:09:40.859,1.28137,1.28144
2013.03.29 00:09:40.920,1.28135,1.28144
2013.03.29 00:09:41.560,1.28132,1.28144
2013.03.29 00:09:42.065,1.28132,1.28144
2013.03.29 00:09:45.362,1.28138,1.28144
2013.03.29 00:09:45.670,1.28138,1.28144
2013.03.29 00:09:45.729,1.28138,1.28144
2013.03.29 00:09:46.491,1.28134,1.28144
2013.03.29 00:09:46.619,1.28135,1.28144
2013.03.29 00:09:49.290,1.28136,1.28144
2013.03.29 00:09:49.651,1.28135,1.28144
2013.03.29 00:09:50.309,1.28133,1.28144
2013.03.29 00:10:03.109,1.28132,1.28143
2013.03.29 00:10:09.732,1.28129,1.28139
2013.03.29 00:10:20.775,1.2813,1.28138
2013.03.29 00:10:21.021,1.28129,1.28138
2013.03.29 00:10:31.238,1.28128,1.28136
2013.03.29 00:10:31.780,1.28128,1.28136
2013.03.29 00:10:38.449,1.28128,1.28136
2013.03.29 00:10:40.459,1.28128,1.28136
2013.03.29 00:10:48.489,1.28128,1.28136
2013.03.29 00:11:04.851,1.28128,1.28136
2013.03.29 00:11:06.239,1.28128,1.28136
2013.03.29 00:11:07.749,1.28128,1.28136
2013.03.29 00:11:08.461,1.28128,1.28136
2013.03.29 00:11:09.009,1.28129,1.28136
2013.03.29 00:11:31.952,1.28127,1.28134
2013.03.29 00:11:32.290,1.28126,1.28132
2013.03.29 00:11:32.469,1.28124,1.28131
2013.03.29 00:11:33.299,1.28123,1.28131
2013.03.29 00:11:35.990,1.28123,1.28132
2013.03.29 00:11:36.531,1.28124,1.28131
2013.03.29 00:11:39.719,1.28124,1.2813
2013.03.29 00:11:40.740,1.28123,1.2813
2013.03.29 00:11:42.149,1.28123,1.2813
2013.03.29 00:11:46.547,1.28123,1.2813
2013.03.29 00:11:47.599,1.28123,1.2813
2013.03.29 00:11:48.110,1.28124,1.2813
2013.03.29 00:11:57.309,1.28124,1.28131
2013.03.29 00:12:02.439,1.28124,1.28131
2013.03.29 00:12:03.011,1.28125,1.28131
2013.03.29 00:12:03.799,1.28125,1.28131
2013.03.29 00:12:03.979,1.28123,1.28131
2013.03.29 00:12:04.041,1.28123,1.2813
2013.03.29 00:12:05.921,1.28124,1.28131
2013.03.29 00:12:05.981,1.28125,1.28132
2013.03.29 00:12:06.042,1.28128,1.28131
2013.03.29 00:12:06.852,1.28129,1.28132
2013.03.29 00:12:06.923,1.28128,1.28136
2013.03.29 00:12:07.050,1.28126,1.28131
2013.03.29 00:12:08.549,1.28124,1.28131
2013.03.29 00:12:10.061,1.28124,1.28131
2013.03.29 00:12:16.280,1.28124,1.28129
2013.03.29 00:12:19.731,1.28127,1.28133
2013.03.29 00:12:19.791,1.28127,1.28134
2013.03.29 00:12:22.491,1.28129,1.28136
2013.03.29 00:12:23.000,1.28129,1.28137
2013.03.29 00:12:24.091,1.28129,1.28137
2013.03.29 00:12:24.602,1.28129,1.28137
2013.03.29 00:12:28.132,1.28127,1.28134
2013.03.29 00:12:28.252,1.28127,1.28137
2013.03.29 00:13:28.175,1.28125,1.28138
2013.03.29 00:13:28.701,1.28125,1.28138
2013.03.29 00:13:37.289,1.28126,1.28138
2013.03.29 00:13:37.469,1.28126,1.28133
2013.03.29 00:13:37.772,1.28123,1.28132
2013.03.29 00:13:46.030,1.2812,1.2813
2013.03.29 00:13:46.625,1.28124,1.28132
2013.03.29 00:13:56.459,1.28123,1.28132
2013.03.29 00:14:17.232,1.28124,1.28132
2013.03.29 00:14:19.570,1.28123,1.28133
2013.03.29 00:14:19.751,1.28121,1.28131
2013.03.29 00:14:20.051,1.28122,1.28128
2013.03.29 00:14:20.910,1.28121,1.28128
2013.03.29 00:14:23.050,1.28118,1.28124
2013.03.29 00:14:26.160,1.28119,1.28125
2013.03.29 00:14:28.889,1.28119,1.28125
2013.03.29 00:14:31.059,1.28119,1.28125
2013.03.29 00:14:31.186,1.28116,1.28123
2013.03.29 00:14:31.251,1.28115,1.28121
2013.03.29 00:14:31.431,1.28117,1.28121
2013.03.29 00:14:31.620,1.28117,1.28122
2013.03.29 00:14:32.170,1.28117,1.28124
2013.03.29 00:14:32.909,1.28117,1.28126
2013.03.29 00:14:32.969,1.28117,1.28126
2013.03.29 00:14:33.330,1.28118,1.28123
2013.03.29 00:14:33.690,1.28115,1.28122
2013.03.29 00:14:34.051,1.28116,1.28122
2013.03.29 00:14:34.171,1.28115,1.28122
2013.03.29 00:14:34.412,1.28117,1.28122
2013.03.29 00:14:34.483,1.28117,1.28123
2013.03.29 00:14:34.551,1.28117,1.28127
2013.03.29 00:14:38.741,1.28119,1.28126
2013.03.29 00:14:38.801,1.28119,1.28124
2013.03.29 00:14:48.520,1.28119,1.28124
2013.03.29 00:15:10.930,1.28119,1.28124
2013.03.29 00:15:20.320,1.2812,1.28124
2013.03.29 00:15:35.550,1.28119,1.28125
2013.03.29 00:15:38.893,1.28119,1.28125
2013.03.29 00:15:40.951,1.28119,1.28125
2013.03.29 00:16:02.010,1.2812,1.28125
2013.03.29 00:16:05.151,1.28118,1.28125
2013.03.29 00:16:14.130,1.2812,1.28125
2013.03.29 00:16:17.019,1.2812,1.28125
2013.03.29 00:16:21.689,1.2812,1.28125
2013.03.29 00:16:22.670,1.2812,1.28125
2013.03.29 00:16:22.791,1.28122,1.28125
2013.03.29 00:16:23.030,1.2812,1.28128
2013.03.29 00:16:23.519,1.28124,1.28128
2013.03.29 00:16:23.650,1.28124,1.28128
2013.03.29 00:16:23.892,1.28127,1.28132
2013.03.29 00:16:24.081,1.28127,1.28133
2013.03.29 00:16:24.380,1.28124,1.28134
2013.03.29 00:16:24.441,1.28122,1.28134
2013.03.29 00:16:25.893,1.28127,1.28134
2013.03.29 00:16:26.311,1.28132,1.28136
2013.03.29 00:16:28.258,1.28132,1.28136
2013.03.29 00:16:31.471,1.28132,1.28136
2013.03.29 00:16:33.044,1.28133,1.28136
2013.03.29 00:16:51.480,1.28132,1.28134
2013.03.29 00:16:51.604,1.28128,1.28135
2013.03.29 00:16:51.732,1.28124,1.28132
2013.03.29 00:17:11.790,1.28124,1.28131
2013.03.29 00:17:36.183,1.28127,1.28132
2013.03.29 00:17:36.370,1.28127,1.28135
2013.03.29 00:17:36.431,1.28127,1.28136
2013.03.29 00:17:36.612,1.28125,1.28133
2013.03.29 00:17:38.160,1.28127,1.28131
2013.03.29 00:17:41.141,1.28129,1.28132
2013.03.29 00:17:41.382,1.28132,1.28135
2013.03.29 00:17:42.112,1.28132,1.28142
2013.03.29 00:17:42.299,1.28132,1.28142
2013.03.29 00:17:42.697,1.28133,1.28142
2013.03.29 00:17:45.781,1.28132,1.2814
2013.03.29 00:17:46.971,1.28132,1.2814
2013.03.29 00:17:57.364,1.28132,1.2814
2013.03.29 00:18:03.222,1.28132,1.2814
2013.03.29 00:18:03.737,1.28133,1.2814
2013.03.29 00:18:04.330,1.28133,1.2814
2013.03.29 00:18:06.160,1.28133,1.2814
2013.03.29 00:18:06.721,1.2813,1.28139
2013.03.29 00:18:33.270,1.28132,1.28139
2013.03.29 00:18:38.743,1.28134,1.28139
2013.03.29 00:18:38.811,1.28135,1.28139
2013.03.29 00:18:39.120,1.28132,1.28139
2013.03.29 00:18:40.220,1.28132,1.2814
2013.03.29 00:18:48.180,1.28133,1.28138
2013.03.29 00:19:48.485,1.28132,1.2814
2013.03.29 00:19:55.851,1.28132,1.2814
2013.03.29 00:20:00.750,1.28135,1.28141
2013.03.29 00:20:01.057,1.28137,1.28141
2013.03.29 00:20:25.282,1.28138,1.28143
2013.03.29 00:20:25.355,1.28141,1.28143
2013.03.29 00:20:25.421,1.28138,1.28144
2013.03.29 00:20:25.542,1.28138,1.28145
2013.03.29 00:20:26.080,1.28139,1.28145
2013.03.29 00:20:26.740,1.2814,1.28146
2013.03.29 00:20:31.030,1.28141,1.28147
2013.03.29 00:20:31.090,1.28143,1.28148
2013.03.29 00:20:31.330,1.28144,1.2815
2013.03.29 00:20:31.832,1.28145,1.2815
2013.03.29 00:20:39.533,1.28146,1.28151
2013.03.29 00:20:39.721,1.28145,1.28153
2013.03.29 00:20:40.330,1.28145,1.28155
2013.03.29 00:20:40.858,1.28146,1.28155
2013.03.29 00:20:44.781,1.28147,1.28155
2013.03.29 00:20:49.612,1.28147,1.28156
2013.03.29 00:20:50.160,1.28148,1.28156
2013.03.29 00:20:55.440,1.28149,1.28157
2013.03.29 00:21:35.701,1.28153,1.28158
2013.03.29 00:21:35.821,1.28151,1.28161
2013.03.29 00:21:36.061,1.28152,1.28158
2013.03.29 00:21:37.317,1.28151,1.28159
2013.03.29 00:21:38.389,1.28151,1.28158
2013.03.29 00:21:46.540,1.28152,1.28161
2013.03.29 00:21:46.661,1.28153,1.2816
2013.03.29 00:21:47.366,1.28152,1.28158
2013.03.29 00:21:47.710,1.28147,1.28156
2013.03.29 00:21:49.170,1.28147,1.28154
2013.03.29 00:21:51.214,1.28147,1.28156
2013.03.29 00:21:51.700,1.28145,1.28154
2013.03.29 00:21:56.172,1.28145,1.28151
2013.03.29 00:22:02.891,1.28142,1.28151
2013.03.29 00:22:13.848,1.28142,1.28151
2013.03.29 00:22:22.331,1.28142,1.2815
2013.03.29 00:22:31.151,1.28145,1.2815
2013.03.29 00:22:33.822,1.28142,1.28151
2013.03.29 00:22:43.341,1.28142,1.28152
2013.03.29 00:22:51.680,1.28145,1.28153
2013.03.29 00:22:55.340,1.28145,1.28153
2013.03.29 00:23:01.240,1.28145,1.28154
2013.03.29 00:23:13.300,1.28144,1.28151
2013.03.29 00:23:21.330,1.28144,1.2815
2013.03.29 00:23:31.211,1.28142,1.2815
2013.03.29 00:23:40.860,1.28142,1.28153
2013.03.29 00:23:40.980,1.28142,1.28151
2013.03.29 00:23:42.331,1.28142,1.28154
2013.03.29 00:23:42.691,1.28142,1.28151
2013.03.29 00:23:43.051,1.28142,1.28155
2013.03.29 00:23:43.291,1.28142,1.28149
2013.03.29 00:23:44.392,1.28142,1.28153
2013.03.29 00:23:51.820,1.28142,1.28151
2013.03.29 00:23:52.711,1.28142,1.28152
2013.03.29 00:23:55.500,1.28142,1.28152
2013.03.29 00:23:58.040,1.28142,1.28153
2013.03.29 00:23:58.160,1.28142,1.28152
2013.03.29 00:24:00.532,1.28148,1.28152
2013.03.29 00:24:00.651,1.28148,1.28155
2013.03.29 00:24:00.711,1.2815,1.28156
2013.03.29 00:24:00.772,1.28151,1.28158
2013.03.29 00:24:00.891,1.2815,1.28156
2013.03.29 00:24:01.012,1.2815,1.28157
2013.03.29 00:24:01.262,1.28149,1.28156
2013.03.29 00:24:01.332,1.28146,1.28153
2013.03.29 00:24:02.098,1.28146,1.28153
2013.03.29 00:24:02.174,1.28143,1.28151
2013.03.29 00:24:20.730,1.28143,1.28148
2013.03.29 00:24:21.731,1.28143,1.2815
2013.03.29 00:24:22.532,1.28143,1.2815
2013.03.29 00:24:22.651,1.28143,1.28151
2013.03.29 00:24:25.241,1.28143,1.2815
2013.03.29 00:24:27.791,1.28143,1.28149
2013.03.29 00:24:28.330,1.28143,1.28149
2013.03.29 00:24:31.162,1.28143,1.28149
2013.03.29 00:24:34.012,1.28143,1.28149
2013.03.29 00:24:37.902,1.28143,1.28149
2013.03.29 00:24:39.341,1.28143,1.28149
2013.03.29 00:24:42.020,1.28142,1.28147
2013.03.29 00:24:46.040,1.28143,1.28149
2013.03.29 00:24:46.722,1.28141,1.28146
2013.03.29 00:24:46.840,1.28141,1.28144
2013.03.29 00:24:47.913,1.28141,1.28145
2013.03.29 00:24:53.861,1.28141,1.28145
2013.03.29 00:24:59.310,1.2814,1.28145
2013.03.29 00:25:04.482,1.2814,1.28144
2013.03.29 00:25:07.601,1.2814,1.28145
2013.03.29 00:25:11.230,1.2814,1.28145
2013.03.29 00:25:11.291,1.2814,1.28145
2013.03.29 00:25:31.100,1.2814,1.28145
2013.03.29 00:25:32.460,1.2814,1.28145
2013.03.29 00:25:33.011,1.2814,1.28145
2013.03.29 00:25:41.970,1.2814,1.28145
2013.03.29 00:25:45.190,1.28139,1.28145
2013.03.29 00:25:45.614,1.28137,1.28145
2013.03.29 00:25:45.682,1.28134,1.28144
2013.03.29 00:25:45.755,1.28141,1.28144
2013.03.29 00:25:45.824,1.28141,1.28145
2013.03.29 00:25:45.952,1.28141,1.28146
2013.03.29 00:25:46.013,1.28141,1.28148
2013.03.29 00:25:46.132,1.28141,1.2815
2013.03.29 00:25:46.252,1.28142,1.28149
2013.03.29 00:25:46.312,1.28137,1.28149
2013.03.29 00:25:46.372,1.28135,1.2815
2013.03.29 00:25:47.921,1.28135,1.28147
2013.03.29 00:25:48.453,1.28136,1.28147
2013.03.29 00:25:50.251,1.28138,1.28147
2013.03.29 00:25:53.182,1.28138,1.28147
2013.03.29 00:25:54.775,1.28139,1.28147
2013.03.29 00:25:54.903,1.2814,1.2815
2013.03.29 00:25:54.962,1.28144,1.28152
2013.03.29 00:25:56.862,1.28147,1.2815
2013.03.29 00:25:56.921,1.28147,1.28152
2013.03.29 00:25:57.101,1.28147,1.28154
2013.03.29 00:25:57.281,1.28149,1.28156
2013.03.29 00:25:57.581,1.28145,1.28155
2013.03.29 00:25:59.611,1.28145,1.28154
2013.03.29 00:25:59.792,1.28142,1.28154
2013.03.29 00:26:00.091,1.28143,1.28153
2013.03.29 00:26:05.851,1.28144,1.28151
2013.03.29 00:26:06.033,1.28141,1.28151
2013.03.29 00:26:06.212,1.2814,1.28151
2013.03.29 00:26:06.393,1.2814,1.28151
2013.03.29 00:26:14.282,1.28143,1.28152
2013.03.29 00:26:16.572,1.28144,1.28152
2013.03.29 00:26:19.372,1.28148,1.28152
2013.03.29 00:26:19.552,1.28147,1.28154
2013.03.29 00:26:21.021,1.28148,1.28155
2013.03.29 00:26:21.322,1.28152,1.28157
2013.03.29 00:26:21.841,1.28152,1.28157
2013.03.29 00:26:22.274,1.28149,1.28154
2013.03.29 00:26:22.583,1.28148,1.28153
2013.03.29 00:26:22.654,1.28148,1.28152
2013.03.29 00:26:23.352,1.28147,1.28151
2013.03.29 00:26:23.541,1.28144,1.28152
2013.03.29 00:26:24.440,1.28143,1.28151
2013.03.29 00:26:24.922,1.28142,1.28151
2013.03.29 00:26:25.046,1.28141,1.2815
2013.03.29 00:26:26.021,1.2814,1.2815
2013.03.29 00:26:27.590,1.2814,1.28149
2013.03.29 00:26:28.884,1.2814,1.28148
2013.03.29 00:26:29.440,1.28139,1.28147
2013.03.29 00:26:29.631,1.28139,1.28146
2013.03.29 00:26:31.301,1.28138,1.28146
2013.03.29 00:26:32.051,1.28138,1.28145
2013.03.29 00:26:32.591,1.28137,1.28144
2013.03.29 00:26:32.651,1.28137,1.28143
2013.03.29 00:26:33.242,1.28137,1.28142
2013.03.29 00:26:36.722,1.28136,1.28141
2013.03.29 00:26:40.751,1.28134,1.28141
2013.03.29 00:26:40.871,1.28132,1.28141
2013.03.29 00:26:42.051,1.28132,1.2814
2013.03.29 00:26:47.891,1.28131,1.2814
2013.03.29 00:26:47.953,1.2813,1.28139
2013.03.29 00:26:50.692,1.28127,1.28135
2013.03.29 00:26:50.993,1.2813,1.28134
2013.03.29 00:26:51.051,1.28129,1.28137
2013.03.29 00:26:51.111,1.2813,1.28137
2013.03.29 00:26:51.171,1.28132,1.28137
2013.03.29 00:26:51.932,1.28133,1.28138
2013.03.29 00:26:53.472,1.28134,1.28139
2013.03.29 00:26:53.712,1.28134,1.2814
2013.03.29 00:26:53.954,1.28133,1.28142
2013.03.29 00:26:54.082,1.28134,1.28142
2013.03.29 00:26:54.682,1.28135,1.28143
2013.03.29 00:26:54.861,1.28135,1.28145
2013.03.29 00:26:55.401,1.28138,1.28146
2013.03.29 00:26:58.641,1.28138,1.28145
2013.03.29 00:26:59.214,1.28138,1.28145
2013.03.29 00:27:00.064,1.2814,1.28145
2013.03.29 00:27:00.707,1.28141,1.28145
2013.03.29 00:27:01.191,1.28142,1.28145
2013.03.29 00:27:05.661,1.2814,1.28145
2013.03.29 00:27:06.326,1.2814,1.28145
2013.03.29 00:27:11.282,1.28141,1.28145
2013.03.29 00:27:16.032,1.28141,1.28145
2013.03.29 00:27:20.612,1.28138,1.28145
2013.03.29 00:27:21.791,1.28139,1.28148
2013.03.29 00:27:22.334,1.2814,1.28149
2013.03.29 00:27:22.521,1.28141,1.28149
2013.03.29 00:27:29.131,1.28141,1.28147
2013.03.29 00:27:29.311,1.28141,1.28147
2013.03.29 00:27:32.272,1.28141,1.28149
2013.03.29 00:27:34.181,1.28141,1.28149
2013.03.29 00:27:36.414,1.2814,1.28149
2013.03.29 00:27:40.702,1.2814,1.2815
2013.03.29 00:27:41.432,1.28141,1.2815
2013.03.29 00:27:41.671,1.2814,1.2815
2013.03.29 00:27:42.794,1.2814,1.28148
2013.03.29 00:27:47.812,1.28141,1.28148
2013.03.29 00:27:50.401,1.28141,1.28149
2013.03.29 00:27:51.313,1.2814,1.28148
2013.03.29 00:28:00.820,1.2814,1.28148
2013.03.29 00:28:02.011,1.28142,1.2815
2013.03.29 00:28:02.071,1.28143,1.2815
2013.03.29 00:28:02.131,1.28143,1.2815
2013.03.29 00:28:04.794,1.28145,1.28152
2013.03.29 00:28:05.331,1.28145,1.28152
2013.03.29 00:28:06.412,1.28147,1.28152
2013.03.29 00:28:06.771,1.28149,1.28152
2013.03.29 00:28:08.041,1.28148,1.28155
2013.03.29 00:28:08.161,1.28151,1.28158
2013.03.29 00:28:08.701,1.28151,1.28158
2013.03.29 00:28:09.040,1.2815,1.28154
2013.03.29 00:28:09.532,1.28145,1.28153
2013.03.29 00:28:09.651,1.28144,1.28152
2013.03.29 00:28:10.351,1.28144,1.28152
2013.03.29 00:28:10.949,1.28144,1.28151
2013.03.29 00:28:15.191,1.28143,1.2815
2013.03.29 00:28:20.451,1.28145,1.2815
2013.03.29 00:28:21.042,1.28143,1.2815
2013.03.29 00:28:21.164,1.28143,1.2815
2013.03.29 00:28:33.533,1.28143,1.2815
2013.03.29 00:28:34.983,1.28146,1.2815
2013.03.29 00:28:35.341,1.28147,1.28151
2013.03.29 00:28:35.702,1.28146,1.28152
2013.03.29 00:28:35.825,1.28145,1.28151
2013.03.29 00:28:35.891,1.28143,1.28151
2013.03.29 00:28:36.432,1.28142,1.28151
2013.03.29 00:28:36.611,1.28142,1.2815
2013.03.29 00:28:36.971,1.28145,1.28148
2013.03.29 00:28:37.401,1.28145,1.2815
2013.03.29 00:28:38.872,1.28145,1.2815
2013.03.29 00:28:47.113,1.28144,1.2815
2013.03.29 00:28:47.185,1.28144,1.28148
2013.03.29 00:28:47.258,1.28142,1.28149
2013.03.29 00:28:48.251,1.28139,1.28151
2013.03.29 00:28:49.762,1.28138,1.2815
2013.03.29 00:28:49.822,1.28137,1.28149
2013.03.29 00:28:50.185,1.28138,1.28147
2013.03.29 00:28:58.823,1.28138,1.28146
2013.03.29 00:28:59.183,1.28137,1.28145
2013.03.29 00:29:08.323,1.28135,1.28141
2013.03.29 00:29:10.423,1.28135,1.28141
2013.03.29 00:29:10.782,1.28133,1.28139
2013.03.29 00:29:11.353,1.28131,1.28139
2013.03.29 00:29:22.832,1.28131,1.28137
2013.03.29 00:29:23.071,1.28133,1.28139
2013.03.29 00:29:23.797,1.28133,1.28139
2013.03.29 00:29:24.326,1.28133,1.28139
2013.03.29 00:29:28.251,1.28133,1.28139
2013.03.29 00:29:40.916,1.28132,1.28137
2013.03.29 00:29:41.103,1.28131,1.28134
2013.03.29 00:29:41.612,1.28132,1.28134
2013.03.29 00:29:45.543,1.28132,1.28137
2013.03.29 00:29:45.612,1.28135,1.28138
2013.03.29 00:29:45.794,1.28135,1.28139
2013.03.29 00:29:46.102,1.28137,1.28141
2013.03.29 00:29:46.342,1.28137,1.28141
2013.03.29 00:29:46.462,1.28137,1.28141
2013.03.29 00:29:58.626,1.28138,1.28143
2013.03.29 00:30:15.273,1.28137,1.28142
2013.03.29 00:30:15.352,1.28137,1.28143
2013.03.29 00:30:15.534,1.28139,1.28146
2013.03.29 00:30:15.603,1.28144,1.28148
2013.03.29 00:30:15.792,1.28145,1.28149
2013.03.29 00:30:16.711,1.28145,1.2815
2013.03.29 00:30:21.971,1.28147,1.2815
2013.03.29 00:30:25.941,1.28145,1.28151
2013.03.29 00:30:26.183,1.28145,1.2815
2013.03.29 00:30:26.243,1.28145,1.28151
2013.03.29 00:30:26.304,1.28145,1.2815
2013.03.29 00:30:26.373,1.28145,1.28149
2013.03.29 00:30:26.492,1.28142,1.2815
2013.03.29 00:30:26.671,1.2814,1.2815
2013.03.29 00:30:26.851,1.28141,1.28148
2013.03.29 00:30:34.493,1.28143,1.28145
2013.03.29 00:30:40.825,1.28142,1.28144
2013.03.29 00:30:43.850,1.2814,1.28144
2013.03.29 00:30:56.113,1.28137,1.28141
2013.03.29 00:31:10.662,1.28135,1.2814
2013.03.29 00:31:51.012,1.28135,1.28141
2013.03.29 00:31:51.192,1.28135,1.28143
2013.03.29 00:31:51.315,1.28136,1.28144
2013.03.29 00:32:01.103,1.28137,1.28144
2013.03.29 00:32:04.573,1.28137,1.28145
2013.03.29 00:32:04.842,1.28138,1.28147
2013.03.29 00:32:23.684,1.28138,1.28144
2013.03.29 00:32:24.231,1.28138,1.28144
2013.03.29 00:32:25.381,1.2814,1.28144
2013.03.29 00:32:25.562,1.2814,1.28145
2013.03.29 00:32:26.115,1.28142,1.28145
2013.03.29 00:32:26.972,1.28142,1.28146
2013.03.29 00:32:27.042,1.2814,1.28149
2013.03.29 00:32:27.102,1.2814,1.28149
2013.03.29 00:32:27.162,1.2814,1.28147
2013.03.29 00:32:27.672,1.28138,1.28144
2013.03.29 00:32:32.962,1.28137,1.28143
2013.03.29 00:32:47.741,1.28137,1.28143
2013.03.29 00:33:04.645,1.28137,1.28142
2013.03.29 00:33:05.247,1.28136,1.28141
2013.03.29 00:33:05.843,1.28135,1.28141
2013.03.29 00:33:06.201,1.28135,1.28141
2013.03.29 00:33:06.442,1.28137,1.28141
2013.03.29 00:33:07.221,1.28136,1.28141
2013.03.29 00:33:08.478,1.28136,1.28141
2013.03.29 00:33:08.962,1.28137,1.28143
2013.03.29 00:33:09.023,1.28139,1.28143
2013.03.29 00:33:09.324,1.28142,1.28145
2013.03.29 00:33:09.882,1.28142,1.28145
2013.03.29 00:33:18.704,1.28142,1.28144
2013.03.29 00:33:19.073,1.28142,1.28144
2013.03.29 00:33:19.132,1.28137,1.28144
2013.03.29 00:33:19.672,1.28137,1.28143
2013.03.29 00:33:23.192,1.28139,1.28143
2013.03.29 00:33:23.432,1.28138,1.28145
2013.03.29 00:33:23.972,1.28139,1.28146
2013.03.29 00:33:24.033,1.2814,1.28147
2013.03.29 00:33:24.780,1.2814,1.28145
2013.03.29 00:33:24.983,1.28142,1.28148
2013.03.29 00:33:28.492,1.28142,1.28146
2013.03.29 00:33:30.086,1.28137,1.28144
2013.03.29 00:33:30.164,1.28137,1.28144
2013.03.29 00:33:35.992,1.28137,1.28141
2013.03.29 00:33:36.233,1.28141,1.28143
2013.03.29 00:33:36.353,1.2814,1.28143
2013.03.29 00:33:36.413,1.28137,1.28143
2013.03.29 00:33:36.473,1.28136,1.28143
2013.03.29 00:33:36.831,1.28137,1.28142
2013.03.29 00:33:48.951,1.28137,1.2814
2013.03.29 00:33:49.986,1.28137,1.2814
2013.03.29 00:33:52.802,1.28137,1.2814
2013.03.29 00:33:53.459,1.28137,1.2814
2013.03.29 00:33:55.662,1.28137,1.2814
2013.03.29 00:33:56.084,1.28135,1.2814
2013.03.29 00:33:56.144,1.28134,1.2814
2013.03.29 00:33:57.122,1.28137,1.28141
2013.03.29 00:33:57.302,1.28137,1.28141
2013.03.29 00:34:00.073,1.28137,1.28141
2013.03.29 00:34:00.592,1.28136,1.28141
2013.03.29 00:34:01.862,1.28136,1.28141
2013.03.29 00:34:03.127,1.28136,1.28141
2013.03.29 00:34:04.452,1.28136,1.28141
2013.03.29 00:34:05.319,1.28136,1.28141
2013.03.29 00:34:06.583,1.28136,1.28141
2013.03.29 00:34:07.114,1.28136,1.28139
2013.03.29 00:34:07.652,1.28134,1.2814
2013.03.29 00:34:08.162,1.28135,1.2814
2013.03.29 00:34:09.642,1.28135,1.2814
2013.03.29 00:34:10.132,1.28135,1.2814
2013.03.29 00:34:10.711,1.28135,1.28142
2013.03.29 00:34:12.282,1.28135,1.28142
2013.03.29 00:34:12.873,1.28135,1.28142
2013.03.29 00:34:13.381,1.28135,1.28142
2013.03.29 00:34:14.853,1.28135,1.28142
2013.03.29 00:34:15.454,1.28135,1.28142
2013.03.29 00:34:15.971,1.28135,1.28143
2013.03.29 00:34:17.321,1.28135,1.28142
2013.03.29 00:34:18.105,1.28137,1.28142
2013.03.29 00:34:19.614,1.28135,1.28142
2013.03.29 00:34:21.683,1.28135,1.28142
2013.03.29 00:34:24.313,1.28137,1.28142
2013.03.29 00:34:26.805,1.28137,1.28142
2013.03.29 00:34:28.523,1.28137,1.28142
2013.03.29 00:34:28.942,1.28138,1.28143
2013.03.29 00:34:30.752,1.28138,1.28143
2013.03.29 00:34:31.992,1.28138,1.28143
2013.03.29 00:34:37.202,1.28137,1.28141
2013.03.29 00:34:37.323,1.28136,1.28141
2013.03.29 00:34:37.922,1.28136,1.28141
2013.03.29 00:34:57.691,1.28134,1.2814
2013.03.29 00:35:00.941,1.28137,1.2814
2013.03.29 00:35:03.582,1.28134,1.2814
2013.03.29 00:35:04.041,1.28137,1.2814
2013.03.29 00:35:04.371,1.28134,1.2814
2013.03.29 00:35:04.922,1.28136,1.2814
2013.03.29 00:35:10.891,1.28136,1.2814
2013.03.29 00:35:12.002,1.28136,1.2814
2013.03.29 00:35:13.453,1.28136,1.2814
2013.03.29 00:35:18.292,1.28136,1.2814
2013.03.29 00:35:18.998,1.28136,1.28142
2013.03.29 00:35:19.193,1.28137,1.28143
2013.03.29 00:35:20.452,1.28137,1.28144
2013.03.29 00:35:21.154,1.28139,1.28143
2013.03.29 00:35:21.212,1.2814,1.28143
2013.03.29 00:35:21.934,1.2814,1.28145
2013.03.29 00:35:22.004,1.2814,1.28147
2013.03.29 00:35:22.062,1.28141,1.28148
2013.03.29 00:35:24.502,1.28145,1.2815
2013.03.29 00:35:24.742,1.28147,1.28149
2013.03.29 00:35:24.804,1.28145,1.28153
2013.03.29 00:35:24.923,1.28148,1.28154
2013.03.29 00:35:24.982,1.28146,1.28153
2013.03.29 00:35:25.102,1.28145,1.28153
2013.03.29 00:35:26.612,1.28143,1.28151
2013.03.29 00:35:28.773,1.28143,1.28152
2013.03.29 00:35:30.597,1.28146,1.28152
2013.03.29 00:35:30.784,1.28148,1.28153
2013.03.29 00:35:32.667,1.28148,1.28153
2013.03.29 00:35:36.315,1.28148,1.28153
2013.03.29 00:35:36.682,1.28146,1.28153
2013.03.29 00:35:36.743,1.28146,1.28153
2013.03.29 00:35:37.282,1.28145,1.28152
2013.03.29 00:35:37.344,1.28147,1.28152
2013.03.29 00:35:37.654,1.2815,1.28153
2013.03.29 00:35:40.572,1.28149,1.28153
2013.03.29 00:35:40.633,1.28147,1.28152
2013.03.29 00:35:40.692,1.28147,1.28152
2013.03.29 00:35:43.553,1.28148,1.28152
2013.03.29 00:35:44.092,1.28146,1.28153
2013.03.29 00:35:44.452,1.28144,1.28152
2013.03.29 00:35:44.512,1.28145,1.28151
2013.03.29 00:35:47.062,1.28145,1.28152
2013.03.29 00:35:49.123,1.28146,1.28152
2013.03.29 00:35:49.182,1.28146,1.28152
2013.03.29 00:35:53.651,1.28145,1.28153
2013.03.29 00:36:01.212,1.28146,1.28153
2013.03.29 00:36:04.197,1.28145,1.28153
2013.03.29 00:36:05.422,1.28145,1.28152
2013.03.29 00:36:06.923,1.28146,1.28153
2013.03.29 00:36:46.926,1.28147,1.28153
2013.03.29 00:36:50.872,1.28148,1.28153
2013.03.29 00:36:51.412,1.28148,1.28154
2013.03.29 00:36:53.231,1.28147,1.28154
2013.03.29 00:36:56.642,1.28147,1.28154
2013.03.29 00:37:00.652,1.28148,1.28154
2013.03.29 00:37:00.953,1.2815,1.28154
2013.03.29 00:37:01.501,1.2815,1.28157
2013.03.29 00:37:06.302,1.28149,1.28157
2013.03.29 00:37:06.843,1.28148,1.28156
2013.03.29 00:37:07.383,1.28148,1.28157
2013.03.29 00:37:07.742,1.2815,1.28158
2013.03.29 00:37:12.222,1.2815,1.28158
2013.03.29 00:37:15.704,1.28151,1.28158
2013.03.29 00:37:17.963,1.28152,1.28159
2013.03.29 00:37:18.863,1.28152,1.2816
2013.03.29 00:37:21.572,1.28151,1.28158
2013.03.29 00:37:21.881,1.28149,1.28157
2013.03.29 00:37:23.952,1.2815,1.28157
2013.03.29 00:37:24.351,1.2815,1.28157
2013.03.29 00:37:24.898,1.2815,1.28157
2013.03.29 00:37:27.764,1.28151,1.28159
2013.03.29 00:37:27.882,1.28152,1.28159
2013.03.29 00:37:28.421,1.28151,1.28156
2013.03.29 00:37:29.071,1.28151,1.28156
2013.03.29 00:37:30.032,1.2815,1.28156
2013.03.29 00:37:30.582,1.2815,1.28155
2013.03.29 00:37:31.552,1.28151,1.28156
2013.03.29 00:37:31.613,1.28155,1.28156
2013.03.29 00:37:31.733,1.28155,1.2816
2013.03.29 00:37:31.913,1.28158,1.28163
2013.03.29 00:37:31.972,1.28159,1.28164
2013.03.29 00:37:32.033,1.28156,1.28163
2013.03.29 00:37:32.093,1.28158,1.28161
2013.03.29 00:37:32.393,1.28153,1.28161
2013.03.29 00:37:33.001,1.28154,1.2816
2013.03.29 00:37:33.723,1.28154,1.2816
2013.03.29 00:37:34.062,1.28156,1.28161
2013.03.29 00:37:35.753,1.28158,1.28161
2013.03.29 00:37:37.043,1.28156,1.28161
2013.03.29 00:37:37.103,1.28154,1.2816
2013.03.29 00:37:37.163,1.28155,1.2816
2013.03.29 00:37:37.841,1.28154,1.2816
2013.03.29 00:37:41.548,1.28157,1.28161
2013.03.29 00:37:42.644,1.28157,1.2816
2013.03.29 00:37:44.852,1.28154,1.2816
2013.03.29 00:37:45.823,1.28153,1.28159
2013.03.29 00:37:46.311,1.2815,1.28157
2013.03.29 00:37:49.311,1.2815,1.28157
2013.03.29 00:37:49.373,1.2815,1.28157
2013.03.29 00:37:49.613,1.28148,1.28157
2013.03.29 00:37:52.955,1.28148,1.28154
2013.03.29 00:37:53.503,1.28149,1.28157
2013.03.29 00:37:56.302,1.28149,1.28156
2013.03.29 00:37:56.662,1.28149,1.28155
2013.03.29 00:37:56.964,1.28149,1.28154
2013.03.29 00:37:57.502,1.28147,1.28154
2013.03.29 00:38:00.034,1.28144,1.28151
2013.03.29 00:38:03.443,1.28144,1.28151
2013.03.29 00:38:04.061,1.28144,1.28151
2013.03.29 00:38:05.116,1.28143,1.28151
2013.03.29 00:38:10.804,1.28145,1.28151
2013.03.29 00:38:11.173,1.28149,1.28154
2013.03.29 00:38:12.354,1.28147,1.28153
2013.03.29 00:38:12.915,1.28145,1.28151
2013.03.29 00:38:13.462,1.28146,1.28152
2013.03.29 00:38:13.986,1.28147,1.28152
2013.03.29 00:38:14.055,1.28147,1.28152
2013.03.29 00:38:17.289,1.28148,1.28154
2013.03.29 00:38:17.892,1.2815,1.28154
2013.03.29 00:38:19.373,1.28146,1.28154
2013.03.29 00:38:20.000,1.28146,1.28153
2013.03.29 00:38:22.232,1.28147,1.28154
2013.03.29 00:38:22.718,1.28146,1.28154
2013.03.29 00:38:23.023,1.28149,1.28153
2013.03.29 00:38:23.143,1.28149,1.28154
2013.03.29 00:38:23.692,1.28149,1.28154
2013.03.29 00:38:24.233,1.28148,1.28153
2013.03.29 00:38:24.292,1.28146,1.28153
2013.03.29 00:38:24.533,1.28146,1.28152
2013.03.29 00:38:26.714,1.28146,1.28152
2013.03.29 00:38:28.270,1.28146,1.28153
2013.03.29 00:38:30.683,1.28148,1.28154
2013.03.29 00:38:31.223,1.2815,1.28157
2013.03.29 00:38:31.784,1.2815,1.28157
2013.03.29 00:38:32.333,1.28151,1.28157
2013.03.29 00:38:32.692,1.28155,1.2816
2013.03.29 00:38:32.812,1.28152,1.2816
2013.03.29 00:38:34.995,1.28153,1.28159
2013.03.29 00:38:35.062,1.28155,1.2816
2013.03.29 00:38:39.163,1.28156,1.2816
2013.03.29 00:38:40.272,1.28155,1.2816
2013.03.29 00:38:41.035,1.2815,1.28158
2013.03.29 00:38:41.353,1.28151,1.28158
2013.03.29 00:38:41.782,1.28151,1.2816
2013.03.29 00:38:42.442,1.28153,1.2816
2013.03.29 00:38:42.972,1.28153,1.2816
2013.03.29 00:38:43.032,1.28152,1.28161
2013.03.29 00:38:43.152,1.28153,1.28161
2013.03.29 00:38:43.963,1.28156,1.2816
2013.03.29 00:38:44.273,1.28152,1.2816
2013.03.29 00:38:44.453,1.28151,1.28158
2013.03.29 00:38:45.763,1.28151,1.28158
2013.03.29 00:38:50.503,1.28151,1.28158
2013.03.29 00:38:51.653,1.28153,1.28158
2013.03.29 00:38:51.775,1.28156,1.2816
2013.03.29 00:38:51.963,1.28157,1.28161
2013.03.29 00:38:52.263,1.2816,1.28165
2013.03.29 00:38:52.802,1.2816,1.28165
2013.03.29 00:38:53.313,1.28162,1.28168
2013.03.29 00:38:58.948,1.28162,1.28169
2013.03.29 00:38:59.017,1.28162,1.2817
2013.03.29 00:38:59.323,1.28163,1.2817
2013.03.29 00:39:00.593,1.28164,1.28171
2013.03.29 00:39:02.363,1.28165,1.28171
2013.03.29 00:39:09.753,1.28165,1.28172
2013.03.29 00:39:10.293,1.28165,1.28174
2013.03.29 00:39:22.613,1.28165,1.28175
2013.03.29 00:39:25.483,1.28167,1.28175
2013.03.29 00:39:25.784,1.28168,1.28177
2013.03.29 00:39:25.844,1.28168,1.28175
2013.03.29 00:39:26.144,1.28167,1.28173
2013.03.29 00:39:26.323,1.28165,1.28172
2013.03.29 00:39:26.872,1.28164,1.28172
2013.03.29 00:39:29.242,1.28164,1.28172
2013.03.29 00:39:29.792,1.28164,1.28172
2013.03.29 00:39:31.644,1.28163,1.28172
2013.03.29 00:39:32.065,1.28168,1.28172
2013.03.29 00:39:32.124,1.2817,1.28175
2013.03.29 00:39:32.243,1.28171,1.28175
2013.03.29 00:39:32.423,1.28173,1.28179
2013.03.29 00:39:32.843,1.2817,1.28178
2013.03.29 00:39:33.555,1.28167,1.28176
2013.03.29 00:39:35.892,1.28169,1.28176
2013.03.29 00:39:41.452,1.2817,1.28177
2013.03.29 00:39:44.562,1.2817,1.28177
2013.03.29 00:39:45.614,1.2817,1.28177
2013.03.29 00:39:46.893,1.28169,1.28178
2013.03.29 00:39:47.513,1.28168,1.28175
2013.03.29 00:39:47.753,1.28165,1.28173
2013.03.29 00:39:54.313,1.28166,1.28173
2013.03.29 00:39:56.032,1.28166,1.28173
2013.03.29 00:39:58.473,1.28166,1.28174
2013.03.29 00:39:58.654,1.28167,1.28175
2013.03.29 00:39:59.192,1.28167,1.28175
2013.03.29 00:40:02.473,1.28168,1.28177
2013.03.29 00:40:03.355,1.28166,1.28176
2013.03.29 00:40:03.723,1.28168,1.28177
2013.03.29 00:40:06.703,1.28168,1.28177
2013.03.29 00:40:09.195,1.28168,1.28177
2013.03.29 00:40:15.553,1.28168,1.28177
2013.03.29 00:40:25.352,1.28168,1.28177
2013.03.29 00:40:35.932,1.28168,1.28177
2013.03.29 00:40:41.154,1.28167,1.28179
2013.03.29 00:40:41.517,1.28169,1.28179
2013.03.29 00:40:41.833,1.2817,1.2818
2013.03.29 00:40:43.202,1.2817,1.2818
2013.03.29 00:40:44.883,1.28171,1.2818
2013.03.29 00:40:51.294,1.28173,1.2818
2013.03.29 00:40:51.653,1.28174,1.2818
2013.03.29 00:40:52.012,1.28173,1.28182
2013.03.29 00:40:52.572,1.28173,1.28184
2013.03.29 00:40:54.404,1.28176,1.28182
2013.03.29 00:40:54.763,1.28176,1.28184
2013.03.29 00:40:55.303,1.28177,1.2819
2013.03.29 00:40:55.363,1.2818,1.2819
2013.03.29 00:40:55.543,1.28181,1.28192
2013.03.29 00:40:55.602,1.28182,1.28192
2013.03.29 00:40:58.473,1.2818,1.28192
2013.03.29 00:41:03.742,1.28179,1.28192
2013.03.29 00:41:09.303,1.28179,1.28192
2013.03.29 00:41:09.602,1.28179,1.28192
2013.03.29 00:41:10.486,1.28179,1.28192
2013.03.29 00:41:10.852,1.28178,1.28191
2013.03.29 00:41:11.053,1.28178,1.28191
2013.03.29 00:41:12.614,1.28179,1.28192
2013.03.29 00:41:12.942,1.28179,1.2819
2013.03.29 00:41:14.672,1.28179,1.2819
2013.03.29 00:41:17.932,1.28184,1.28187
2013.03.29 00:41:18.113,1.28184,1.28189
2013.03.29 00:41:18.234,1.28183,1.28191
2013.03.29 00:41:18.295,1.28184,1.28192
2013.03.29 00:41:18.365,1.28185,1.28193
2013.03.29 00:41:18.724,1.28187,1.28193
2013.03.29 00:41:21.053,1.28187,1.28195
2013.03.29 00:41:21.994,1.28188,1.28195
2013.03.29 00:41:22.243,1.28186,1.28195
2013.03.29 00:41:22.304,1.28185,1.28191
2013.03.29 00:41:22.483,1.28185,1.28193
2013.03.29 00:41:22.544,1.2819,1.28195
2013.03.29 00:41:22.664,1.28187,1.28196
2013.03.29 00:41:22.723,1.28186,1.28195
2013.03.29 00:41:22.784,1.28183,1.28197
2013.03.29 00:41:22.844,1.28183,1.28195
2013.03.29 00:41:23.823,1.2818,1.28196
2013.03.29 00:41:23.883,1.28179,1.28195
2013.03.29 00:41:25.049,1.28182,1.2819
2013.03.29 00:41:25.130,1.28182,1.28192
2013.03.29 00:41:27.203,1.28183,1.28193
2013.03.29 00:41:28.653,1.28184,1.28193
2013.03.29 00:41:29.013,1.28186,1.28193
2013.03.29 00:41:29.373,1.28187,1.28193
2013.03.29 00:41:29.675,1.28186,1.28196
2013.03.29 00:41:29.803,1.28184,1.282
2013.03.29 00:41:29.864,1.28185,1.28201
2013.03.29 00:41:30.043,1.28187,1.282
2013.03.29 00:41:30.404,1.28188,1.282
2013.03.29 00:41:30.825,1.28191,1.28199
2013.03.29 00:41:30.893,1.28191,1.282
2013.03.29 00:41:30.953,1.28188,1.28205
2013.03.29 00:41:31.013,1.28189,1.28206
2013.03.29 00:41:31.135,1.28189,1.28207
2013.03.29 00:41:31.202,1.28191,1.28207
2013.03.29 00:41:32.352,1.28191,1.28209
2013.03.29 00:41:34.253,1.28194,1.28207
2013.03.29 00:41:35.063,1.28194,1.28208
2013.03.29 00:41:35.245,1.28194,1.28209
2013.03.29 00:41:35.304,1.28195,1.28209
2013.03.29 00:41:35.603,1.28196,1.2821
2013.03.29 00:41:35.969,1.28197,1.2821
2013.03.29 00:41:36.036,1.282,1.28208
2013.03.29 00:41:36.105,1.28201,1.28209
2013.03.29 00:41:36.165,1.28201,1.2821
2013.03.29 00:41:36.815,1.28204,1.28209
2013.03.29 00:41:36.901,1.282,1.28215
2013.03.29 00:41:37.263,1.28199,1.28217
2013.03.29 00:41:37.783,1.282,1.28218
2013.03.29 00:41:38.203,1.28202,1.28217
2013.03.29 00:41:38.506,1.28204,1.28216
2013.03.29 00:41:39.894,1.28205,1.28216
2013.03.29 00:41:39.963,1.28208,1.28214
2013.03.29 00:41:40.025,1.28208,1.28215
2013.03.29 00:41:40.148,1.2821,1.28214
2013.03.29 00:41:40.479,1.28206,1.2822
2013.03.29 00:41:40.546,1.28206,1.28222
2013.03.29 00:41:40.735,1.28208,1.28222
2013.03.29 00:41:40.856,1.28211,1.28221
2013.03.29 00:41:41.105,1.28212,1.28222
2013.03.29 00:41:41.475,1.28214,1.28227
2013.03.29 00:41:41.594,1.28216,1.28227
2013.03.29 00:41:41.716,1.28215,1.2823
2013.03.29 00:41:42.293,1.28217,1.28229
2013.03.29 00:41:43.013,1.28216,1.28231
2013.03.29 00:41:43.134,1.28217,1.28231
2013.03.29 00:41:43.623,1.28217,1.28232
2013.03.29 00:41:45.094,1.28217,1.28233
2013.03.29 00:41:45.703,1.28218,1.28234
2013.03.29 00:41:45.953,1.28219,1.28235
2013.03.29 00:41:46.194,1.28224,1.28236
2013.03.29 00:41:46.554,1.28223,1.28236
2013.03.29 00:41:47.094,1.28223,1.28234
2013.03.29 00:41:47.905,1.28222,1.28234
2013.03.29 00:41:50.264,1.28221,1.28234
2013.03.29 00:41:51.103,1.2822,1.28234
2013.03.29 00:41:53.743,1.28219,1.28232
2013.03.29 00:41:53.984,1.28217,1.28229
2013.03.29 00:41:54.535,1.28217,1.28228
2013.03.29 00:41:55.993,1.28216,1.28228
2013.03.29 00:41:56.114,1.28214,1.28224
2013.03.29 00:41:56.293,1.28211,1.28223
2013.03.29 00:41:57.404,1.2821,1.28223
2013.03.29 00:41:58.065,1.28209,1.28223
2013.03.29 00:41:59.354,1.2821,1.28221
2013.03.29 00:41:59.476,1.28207,1.28218
2013.03.29 00:41:59.544,1.28207,1.28217
2013.03.29 00:41:59.664,1.28207,1.28218
2013.03.29 00:41:59.846,1.28207,1.28217
2013.03.29 00:42:00.154,1.28204,1.28215
2013.03.29 00:42:00.664,1.28205,1.28215
2013.03.29 00:42:00.966,1.28205,1.28217
2013.03.29 00:42:01.036,1.28203,1.28217
2013.03.29 00:42:01.403,1.28203,1.28214
2013.03.29 00:42:01.714,1.28201,1.28209
2013.03.29 00:42:01.774,1.28201,1.2821
2013.03.29 00:42:01.894,1.28201,1.28211
2013.03.29 00:42:04.658,1.282,1.28213
2013.03.29 00:42:04.794,1.28203,1.28212
2013.03.29 00:42:04.918,1.28204,1.28212
2013.03.29 00:42:04.984,1.28205,1.28213
2013.03.29 00:42:05.103,1.28208,1.28211
2013.03.29 00:42:05.165,1.28205,1.28218
2013.03.29 00:42:05.855,1.28205,1.28216
2013.03.29 00:42:06.404,1.28203,1.28217
2013.03.29 00:42:06.644,1.28203,1.28217
2013.03.29 00:42:07.433,1.28205,1.28217
2013.03.29 00:42:07.914,1.28206,1.28221
2013.03.29 00:42:08.455,1.28209,1.28222
2013.03.29 00:42:08.764,1.28209,1.28224
2013.03.29 00:42:11.074,1.28208,1.28222
2013.03.29 00:42:12.270,1.2821,1.28221
2013.03.29 00:42:13.004,1.2821,1.28221
2013.03.29 00:42:13.187,1.28208,1.28219
2013.03.29 00:42:13.430,1.28208,1.28221
2013.03.29 00:42:13.613,1.28208,1.28221
2013.03.29 00:42:13.913,1.28208,1.28219
2013.03.29 00:42:14.036,1.28207,1.28219
2013.03.29 00:42:16.614,1.28206,1.28219
2013.03.29 00:42:16.674,1.28208,1.28219
2013.03.29 00:42:17.234,1.28208,1.28218
2013.03.29 00:42:19.105,1.28207,1.28218
2013.03.29 00:42:19.698,1.28207,1.28219
2013.03.29 00:42:20.475,1.28207,1.28218
2013.03.29 00:42:27.413,1.28207,1.28219
2013.03.29 00:42:27.973,1.28207,1.28218
2013.03.29 00:42:34.085,1.28205,1.28218
2013.03.29 00:42:34.273,1.28203,1.28217
2013.03.29 00:42:34.334,1.28201,1.28216
2013.03.29 00:42:34.513,1.28201,1.28214
2013.03.29 00:42:34.874,1.28204,1.28212
2013.03.29 00:42:35.610,1.28205,1.28215
2013.03.29 00:42:35.678,1.282,1.28215
2013.03.29 00:42:36.203,1.282,1.28216
2013.03.29 00:42:36.786,1.28202,1.28216
2013.03.29 00:42:36.974,1.28205,1.28219
2013.03.29 00:42:37.164,1.28205,1.2822
2013.03.29 00:42:37.463,1.28202,1.28218
2013.03.29 00:42:39.064,1.28203,1.28217
2013.03.29 00:42:40.444,1.28203,1.28217
2013.03.29 00:42:42.513,1.28203,1.28217
2013.03.29 00:42:44.181,1.28203,1.28217
2013.03.29 00:42:44.484,1.28206,1.28219
2013.03.29 00:42:47.346,1.28207,1.28219
2013.03.29 00:42:55.513,1.28207,1.28219
2013.03.29 00:42:58.007,1.28207,1.28217
2013.03.29 00:42:58.553,1.28207,1.28218
2013.03.29 00:43:08.514,1.28205,1.28219
2013.03.29 00:43:11.683,1.28207,1.28219
2013.03.29 00:43:12.034,1.28207,1.28219
2013.03.29 00:43:12.596,1.28211,1.28221
2013.03.29 00:43:12.844,1.28212,1.28223
2013.03.29 00:43:13.703,1.28212,1.28223
2013.03.29 00:43:13.763,1.2821,1.2822
2013.03.29 00:43:14.063,1.28207,1.2822
2013.03.29 00:43:14.893,1.28206,1.2822
2013.03.29 00:43:16.043,1.28207,1.2822
2013.03.29 00:43:29.180,1.28208,1.2822
2013.03.29 00:43:31.463,1.28207,1.28221
2013.03.29 00:43:46.094,1.28207,1.28221
2013.03.29 00:43:48.857,1.28209,1.28221
2013.03.29 00:43:49.405,1.28211,1.28222
2013.03.29 00:43:52.065,1.28214,1.28217
2013.03.29 00:43:52.364,1.28211,1.2822
2013.03.29 00:43:52.484,1.28211,1.28222
2013.03.29 00:43:53.725,1.28212,1.28221
2013.03.29 00:43:53.846,1.28213,1.28219
2013.03.29 00:43:53.976,1.28211,1.2822
2013.03.29 00:43:54.105,1.28209,1.28219
2013.03.29 00:43:54.165,1.2821,1.28219
2013.03.29 00:43:55.726,1.2821,1.28219
2013.03.29 00:43:55.985,1.2821,1.28218
2013.03.29 00:43:56.117,1.28207,1.28214
2013.03.29 00:43:56.424,1.28206,1.28216
2013.03.29 00:43:56.544,1.28207,1.28216
2013.03.29 00:44:01.096,1.28209,1.2822
2013.03.29 00:44:01.665,1.28209,1.2822
2013.03.29 00:44:02.174,1.28209,1.2822
2013.03.29 00:44:02.294,1.2821,1.2822
2013.03.29 00:44:02.910,1.2821,1.28222
2013.03.29 00:44:10.724,1.28208,1.28218
2013.03.29 00:44:11.089,1.28206,1.28215
2013.03.29 00:44:24.826,1.28204,1.28213
2013.03.29 00:44:24.954,1.28202,1.2821
2013.03.29 00:44:27.176,1.28204,1.28207
2013.03.29 00:44:27.354,1.28202,1.28208
2013.03.29 00:44:27.475,1.282,1.28208
2013.03.29 00:44:27.533,1.28196,1.2821
2013.03.29 00:44:27.715,1.28197,1.28208
2013.03.29 00:44:28.314,1.28195,1.28208
2013.03.29 00:44:28.493,1.28194,1.28207
2013.03.29 00:44:28.553,1.28193,1.28207
2013.03.29 00:44:28.613,1.28192,1.28206
2013.03.29 00:44:29.172,1.28191,1.28206
2013.03.29 00:44:29.733,1.28191,1.28205
2013.03.29 00:44:30.823,1.2819,1.28204
2013.03.29 00:44:32.454,1.28189,1.28203
2013.03.29 00:44:32.815,1.2819,1.28201
2013.03.29 00:44:33.184,1.2819,1.28199
2013.03.29 00:44:48.174,1.28189,1.28199
2013.03.29 00:44:48.356,1.28188,1.28199
2013.03.29 00:44:48.714,1.28189,1.28196
2013.03.29 00:44:48.974,1.28187,1.28196
2013.03.29 00:44:49.156,1.28187,1.28195
2013.03.29 00:44:49.514,1.28186,1.28195
2013.03.29 00:44:49.634,1.28184,1.28195
2013.03.29 00:44:49.994,1.28184,1.28193
2013.03.29 00:44:50.495,1.28183,1.28193
2013.03.29 00:44:54.503,1.28182,1.28193
2013.03.29 00:44:54.624,1.28181,1.28193
2013.03.29 00:44:54.746,1.28181,1.28191
2013.03.29 00:44:55.936,1.2818,1.2819
2013.03.29 00:44:56.904,1.28181,1.28188
2013.03.29 00:44:56.964,1.2818,1.28187
2013.03.29 00:45:00.485,1.28179,1.28186
2013.03.29 00:45:01.035,1.28178,1.28185
2013.03.29 00:45:01.497,1.28177,1.28184
2013.03.29 00:45:01.807,1.28172,1.28182
2013.03.29 00:45:01.994,1.28172,1.28184
2013.03.29 00:45:03.015,1.28174,1.28185
2013.03.29 00:45:03.134,1.28172,1.28185
2013.03.29 00:45:11.517,1.28176,1.28185
2013.03.29 00:45:12.444,1.28174,1.28185
2013.03.29 00:45:14.115,1.28175,1.28187
2013.03.29 00:45:14.174,1.28175,1.28187
2013.03.29 00:45:50.615,1.28178,1.28188
2013.03.29 00:45:51.034,1.28179,1.28189
2013.03.29 00:45:52.974,1.28179,1.28191
2013.03.29 00:45:54.375,1.28179,1.28191
2013.03.29 00:45:55.834,1.28179,1.2819
2013.03.29 00:45:56.074,1.28181,1.2819
2013.03.29 00:45:56.376,1.28181,1.2819
2013.03.29 00:46:01.445,1.28184,1.28189
2013.03.29 00:46:01.755,1.28186,1.28189
2013.03.29 00:46:01.825,1.28187,1.28189
2013.03.29 00:46:02.005,1.28183,1.28194
2013.03.29 00:46:04.524,1.28183,1.28195
2013.03.29 00:46:05.325,1.28184,1.28195
2013.03.29 00:46:07.894,1.28185,1.28196
2013.03.29 00:46:08.254,1.28189,1.28194
2013.03.29 00:46:08.444,1.28188,1.28196
2013.03.29 00:46:08.504,1.28187,1.28198
2013.03.29 00:46:09.184,1.28189,1.28198
2013.03.29 00:46:09.544,1.28191,1.28197
2013.03.29 00:46:09.605,1.2819,1.28199
2013.03.29 00:46:09.787,1.28191,1.28199
2013.03.29 00:46:10.293,1.2819,1.28201
2013.03.29 00:46:10.413,1.2819,1.28202
2013.03.29 00:46:13.748,1.2819,1.28203
2013.03.29 00:46:14.076,1.28194,1.28201
2013.03.29 00:46:14.324,1.28194,1.28202
2013.03.29 00:46:14.865,1.28195,1.28203
2013.03.29 00:46:19.224,1.28196,1.28204
2013.03.29 00:46:19.285,1.28197,1.28204
2013.03.29 00:46:19.930,1.28197,1.28205
2013.03.29 00:46:22.475,1.28199,1.28205
2013.03.29 00:46:22.715,1.28197,1.28208
2013.03.29 00:46:22.775,1.28201,1.28206
2013.03.29 00:46:22.897,1.28199,1.28209
2013.03.29 00:46:23.025,1.28199,1.28211
2013.03.29 00:46:23.085,1.282,1.28211
2013.03.29 00:46:23.265,1.28201,1.28211
2013.03.29 00:46:23.394,1.28202,1.28212
2013.03.29 00:46:23.635,1.28203,1.28212
2013.03.29 00:46:24.554,1.28204,1.28213
2013.03.29 00:46:25.324,1.28205,1.28213
2013.03.29 00:46:25.854,1.28205,1.28215
2013.03.29 00:46:26.094,1.28206,1.28216
2013.03.29 00:46:26.216,1.28208,1.28216
2013.03.29 00:46:26.346,1.28209,1.28216
2013.03.29 00:46:26.655,1.28209,1.28217
2013.03.29 00:46:26.955,1.28211,1.28217
2013.03.29 00:46:27.075,1.28211,1.28219
2013.03.29 00:46:27.135,1.28211,1.2822
2013.03.29 00:46:27.735,1.28211,1.28222
2013.03.29 00:46:27.854,1.28212,1.28223
2013.03.29 00:46:28.405,1.28213,1.28223
2013.03.29 00:46:30.785,1.28214,1.28224
2013.03.29 00:46:31.864,1.28216,1.28224
2013.03.29 00:46:33.724,1.28217,1.28225
2013.03.29 00:46:34.085,1.28219,1.28225
2013.03.29 00:46:34.208,1.28221,1.28224
2013.03.29 00:46:34.754,1.2822,1.28226
2013.03.29 00:46:36.514,1.2822,1.28227
2013.03.29 00:46:36.757,1.28221,1.28227
2013.03.29 00:46:36.944,1.28222,1.28227
2013.03.29 00:46:37.664,1.28222,1.28229
2013.03.29 00:46:37.845,1.28222,1.2823
2013.03.29 00:46:37.966,1.28224,1.2823
2013.03.29 00:46:38.027,1.28222,1.28232
2013.03.29 00:46:38.215,1.2822,1.28232
2013.03.29 00:46:41.115,1.28219,1.28231
2013.03.29 00:46:41.235,1.28218,1.2823
2013.03.29 00:46:41.295,1.28215,1.28227
2013.03.29 00:46:41.354,1.28215,1.28227
2013.03.29 00:46:41.894,1.28215,1.28227
2013.03.29 00:46:42.134,1.28218,1.28229
2013.03.29 00:46:54.674,1.28219,1.28229
2013.03.29 00:46:55.224,1.2822,1.28231
2013.03.29 00:47:00.014,1.28221,1.28231
2013.03.29 00:47:04.331,1.28221,1.2823
2013.03.29 00:47:07.405,1.28222,1.28231
2013.03.29 00:47:13.107,1.28222,1.28231
2013.03.29 00:47:13.664,1.28222,1.28231
2013.03.29 00:47:16.047,1.2822,1.2823
2013.03.29 00:47:16.415,1.28222,1.28231
2013.03.29 00:47:16.475,1.28223,1.28231
2013.03.29 00:47:16.795,1.28224,1.28233
2013.03.29 00:47:17.353,1.28224,1.28233
2013.03.29 00:47:18.164,1.28224,1.28232
2013.03.29 00:47:18.679,1.28223,1.28233
2013.03.29 00:47:19.174,1.28229,1.28233
2013.03.29 00:47:19.477,1.28228,1.28235
2013.03.29 00:47:19.606,1.28231,1.28239
2013.03.29 00:47:19.675,1.28229,1.28235
2013.03.29 00:47:20.037,1.28229,1.28236
2013.03.29 00:47:20.106,1.28229,1.28239
2013.03.29 00:47:21.084,1.2823,1.28239
2013.03.29 00:47:21.643,1.2823,1.2824
2013.03.29 00:47:23.058,1.28231,1.2824
2013.03.29 00:47:23.126,1.28233,1.28239
2013.03.29 00:47:23.315,1.28234,1.2824
2013.03.29 00:47:26.584,1.28235,1.28241
2013.03.29 00:47:26.764,1.28235,1.28242
2013.03.29 00:47:27.306,1.28235,1.28242
2013.03.29 00:47:27.816,1.28235,1.28243
2013.03.29 00:47:30.304,1.28235,1.28243
2013.03.29 00:47:36.004,1.28236,1.28243
2013.03.29 00:47:46.065,1.28236,1.28243
2013.03.29 00:47:46.825,1.28235,1.28245
2013.03.29 00:47:47.154,1.28234,1.28245
2013.03.29 00:47:47.694,1.28238,1.28245
2013.03.29 00:47:48.554,1.28238,1.28245
2013.03.29 00:47:53.294,1.28235,1.28243
2013.03.29 00:47:53.476,1.28235,1.28242
2013.03.29 00:47:53.615,1.28233,1.28238
2013.03.29 00:47:54.134,1.28232,1.28239
2013.03.29 00:47:55.934,1.2823,1.28237
2013.03.29 00:47:58.145,1.2823,1.28236
2013.03.29 00:47:58.845,1.2823,1.28237
2013.03.29 00:47:59.363,1.2823,1.28236
2013.03.29 00:48:00.415,1.2823,1.28238
2013.03.29 00:48:01.014,1.2823,1.28237
2013.03.29 00:48:03.026,1.2823,1.28238
2013.03.29 00:48:03.085,1.28232,1.28238
2013.03.29 00:48:03.145,1.28232,1.28241
2013.03.29 00:48:03.264,1.28232,1.28243
2013.03.29 00:48:03.566,1.28235,1.2824
2013.03.29 00:48:05.337,1.28231,1.28239
2013.03.29 00:48:05.884,1.2823,1.28238
2013.03.29 00:48:07.720,1.2823,1.28238
2013.03.29 00:48:08.514,1.2823,1.28239
2013.03.29 00:48:09.065,1.28233,1.28241
2013.03.29 00:48:09.724,1.28233,1.28241
2013.03.29 00:48:10.263,1.28231,1.28238
2013.03.29 00:48:15.514,1.2823,1.28238
2013.03.29 00:48:18.116,1.2823,1.28236
2013.03.29 00:48:22.755,1.2823,1.28236
2013.03.29 00:48:29.705,1.2823,1.28236
2013.03.29 00:48:30.064,1.28229,1.28236
2013.03.29 00:48:33.134,1.28229,1.28235
2013.03.29 00:48:44.097,1.28229,1.28234
2013.03.29 00:48:44.344,1.28226,1.28235
2013.03.29 00:48:44.525,1.28225,1.28235
2013.03.29 00:48:45.064,1.28224,1.28235
2013.03.29 00:48:45.375,1.28223,1.28234
2013.03.29 00:48:45.675,1.28223,1.28232
2013.03.29 00:48:45.856,1.28222,1.28232
2013.03.29 00:48:46.216,1.28219,1.28228
2013.03.29 00:48:46.922,1.2822,1.28228
2013.03.29 00:48:48.694,1.2822,1.28228
2013.03.29 00:48:49.164,1.28219,1.28228
2013.03.29 00:48:51.894,1.28219,1.28229
2013.03.29 00:48:51.954,1.28221,1.28229
2013.03.29 00:49:05.245,1.28221,1.28229
2013.03.29 00:49:15.205,1.28221,1.28229
2013.03.29 00:49:20.734,1.28221,1.28229
2013.03.29 00:49:21.258,1.28222,1.28228
2013.03.29 00:49:22.774,1.2822,1.28229
2013.03.29 00:49:23.294,1.28222,1.28229
2013.03.29 00:49:24.145,1.28223,1.2823
2013.03.29 00:49:24.684,1.28223,1.28231
2013.03.29 00:49:26.534,1.28222,1.28231
2013.03.29 00:49:40.866,1.28223,1.2823
2013.03.29 00:49:41.176,1.28222,1.28228
2013.03.29 00:49:41.595,1.28223,1.28228
2013.03.29 00:49:42.105,1.28223,1.28228
2013.03.29 00:49:43.814,1.28222,1.28228
2013.03.29 00:49:44.234,1.28223,1.28229
2013.03.29 00:49:45.054,1.28221,1.28229
2013.03.29 00:49:45.174,1.28226,1.28229
2013.03.29 00:49:47.764,1.28224,1.28229
2013.03.29 00:49:48.273,1.28222,1.28229
2013.03.29 00:49:49.084,1.28222,1.28229
2013.03.29 00:49:50.284,1.28223,1.28229
2013.03.29 00:49:51.954,1.28221,1.28229
2013.03.29 00:49:56.255,1.28222,1.2823
2013.03.29 00:49:56.614,1.28224,1.28229
2013.03.29 00:49:57.145,1.28225,1.2823
2013.03.29 00:50:00.434,1.28226,1.2823
2013.03.29 00:50:01.564,1.28225,1.28233
2013.03.29 00:50:02.288,1.28227,1.28232
2013.03.29 00:50:10.225,1.28228,1.28232
2013.03.29 00:50:13.067,1.28229,1.28233
2013.03.29 00:50:13.316,1.28225,1.28239
2013.03.29 00:50:14.163,1.28228,1.28238
2013.03.29 00:50:14.735,1.28229,1.28238
2013.03.29 00:50:16.124,1.2823,1.28238
2013.03.29 00:50:16.425,1.28231,1.28238
2013.03.29 00:50:16.665,1.28231,1.28239
2013.03.29 00:50:16.726,1.2823,1.28241
2013.03.29 00:50:17.284,1.28233,1.28239
2013.03.29 00:50:17.466,1.28233,1.2824
2013.03.29 00:50:18.445,1.28235,1.28239
2013.03.29 00:50:18.585,1.28232,1.28237
2013.03.29 00:50:19.874,1.2823,1.28237
2013.03.29 00:50:20.635,1.28231,1.28238
2013.03.29 00:50:20.696,1.28231,1.28238
2013.03.29 00:50:22.185,1.2823,1.28238
2013.03.29 00:50:22.688,1.2823,1.28239
2013.03.29 00:50:22.815,1.28232,1.2824
2013.03.29 00:50:23.127,1.28235,1.2824
2013.03.29 00:50:23.254,1.28235,1.2824
2013.03.29 00:50:24.124,1.28234,1.2824
2013.03.29 00:50:24.879,1.28234,1.2824
2013.03.29 00:50:25.216,1.28234,1.28241
2013.03.29 00:50:25.285,1.28238,1.28244
2013.03.29 00:50:25.406,1.28234,1.28243
2013.03.29 00:50:25.705,1.28234,1.28242
2013.03.29 00:50:26.038,1.28234,1.28242
2013.03.29 00:50:27.174,1.28234,1.28242
2013.03.29 00:50:28.545,1.28234,1.28242
2013.03.29 00:50:28.915,1.28232,1.28242
2013.03.29 00:50:29.734,1.28232,1.28242
2013.03.29 00:50:30.294,1.28233,1.28241
2013.03.29 00:50:30.834,1.28233,1.28241
2013.03.29 00:50:30.955,1.28233,1.28241
2013.03.29 00:50:31.715,1.28234,1.28241
2013.03.29 00:50:32.255,1.28234,1.28241
2013.03.29 00:50:32.435,1.28233,1.28242
2013.03.29 00:50:34.254,1.28233,1.28242
2013.03.29 00:50:36.235,1.28233,1.28241
2013.03.29 00:50:36.739,1.28233,1.2824
2013.03.29 00:50:37.958,1.28236,1.2824
2013.03.29 00:50:38.240,1.28233,1.2824
2013.03.29 00:50:38.605,1.28233,1.28241
2013.03.29 00:50:39.136,1.28233,1.28241
2013.03.29 00:50:39.216,1.28234,1.28242
2013.03.29 00:50:42.124,1.28236,1.28242
2013.03.29 00:50:43.026,1.28234,1.2824
2013.03.29 00:50:43.086,1.28231,1.28237
2013.03.29 00:50:43.324,1.28228,1.28238
2013.03.29 00:50:43.505,1.2823,1.28238
2013.03.29 00:50:44.045,1.28229,1.28239
2013.03.29 00:50:44.407,1.28229,1.28235
2013.03.29 00:50:44.714,1.28229,1.28234
2013.03.29 00:50:44.954,1.28227,1.28234
2013.03.29 00:50:46.085,1.28227,1.28234
2013.03.29 00:50:48.115,1.28227,1.28233
2013.03.29 00:50:48.235,1.28226,1.28232
2013.03.29 00:50:48.354,1.28224,1.28232
2013.03.29 00:50:48.895,1.28222,1.28233
2013.03.29 00:50:49.451,1.28223,1.28232
2013.03.29 00:50:50.369,1.28223,1.28232
2013.03.29 00:50:50.795,1.28222,1.28229
2013.03.29 00:50:50.974,1.2822,1.28229
2013.03.29 00:50:51.684,1.2822,1.28229
2013.03.29 00:50:52.174,1.28219,1.28229
2013.03.29 00:50:52.674,1.28222,1.2823
2013.03.29 00:50:52.738,1.28223,1.2823
2013.03.29 00:50:52.925,1.28222,1.2823
2013.03.29 00:50:55.244,1.28222,1.2823
2013.03.29 00:50:55.874,1.28222,1.2823
2013.03.29 00:50:56.813,1.28223,1.28231
2013.03.29 00:51:00.076,1.28224,1.28232
2013.03.29 00:51:00.254,1.28224,1.28232
2013.03.29 00:51:00.435,1.28223,1.28232
2013.03.29 00:51:01.714,1.28223,1.28232
2013.03.29 00:51:02.315,1.28223,1.28232
2013.03.29 00:51:02.497,1.28224,1.28233
2013.03.29 00:51:02.625,1.28226,1.28233
2013.03.29 00:51:03.045,1.28224,1.28233
2013.03.29 00:51:04.008,1.28224,1.28233
2013.03.29 00:51:05.176,1.28228,1.28234
2013.03.29 00:51:05.425,1.28229,1.28235
2013.03.29 00:51:08.074,1.28229,1.28236
2013.03.29 00:51:08.256,1.28228,1.28236
2013.03.29 00:51:08.574,1.28228,1.28237
2013.03.29 00:51:12.027,1.28228,1.28237
2013.03.29 00:51:12.098,1.28228,1.28238
2013.03.29 00:51:12.167,1.28232,1.28238
2013.03.29 00:51:12.525,1.28235,1.2824
2013.03.29 00:51:12.586,1.28235,1.28244
2013.03.29 00:51:12.772,1.28237,1.28246
2013.03.29 00:51:16.306,1.28239,1.28246
2013.03.29 00:51:16.545,1.28239,1.28246
2013.03.29 00:51:16.909,1.2824,1.28246
2013.03.29 00:51:17.215,1.28239,1.28248
2013.03.29 00:51:17.275,1.28239,1.2825
2013.03.29 00:51:17.793,1.28239,1.28251
2013.03.29 00:51:19.035,1.28243,1.28254
2013.03.29 00:51:20.144,1.28243,1.28254
2013.03.29 00:51:21.575,1.28243,1.2825
2013.03.29 00:51:21.695,1.28243,1.28248
2013.03.29 00:51:21.756,1.28243,1.28247
2013.03.29 00:51:22.115,1.28242,1.28247
2013.03.29 00:51:23.073,1.2824,1.28248
2013.03.29 00:51:23.794,1.28239,1.28248
2013.03.29 00:51:23.856,1.28235,1.28247
2013.03.29 00:51:23.926,1.28235,1.28248
2013.03.29 00:51:24.057,1.28236,1.28249
2013.03.29 00:51:24.605,1.28235,1.28244
2013.03.29 00:51:24.976,1.28235,1.28244
2013.03.29 00:51:25.396,1.28235,1.28245
2013.03.29 00:51:25.478,1.28235,1.28246
2013.03.29 00:51:27.025,1.28239,1.28246
2013.03.29 00:51:28.075,1.28239,1.28247
2013.03.29 00:51:28.134,1.28239,1.28247
2013.03.29 00:51:28.254,1.28239,1.28249
2013.03.29 00:51:28.314,1.28239,1.28249
2013.03.29 00:51:29.324,1.28239,1.28249
2013.03.29 00:51:30.404,1.28241,1.28249
2013.03.29 00:51:30.706,1.28243,1.28249
2013.03.29 00:51:30.826,1.28243,1.2825
2013.03.29 00:51:31.386,1.28245,1.2825
2013.03.29 00:51:32.515,1.28246,1.28251
2013.03.29 00:51:33.979,1.28246,1.28252
2013.03.29 00:51:35.486,1.28249,1.28255
2013.03.29 00:51:35.785,1.28248,1.28255
2013.03.29 00:51:36.086,1.28249,1.28259
2013.03.29 00:51:36.645,1.28249,1.28259
2013.03.29 00:51:37.454,1.28249,1.28259
2013.03.29 00:51:38.146,1.28248,1.28259
2013.03.29 00:51:43.934,1.28247,1.28258
2013.03.29 00:51:44.246,1.28245,1.28258
2013.03.29 00:51:44.305,1.28245,1.28256
2013.03.29 00:51:44.424,1.28244,1.28255
2013.03.29 00:51:45.271,1.28244,1.28255
2013.03.29 00:51:45.594,1.28244,1.28254
2013.03.29 00:51:45.955,1.28244,1.28253
2013.03.29 00:52:05.497,1.28241,1.28249
2013.03.29 00:52:05.805,1.28245,1.28247
2013.03.29 00:52:05.868,1.28243,1.28251
2013.03.29 00:52:05.936,1.28244,1.28252
2013.03.29 00:52:07.256,1.28246,1.28252
2013.03.29 00:52:07.569,1.28244,1.28249
2013.03.29 00:52:07.638,1.28242,1.28247
2013.03.29 00:52:07.766,1.28238,1.28244
2013.03.29 00:52:07.830,1.28236,1.28244
2013.03.29 00:52:07.899,1.28236,1.28244
2013.03.29 00:52:08.266,1.28235,1.28245
2013.03.29 00:52:08.606,1.28235,1.28249
2013.03.29 00:52:08.677,1.28235,1.28247
2013.03.29 00:52:08.880,1.28233,1.28244
2013.03.29 00:52:09.434,1.28233,1.28245
2013.03.29 00:52:16.720,1.28235,1.28245
2013.03.29 00:52:17.355,1.28236,1.28246
2013.03.29 00:52:21.258,1.28236,1.28247
2013.03.29 00:52:22.316,1.28237,1.28247
2013.03.29 00:52:23.625,1.28238,1.28248
2013.03.29 00:52:25.345,1.28241,1.2825
2013.03.29 00:52:27.755,1.28242,1.28249
2013.03.29 00:52:28.497,1.28242,1.28249
2013.03.29 00:52:28.745,1.28239,1.28253
2013.03.29 00:52:28.865,1.28242,1.28251
2013.03.29 00:52:28.925,1.28243,1.28251
2013.03.29 00:52:30.055,1.28244,1.28252
2013.03.29 00:52:30.797,1.28245,1.28253
2013.03.29 00:52:30.984,1.28247,1.28253
2013.03.29 00:52:32.884,1.28248,1.28254
2013.03.29 00:52:34.882,1.28246,1.28257
2013.03.29 00:52:35.255,1.28247,1.28257
2013.03.29 00:52:37.754,1.28249,1.28256
2013.03.29 00:52:38.444,1.28249,1.28258
2013.03.29 00:52:38.743,1.28248,1.2826
2013.03.29 00:52:39.103,1.28248,1.28261
2013.03.29 00:52:40.174,1.2825,1.2826
2013.03.29 00:52:40.295,1.28251,1.2826
2013.03.29 00:52:40.834,1.28252,1.2826
2013.03.29 00:52:41.314,1.28252,1.28261
2013.03.29 00:52:42.965,1.28254,1.2826
2013.03.29 00:52:43.264,1.28254,1.28261
2013.03.29 00:52:43.325,1.28255,1.28261
2013.03.29 00:52:43.444,1.28255,1.28262
2013.03.29 00:52:43.953,1.28256,1.28262
2013.03.29 00:52:44.073,1.28257,1.28262
2013.03.29 00:52:44.314,1.28258,1.28262
2013.03.29 00:52:44.855,1.28261,1.28266
2013.03.29 00:52:44.916,1.28261,1.28268
2013.03.29 00:52:44.987,1.28261,1.28268
2013.03.29 00:52:45.645,1.2826,1.28269
2013.03.29 00:52:46.234,1.2826,1.28269
2013.03.29 00:52:46.483,1.28259,1.28266
2013.03.29 00:52:49.133,1.28259,1.28265
2013.03.29 00:52:49.636,1.28259,1.28265
2013.03.29 00:52:51.014,1.28259,1.28265
2013.03.29 00:52:51.316,1.28259,1.28268
2013.03.29 00:52:53.864,1.2826,1.28269
2013.03.29 00:52:54.546,1.2826,1.28269
2013.03.29 00:52:54.604,1.2826,1.28269
2013.03.29 00:52:57.034,1.28261,1.2827
2013.03.29 00:52:57.765,1.28261,1.28269
2013.03.29 00:52:57.946,1.2826,1.28271
2013.03.29 00:53:07.177,1.2826,1.2827
2013.03.29 00:53:07.247,1.2826,1.2827
2013.03.29 00:53:07.376,1.2826,1.28269
2013.03.29 00:53:08.020,1.2826,1.28269
2013.03.29 00:53:08.694,1.28259,1.28268
2013.03.29 00:53:09.054,1.28261,1.28265
2013.03.29 00:53:10.864,1.28259,1.28265
2013.03.29 00:53:11.374,1.28258,1.28264
2013.03.29 00:53:11.565,1.28259,1.28263
2013.03.29 00:53:11.625,1.2826,1.28266
2013.03.29 00:53:11.745,1.2826,1.28268
2013.03.29 00:53:11.805,1.28258,1.28266
2013.03.29 00:53:13.274,1.28259,1.28265
2013.03.29 00:53:14.124,1.28259,1.28265
2013.03.29 00:53:15.115,1.28259,1.28266
2013.03.29 00:53:15.465,1.28259,1.28266
2013.03.29 00:53:15.526,1.2826,1.28269
2013.03.29 00:53:17.227,1.2826,1.28269
2013.03.29 00:53:18.375,1.2826,1.28269
2013.03.29 00:53:19.034,1.2826,1.2827
2013.03.29 00:53:19.565,1.2826,1.2827
2013.03.29 00:53:19.935,1.2826,1.2827
2013.03.29 00:53:24.125,1.2826,1.2827
2013.03.29 00:53:25.085,1.2826,1.2827
2013.03.29 00:53:26.155,1.2826,1.2827
2013.03.29 00:53:26.934,1.2826,1.2827
2013.03.29 00:53:26.995,1.2826,1.2827
2013.03.29 00:53:27.534,1.2826,1.28269
2013.03.29 00:53:29.125,1.2826,1.28269
2013.03.29 00:53:29.665,1.2826,1.28267
2013.03.29 00:53:30.295,1.2826,1.28269
2013.03.29 00:53:30.816,1.2826,1.28268
2013.03.29 00:53:30.996,1.2826,1.28267
2013.03.29 00:53:31.515,1.2826,1.28266
2013.03.29 00:53:32.616,1.2826,1.28267
2013.03.29 00:53:33.126,1.2826,1.28265
2013.03.29 00:53:34.175,1.2826,1.28266
2013.03.29 00:53:35.796,1.28259,1.28268
2013.03.29 00:53:36.314,1.28259,1.28268
2013.03.29 00:53:36.941,1.28259,1.28267
2013.03.29 00:53:37.384,1.2826,1.2827
2013.03.29 00:53:38.196,1.28261,1.2827
2013.03.29 00:53:38.744,1.28261,1.28269
2013.03.29 00:53:39.796,1.28261,1.28269
2013.03.29 00:53:39.929,1.28258,1.28265
2013.03.29 00:53:40.000,1.28257,1.28265
2013.03.29 00:53:40.782,1.28253,1.28264
2013.03.29 00:53:42.325,1.28253,1.28264
2013.03.29 00:53:42.567,1.28253,1.28263
2013.03.29 00:53:42.935,1.28258,1.28259
2013.03.29 00:53:43.056,1.28256,1.28263
2013.03.29 00:53:44.024,1.28256,1.28264
2013.03.29 00:53:44.096,1.28257,1.28264
2013.03.29 00:53:45.495,1.28258,1.28265
2013.03.29 00:53:45.676,1.28258,1.28266
2013.03.29 00:53:45.916,1.2826,1.28265
2013.03.29 00:53:46.097,1.2826,1.28266
2013.03.29 00:53:46.945,1.28261,1.28267
2013.03.29 00:53:47.449,1.2826,1.28269
2013.03.29 00:53:47.778,1.28261,1.2827
2013.03.29 00:53:49.497,1.28262,1.28271
2013.03.29 00:53:49.567,1.28265,1.28269
2013.03.29 00:53:49.696,1.28266,1.2827
2013.03.29 00:53:49.994,1.28265,1.28272
2013.03.29 00:53:51.465,1.28265,1.28274
2013.03.29 00:53:52.298,1.28266,1.28275
2013.03.29 00:53:57.384,1.28267,1.28275
2013.03.29 00:53:58.174,1.28268,1.28276
2013.03.29 00:53:58.714,1.28269,1.28276
2013.03.29 00:54:00.034,1.2827,1.28277
2013.03.29 00:54:01.612,1.28271,1.28277
2013.03.29 00:54:01.736,1.28269,1.28281
2013.03.29 00:54:03.135,1.28272,1.28279
2013.03.29 00:54:03.674,1.28272,1.28281
2013.03.29 00:54:04.784,1.28273,1.28282
2013.03.29 00:54:05.334,1.28274,1.28282
2013.03.29 00:54:06.404,1.28275,1.28283
2013.03.29 00:54:06.818,1.28278,1.28282
2013.03.29 00:54:07.137,1.2828,1.28287
2013.03.29 00:54:07.266,1.28281,1.28286
2013.03.29 00:54:07.326,1.28277,1.28286
2013.03.29 00:54:07.566,1.28276,1.28283
2013.03.29 00:54:07.687,1.28275,1.28284
2013.03.29 00:54:07.875,1.28274,1.28285
2013.03.29 00:54:07.946,1.28279,1.28282
2013.03.29 00:54:08.016,1.28276,1.28286
2013.03.29 00:54:08.267,1.28278,1.28286
2013.03.29 00:54:08.400,1.28279,1.28287
2013.03.29 00:54:08.466,1.28279,1.28289
2013.03.29 00:54:08.526,1.2828,1.2829
2013.03.29 00:54:08.827,1.28279,1.28292
2013.03.29 00:54:08.898,1.28284,1.28289
2013.03.29 00:54:09.028,1.28284,1.2829
2013.03.29 00:54:09.155,1.28282,1.28293
2013.03.29 00:54:09.216,1.28282,1.28295
2013.03.29 00:54:09.337,1.28281,1.28291
2013.03.29 00:54:09.408,1.2828,1.2829
2013.03.29 00:54:09.535,1.2828,1.2829
2013.03.29 00:54:09.596,1.2828,1.2829
2013.03.29 00:54:09.776,1.2828,1.2829
2013.03.29 00:54:09.843,1.28284,1.28291
2013.03.29 00:54:09.978,1.28285,1.28297
2013.03.29 00:54:10.046,1.28287,1.283
2013.03.29 00:54:10.298,1.28288,1.28301
2013.03.29 00:54:11.467,1.28292,1.28301
2013.03.29 00:54:11.536,1.28292,1.28301
2013.03.29 00:54:12.015,1.28292,1.28301
2013.03.29 00:54:12.568,1.28292,1.28303
2013.03.29 00:54:12.876,1.28292,1.28304
2013.03.29 00:54:13.797,1.28294,1.28303
2013.03.29 00:54:16.746,1.28298,1.28301
2013.03.29 00:54:16.806,1.28298,1.28302
2013.03.29 00:54:16.876,1.28297,1.28304
2013.03.29 00:54:16.935,1.28295,1.28308
2013.03.29 00:54:17.477,1.28297,1.28308
2013.03.29 00:54:17.785,1.28299,1.28307
2013.03.29 00:54:17.904,1.28299,1.28308
2013.03.29 00:54:18.207,1.28299,1.2831
2013.03.29 00:54:18.265,1.283,1.28311
2013.03.29 00:54:18.935,1.28302,1.28311
2013.03.29 00:54:19.416,1.28307,1.28313
2013.03.29 00:54:19.728,1.28308,1.28317
2013.03.29 00:54:19.797,1.28311,1.2832
2013.03.29 00:54:20.115,1.28312,1.28321
2013.03.29 00:54:20.976,1.28314,1.2832
2013.03.29 00:54:21.297,1.28314,1.28322
2013.03.29 00:54:21.428,1.28313,1.28324
2013.03.29 00:54:21.735,1.28315,1.28324
2013.03.29 00:54:22.295,1.28316,1.28325
2013.03.29 00:54:23.065,1.28316,1.28326
2013.03.29 00:54:23.547,1.28316,1.28327
2013.03.29 00:54:24.064,1.28317,1.28328
2013.03.29 00:54:25.126,1.28317,1.28329
2013.03.29 00:54:26.227,1.28319,1.28328
2013.03.29 00:54:27.165,1.28319,1.28329
2013.03.29 00:54:27.904,1.28322,1.28328
2013.03.29 00:54:28.216,1.28319,1.28332
2013.03.29 00:54:28.275,1.28322,1.28331
2013.03.29 00:54:28.396,1.28323,1.28331
2013.03.29 00:54:29.065,1.28324,1.28332
2013.03.29 00:54:29.896,1.28324,1.28334
2013.03.29 00:54:30.016,1.28326,1.28333
2013.03.29 00:54:30.075,1.28325,1.28336
2013.03.29 00:54:31.334,1.28324,1.28338
2013.03.29 00:54:31.885,1.28327,1.28336
2013.03.29 00:54:32.424,1.28328,1.28337
2013.03.29 00:54:32.544,1.2833,1.28336
2013.03.29 00:54:33.317,1.28331,1.28337
2013.03.29 00:54:33.448,1.2833,1.28339
2013.03.29 00:54:33.875,1.28329,1.28341
2013.03.29 00:54:34.135,1.28331,1.2834
2013.03.29 00:54:34.261,1.28333,1.28339
2013.03.29 00:54:34.327,1.28333,1.28341
2013.03.29 00:54:34.879,1.28334,1.28341
2013.03.29 00:54:37.475,1.28335,1.28341
2013.03.29 00:54:37.595,1.28336,1.28342
2013.03.29 00:54:37.776,1.28335,1.28344
2013.03.29 00:54:38.316,1.28336,1.28345
2013.03.29 00:54:39.036,1.28337,1.28346
2013.03.29 00:54:39.095,1.28338,1.28346
2013.03.29 00:54:39.576,1.28338,1.28347
2013.03.29 00:54:39.635,1.28338,1.28349
2013.03.29 00:54:40.355,1.28339,1.2835
2013.03.29 00:54:41.196,1.2834,1.28351
2013.03.29 00:54:41.255,1.28343,1.28349
2013.03.29 00:54:41.378,1.28346,1.28351
2013.03.29 00:54:42.218,1.28342,1.28348
2013.03.29 00:54:42.358,1.28343,1.28354
2013.03.29 00:54:42.485,1.28344,1.28356
2013.03.29 00:54:42.728,1.28344,1.28355
2013.03.29 00:54:43.035,1.28344,1.2835
2013.03.29 00:54:43.667,1.28345,1.28352
2013.03.29 00:54:44.805,1.28343,1.28352
2013.03.29 00:54:44.987,1.28344,1.28352
2013.03.29 00:54:45.466,1.28344,1.28354
2013.03.29 00:54:45.589,1.28347,1.28353
2013.03.29 00:54:45.655,1.28345,1.28357
2013.03.29 00:54:46.137,1.28346,1.28358
2013.03.29 00:54:46.807,1.28349,1.28357
2013.03.29 00:54:47.776,1.2835,1.28358
2013.03.29 00:54:48.205,1.28351,1.28358
2013.03.29 00:54:48.335,1.28349,1.28361
2013.03.29 00:54:48.456,1.28352,1.2836
2013.03.29 00:54:48.646,1.28352,1.28361
2013.03.29 00:54:49.016,1.28353,1.28361
2013.03.29 00:54:49.506,1.28354,1.28362
2013.03.29 00:54:49.567,1.28355,1.28363
2013.03.29 00:54:49.877,1.28353,1.28359
2013.03.29 00:54:51.305,1.28352,1.28361
2013.03.29 00:54:51.605,1.28351,1.28363
2013.03.29 00:54:51.668,1.28352,1.28363
2013.03.29 00:54:53.808,1.28354,1.28362
2013.03.29 00:54:54.336,1.28355,1.28363
2013.03.29 00:54:54.395,1.28356,1.28364
2013.03.29 00:54:54.946,1.28359,1.28367
2013.03.29 00:54:55.307,1.28362,1.28369
2013.03.29 00:54:56.116,1.28364,1.28371
2013.03.29 00:54:56.235,1.28367,1.28372
2013.03.29 00:54:56.475,1.28368,1.28375
2013.03.29 00:54:57.133,1.28368,1.28375
2013.03.29 00:54:57.254,1.28368,1.28375
2013.03.29 00:54:57.805,1.28368,1.28375
2013.03.29 00:54:58.835,1.28368,1.28375
2013.03.29 00:54:59.545,1.28368,1.28374
2013.03.29 00:55:00.186,1.28368,1.28375
2013.03.29 00:55:00.486,1.28364,1.28373
2013.03.29 00:55:00.668,1.28364,1.28371
2013.03.29 00:55:00.916,1.28361,1.28369
2013.03.29 00:55:01.038,1.28361,1.28368
2013.03.29 00:55:01.229,1.28361,1.28367
2013.03.29 00:55:01.356,1.28358,1.28368
2013.03.29 00:55:01.417,1.28356,1.28368
2013.03.29 00:55:01.550,1.28356,1.28367
2013.03.29 00:55:01.857,1.28357,1.28365
2013.03.29 00:55:01.926,1.28356,1.28365
2013.03.29 00:55:02.466,1.28357,1.28363
2013.03.29 00:55:02.647,1.28356,1.28363
2013.03.29 00:55:03.194,1.28355,1.28363
2013.03.29 00:55:03.434,1.28352,1.28364
2013.03.29 00:55:04.080,1.28351,1.28363
2013.03.29 00:55:04.162,1.28348,1.28365
2013.03.29 00:55:04.347,1.28347,1.28364
2013.03.29 00:55:04.598,1.28346,1.28363
2013.03.29 00:55:04.665,1.28347,1.2836
2013.03.29 00:55:04.787,1.28351,1.28358
2013.03.29 00:55:05.097,1.28349,1.28361
2013.03.29 00:55:05.586,1.2835,1.28361
2013.03.29 00:55:05.948,1.28352,1.28361
2013.03.29 00:55:06.015,1.28347,1.28365
2013.03.29 00:55:07.106,1.28346,1.28365
2013.03.29 00:55:07.707,1.28344,1.28365
2013.03.29 00:55:08.068,1.28348,1.28359
2013.03.29 00:55:08.258,1.28346,1.2836
2013.03.29 00:55:08.565,1.28344,1.2836
2013.03.29 00:55:08.976,1.28344,1.28359
2013.03.29 00:55:09.337,1.28344,1.28357
2013.03.29 00:55:10.606,1.28342,1.28357
2013.03.29 00:55:10.668,1.28341,1.28357
2013.03.29 00:55:10.796,1.28341,1.28356
2013.03.29 00:55:11.098,1.28346,1.28351
2013.03.29 00:55:11.405,1.28346,1.28355
2013.03.29 00:55:11.645,1.28346,1.28359
2013.03.29 00:55:12.056,1.28346,1.28355
2013.03.29 00:55:13.432,1.28343,1.28356
2013.03.29 00:55:13.805,1.28342,1.28356
2013.03.29 00:55:13.866,1.2834,1.28356
2013.03.29 00:55:14.345,1.28338,1.28356
2013.03.29 00:55:14.526,1.28338,1.28355
2013.03.29 00:55:14.827,1.28339,1.28353
2013.03.29 00:55:15.347,1.2834,1.2835
2013.03.29 00:55:16.396,1.28338,1.28351
2013.03.29 00:55:16.456,1.28337,1.2835
2013.03.29 00:55:16.816,1.28336,1.2835
2013.03.29 00:55:16.877,1.28335,1.2835
2013.03.29 00:55:17.378,1.28335,1.28349
2013.03.29 00:55:17.456,1.28335,1.28347
2013.03.29 00:55:18.575,1.28335,1.28346
2013.03.29 00:55:18.697,1.28334,1.28346
2013.03.29 00:55:19.066,1.28332,1.28346
2013.03.29 00:55:19.616,1.28333,1.28343
2013.03.29 00:55:19.988,1.28333,1.28343
2013.03.29 00:55:20.295,1.2833,1.2834
2013.03.29 00:55:20.356,1.2833,1.2834
2013.03.29 00:55:20.427,1.28334,1.28337
2013.03.29 00:55:20.727,1.28334,1.28338
2013.03.29 00:55:20.918,1.28333,1.2834
2013.03.29 00:55:20.986,1.28333,1.28341
2013.03.29 00:55:21.046,1.28333,1.28343
2013.03.29 00:55:21.347,1.28336,1.28341
2013.03.29 00:55:21.656,1.28336,1.28345
2013.03.29 00:55:21.776,1.28336,1.28345
2013.03.29 00:55:21.838,1.28338,1.28345
2013.03.29 00:55:22.086,1.2834,1.28348
2013.03.29 00:55:23.629,1.28343,1.2835
2013.03.29 00:55:23.815,1.2834,1.2835
2013.03.29 00:55:24.354,1.2834,1.2835
2013.03.29 00:55:24.905,1.28342,1.2835
2013.03.29 00:55:25.025,1.28339,1.2835
2013.03.29 00:55:25.276,1.28339,1.28348
2013.03.29 00:55:25.790,1.28338,1.28348
2013.03.29 00:55:25.915,1.28337,1.28346
2013.03.29 00:55:25.975,1.28337,1.28344
2013.03.29 00:55:26.276,1.28336,1.28342
2013.03.29 00:55:26.335,1.28336,1.28343
2013.03.29 00:55:26.936,1.28336,1.28345
2013.03.29 00:55:27.236,1.28338,1.28346
2013.03.29 00:55:27.775,1.28338,1.28348
2013.03.29 00:55:28.797,1.28338,1.28348
2013.03.29 00:55:29.165,1.28338,1.28345
2013.03.29 00:55:30.574,1.28338,1.28345
2013.03.29 00:55:31.127,1.28335,1.28345
2013.03.29 00:55:32.487,1.28335,1.2834
2013.03.29 00:55:33.034,1.28335,1.28341
2013.03.29 00:55:33.885,1.28334,1.28339
2013.03.29 00:55:34.006,1.2833,1.28338
2013.03.29 00:55:34.547,1.28331,1.28335
2013.03.29 00:55:35.405,1.2833,1.28335
2013.03.29 00:55:37.435,1.2833,1.28335
2013.03.29 00:55:41.067,1.2833,1.28335
2013.03.29 00:55:41.615,1.2833,1.28335
2013.03.29 00:55:42.156,1.28332,1.28338
2013.03.29 00:55:42.875,1.28332,1.2834
2013.03.29 00:55:42.994,1.28333,1.2834
2013.03.29 00:55:43.054,1.28333,1.2834
2013.03.29 00:55:45.465,1.28333,1.2834
2013.03.29 00:55:46.476,1.28333,1.2834
2013.03.29 00:55:46.595,1.28333,1.28339
2013.03.29 00:55:48.197,1.28333,1.28337
2013.03.29 00:55:48.388,1.2833,1.28335
2013.03.29 00:55:48.515,1.2833,1.28335
2013.03.29 00:55:48.826,1.28329,1.28334
2013.03.29 00:55:48.885,1.28329,1.28335
2013.03.29 00:55:48.945,1.28328,1.28333
2013.03.29 00:55:50.719,1.28327,1.28335
2013.03.29 00:55:51.326,1.28327,1.28335
2013.03.29 00:55:51.396,1.2833,1.28337
2013.03.29 00:55:51.635,1.28333,1.28338
2013.03.29 00:55:51.815,1.28335,1.2834
2013.03.29 00:55:52.526,1.28337,1.2834
2013.03.29 00:55:54.835,1.28337,1.2834
2013.03.29 00:55:55.415,1.28337,1.28341
2013.03.29 00:55:56.866,1.28338,1.28341
2013.03.29 00:56:00.327,1.28337,1.28341
2013.03.29 00:56:00.874,1.28335,1.2834
2013.03.29 00:56:00.935,1.28332,1.2834
2013.03.29 00:56:01.115,1.28329,1.28339
2013.03.29 00:56:01.175,1.28329,1.28337
2013.03.29 00:56:01.296,1.28327,1.28336
2013.03.29 00:56:03.645,1.28327,1.28336
2013.03.29 00:56:04.915,1.28332,1.28337
2013.03.29 00:56:04.987,1.28334,1.28337
2013.03.29 00:56:11.867,1.28335,1.28338
2013.03.29 00:56:11.936,1.28336,1.28338
2013.03.29 00:56:12.056,1.28336,1.2834
2013.03.29 00:56:12.536,1.28336,1.28342
2013.03.29 00:56:12.596,1.28336,1.28343
2013.03.29 00:56:12.716,1.28335,1.28345
2013.03.29 00:56:12.897,1.28336,1.28345
2013.03.29 00:56:13.482,1.28335,1.28347
2013.03.29 00:56:14.156,1.28336,1.28347
2013.03.29 00:56:14.876,1.28337,1.28347
2013.03.29 00:56:15.366,1.2834,1.28346
2013.03.29 00:56:15.545,1.28341,1.28346
2013.03.29 00:56:17.155,1.28341,1.28348
2013.03.29 00:56:19.245,1.28344,1.28351
2013.03.29 00:56:19.969,1.28342,1.28352
2013.03.29 00:56:22.405,1.28339,1.28348
2013.03.29 00:56:23.075,1.28337,1.28348
2013.03.29 00:56:23.138,1.28335,1.28346
2013.03.29 00:56:24.856,1.28336,1.28348
2013.03.29 00:56:24.975,1.28337,1.28348
2013.03.29 00:56:25.277,1.28337,1.28348
2013.03.29 00:56:25.459,1.28335,1.28346
2013.03.29 00:56:26.287,1.28334,1.28342
2013.03.29 00:56:26.347,1.28333,1.28339
2013.03.29 00:56:26.407,1.28333,1.28341
2013.03.29 00:56:26.466,1.28333,1.28342
2013.03.29 00:56:27.025,1.28333,1.28342
2013.03.29 00:56:29.624,1.28331,1.28342
2013.03.29 00:56:31.215,1.2833,1.2834
2013.03.29 00:56:31.275,1.2833,1.2834
2013.03.29 00:56:31.335,1.2833,1.28339
2013.03.29 00:56:31.459,1.28328,1.28339
2013.03.29 00:56:31.526,1.28327,1.28338
2013.03.29 00:56:31.645,1.28327,1.28335
2013.03.29 00:56:32.185,1.28327,1.28336
2013.03.29 00:56:33.445,1.28325,1.28336
2013.03.29 00:56:33.626,1.28323,1.28334
2013.03.29 00:56:34.295,1.28322,1.28334
2013.03.29 00:56:34.377,1.28321,1.28333
2013.03.29 00:56:34.958,1.28321,1.28333
2013.03.29 00:56:35.486,1.28321,1.28332
2013.03.29 00:56:38.851,1.2832,1.28331
2013.03.29 00:56:39.476,1.28316,1.28329
2013.03.29 00:56:39.815,1.28316,1.28328
2013.03.29 00:56:40.955,1.28316,1.28327
2013.03.29 00:56:41.435,1.28317,1.28327
2013.03.29 00:56:42.495,1.28318,1.28328
2013.03.29 00:56:43.185,1.28319,1.28328
2013.03.29 00:56:43.500,1.28318,1.28324
2013.03.29 00:56:44.044,1.2832,1.28326
2013.03.29 00:56:44.165,1.2832,1.28328
2013.03.29 00:56:44.705,1.28319,1.28329
2013.03.29 00:56:44.945,1.28319,1.28329
2013.03.29 00:56:45.465,1.28319,1.28329
2013.03.29 00:56:46.025,1.28319,1.28329
2013.03.29 00:56:46.446,1.28319,1.28328
2013.03.29 00:56:48.653,1.2832,1.28329
2013.03.29 00:56:48.727,1.28321,1.28329
2013.03.29 00:56:49.585,1.28321,1.28326
2013.03.29 00:56:49.886,1.28323,1.28327
2013.03.29 00:56:50.426,1.2832,1.28328
2013.03.29 00:56:51.585,1.28321,1.28329
2013.03.29 00:56:52.097,1.28321,1.28329
2013.03.29 00:56:54.285,1.2832,1.28329
2013.03.29 00:56:57.396,1.2832,1.28327
2013.03.29 00:56:57.518,1.2832,1.28324
2013.03.29 00:56:57.594,1.2832,1.28323
2013.03.29 00:56:57.846,1.2832,1.28327
2013.03.29 00:56:58.025,1.2832,1.28328
2013.03.29 00:56:59.765,1.2832,1.28328
2013.03.29 00:57:07.506,1.28319,1.28327
2013.03.29 00:57:07.625,1.28316,1.28324
2013.03.29 00:57:10.219,1.28315,1.28324
2013.03.29 00:57:10.537,1.28316,1.28322
2013.03.29 00:57:10.607,1.28316,1.2832
2013.03.29 00:57:11.036,1.28312,1.28322
2013.03.29 00:57:11.215,1.28309,1.28319
2013.03.29 00:57:12.496,1.28314,1.28319
2013.03.29 00:57:12.555,1.28314,1.28321
2013.03.29 00:57:13.084,1.28314,1.28321
2013.03.29 00:57:14.046,1.28312,1.28322
2013.03.29 00:57:14.606,1.28311,1.28322
2013.03.29 00:57:15.517,1.28311,1.28321
2013.03.29 00:57:15.637,1.28314,1.28321
2013.03.29 00:57:15.996,1.28314,1.28323
2013.03.29 00:57:16.236,1.28314,1.28323
2013.03.29 00:57:16.297,1.28314,1.28323
2013.03.29 00:57:16.365,1.28313,1.28321
2013.03.29 00:57:16.426,1.28311,1.28321
2013.03.29 00:57:16.546,1.28311,1.28319
2013.03.29 00:57:17.036,1.28311,1.2832
2013.03.29 00:57:17.156,1.28311,1.2832
2013.03.29 00:57:18.605,1.28311,1.2832
2013.03.29 00:57:18.665,1.2831,1.2832
2013.03.29 00:57:19.166,1.28311,1.2832
2013.03.29 00:57:19.908,1.28317,1.2832
2013.03.29 00:57:20.466,1.28314,1.28321
2013.03.29 00:57:20.525,1.28312,1.28321
2013.03.29 00:57:21.065,1.28312,1.28321
2013.03.29 00:57:25.836,1.28313,1.28323
2013.03.29 00:57:26.195,1.28317,1.28323
2013.03.29 00:57:31.415,1.28318,1.28323
2013.03.29 00:57:31.535,1.28317,1.28323
2013.03.29 00:57:31.598,1.28317,1.28323
2013.03.29 00:57:31.847,1.28317,1.28323
2013.03.29 00:57:36.339,1.28317,1.28325
2013.03.29 00:57:36.407,1.28323,1.28326
2013.03.29 00:57:36.478,1.28319,1.28331
2013.03.29 00:57:36.608,1.28324,1.28327
2013.03.29 00:57:36.738,1.28323,1.28329
2013.03.29 00:57:36.807,1.28324,1.2833
2013.03.29 00:57:36.939,1.28325,1.28331
2013.03.29 00:57:37.007,1.28326,1.28332
2013.03.29 00:57:40.775,1.28327,1.28333
2013.03.29 00:57:41.936,1.28328,1.28333
2013.03.29 00:57:42.496,1.28328,1.28334
2013.03.29 00:57:45.435,1.28329,1.28334
2013.03.29 00:57:46.155,1.2833,1.28334
2013.03.29 00:57:47.167,1.28331,1.28334
2013.03.29 00:57:47.696,1.28331,1.28335
2013.03.29 00:57:49.055,1.28331,1.28336
2013.03.29 00:57:49.176,1.28333,1.28339
2013.03.29 00:57:49.235,1.28333,1.28339
2013.03.29 00:57:49.356,1.28334,1.28339
2013.03.29 00:57:49.475,1.28332,1.28339
2013.03.29 00:57:49.595,1.28334,1.28339
2013.03.29 00:57:50.135,1.28334,1.28339
2013.03.29 00:57:52.485,1.28334,1.28339
2013.03.29 00:57:53.495,1.28336,1.28339
2013.03.29 00:57:54.175,1.28334,1.28339
2013.03.29 00:57:57.206,1.28336,1.28339
2013.03.29 00:57:58.406,1.28335,1.28339
2013.03.29 00:57:58.730,1.28334,1.28339
2013.03.29 00:58:03.405,1.28332,1.28339
2013.03.29 00:58:06.327,1.28333,1.28339
2013.03.29 00:58:07.087,1.28333,1.28338
2013.03.29 00:58:07.517,1.2833,1.28339
2013.03.29 00:58:07.915,1.2833,1.28339
2013.03.29 00:58:08.114,1.2833,1.28339
2013.03.29 00:58:08.344,1.2833,1.28339
2013.03.29 00:58:08.465,1.2833,1.28339
2013.03.29 00:58:09.524,1.2833,1.28339
2013.03.29 00:58:10.833,1.2833,1.28338
2013.03.29 00:58:10.956,1.28332,1.28335
2013.03.29 00:58:11.082,1.2833,1.28336
2013.03.29 00:58:11.265,1.28327,1.28338
2013.03.29 00:58:11.979,1.28327,1.28337
2013.03.29 00:58:13.026,1.28322,1.28335
2013.03.29 00:58:13.146,1.28318,1.28332
2013.03.29 00:58:13.750,1.28318,1.28331
2013.03.29 00:58:14.078,1.28319,1.28331
2013.03.29 00:58:14.205,1.28318,1.2833
2013.03.29 00:58:16.055,1.28317,1.2833
2013.03.29 00:58:23.256,1.28318,1.2833
2013.03.29 00:58:23.815,1.28318,1.2833
2013.03.29 00:58:26.547,1.28318,1.2833
2013.03.29 00:58:27.048,1.28318,1.2833
2013.03.29 00:58:27.585,1.28319,1.2833
2013.03.29 00:58:30.555,1.28317,1.2833
2013.03.29 00:58:33.156,1.28318,1.28329
2013.03.29 00:58:33.696,1.28319,1.2833
2013.03.29 00:58:34.826,1.28318,1.28329
2013.03.29 00:58:35.125,1.28317,1.28329
2013.03.29 00:58:42.146,1.28318,1.2833
2013.03.29 00:58:42.730,1.28319,1.28331
2013.03.29 00:58:47.115,1.28323,1.28333
2013.03.29 00:58:47.718,1.28322,1.28334
2013.03.29 00:58:48.567,1.28322,1.28332
2013.03.29 00:58:52.823,1.28323,1.28329
2013.03.29 00:58:54.042,1.28323,1.2833
2013.03.29 00:58:58.325,1.28323,1.28331
2013.03.29 00:58:58.835,1.28323,1.28333
2013.03.29 00:58:58.955,1.28323,1.28331
2013.03.29 00:59:01.536,1.28323,1.2833
2013.03.29 00:59:02.137,1.28324,1.28333
2013.03.29 00:59:02.746,1.28324,1.28332
2013.03.29 00:59:05.336,1.28324,1.28331
2013.03.29 00:59:05.586,1.28324,1.2833
2013.03.29 00:59:05.647,1.28324,1.2833
2013.03.29 00:59:05.968,1.28324,1.28328
2013.03.29 00:59:06.095,1.28324,1.28331
2013.03.29 00:59:07.656,1.28324,1.28331
2013.03.29 00:59:07.915,1.28324,1.2833
2013.03.29 00:59:08.456,1.28322,1.28331
2013.03.29 00:59:09.576,1.28322,1.28331
2013.03.29 00:59:11.539,1.28321,1.28333
2013.03.29 00:59:11.867,1.28321,1.2833
2013.03.29 00:59:12.175,1.28319,1.28328
2013.03.29 00:59:13.177,1.28319,1.28326
2013.03.29 00:59:13.305,1.28318,1.28326
2013.03.29 00:59:14.827,1.28317,1.28324
2013.03.29 00:59:15.197,1.28318,1.28322
2013.03.29 00:59:15.327,1.28318,1.28323
2013.03.29 00:59:15.451,1.28318,1.28326
2013.03.29 00:59:18.736,1.28317,1.28326
2013.03.29 00:59:20.075,1.28318,1.28323
2013.03.29 00:59:20.136,1.28317,1.2832
2013.03.29 00:59:20.197,1.28316,1.28319
2013.03.29 00:59:20.385,1.28315,1.28318
2013.03.29 00:59:20.686,1.28313,1.28319
2013.03.29 00:59:20.805,1.28311,1.28319
2013.03.29 00:59:20.867,1.28312,1.28319
2013.03.29 00:59:21.404,1.28311,1.28317
2013.03.29 00:59:21.905,1.28309,1.28318
2013.03.29 00:59:22.385,1.28312,1.28318
2013.03.29 00:59:23.353,1.28311,1.28318
2013.03.29 00:59:27.175,1.28309,1.28317
2013.03.29 00:59:27.725,1.2831,1.28318
2013.03.29 00:59:28.325,1.28312,1.28319
2013.03.29 00:59:28.566,1.28312,1.28319
2013.03.29 00:59:28.876,1.28316,1.2832
2013.03.29 00:59:29.626,1.28317,1.2832
2013.03.29 00:59:30.132,1.28317,1.28319
2013.03.29 00:59:30.623,1.28313,1.28319
2013.03.29 00:59:30.694,1.28315,1.28319
2013.03.29 00:59:30.947,1.28317,1.28322
2013.03.29 00:59:31.065,1.28317,1.2832
2013.03.29 00:59:31.309,1.28314,1.28321
2013.03.29 00:59:31.436,1.28315,1.28319
2013.03.29 00:59:31.616,1.28314,1.28318
2013.03.29 00:59:35.525,1.28312,1.28318
2013.03.29 00:59:37.295,1.28312,1.28316
2013.03.29 00:59:37.945,1.28309,1.28313
2013.03.29 00:59:38.484,1.28309,1.28313
2013.03.29 00:59:39.707,1.28308,1.28313
2013.03.29 00:59:39.776,1.28306,1.28311
2013.03.29 00:59:40.316,1.28306,1.2831
2013.03.29 00:59:42.845,1.28304,1.2831
2013.03.29 00:59:42.909,1.28304,1.28307
2013.03.29 00:59:42.987,1.28301,1.28305
2013.03.29 00:59:43.226,1.28301,1.28303
2013.03.29 00:59:43.466,1.28296,1.28301
2013.03.29 00:59:43.885,1.28293,1.283
2013.03.29 00:59:45.578,1.28294,1.28299
2013.03.29 00:59:45.936,1.28293,1.28299
2013.03.29 00:59:45.997,1.28296,1.28301
2013.03.29 00:59:46.505,1.28296,1.28303
2013.03.29 00:59:47.279,1.28298,1.28303
2013.03.29 00:59:47.465,1.283,1.28304
2013.03.29 00:59:48.095,1.283,1.28305
2013.03.29 00:59:48.396,1.283,1.28305
2013.03.29 00:59:48.636,1.28296,1.28304
2013.03.29 00:59:50.646,1.28296,1.283
2013.03.29 00:59:50.705,1.28293,1.28299
2013.03.29 00:59:51.546,1.28293,1.28299
2013.03.29 00:59:53.135,1.28293,1.28299
2013.03.29 00:59:59.937,1.28293,1.28299
2013.03.29 01:00:06.456,1.28293,1.28297
2013.03.29 01:00:06.695,1.28291,1.28298
2013.03.29 01:00:06.755,1.2829,1.28297
2013.03.29 01:00:08.345,1.2829,1.28296
2013.03.29 01:00:08.851,1.2829,1.28295
2013.03.29 01:00:09.978,1.28291,1.28293
2013.03.29 01:00:10.073,1.28288,1.28294
2013.03.29 01:00:10.487,1.28287,1.28293
2013.03.29 01:00:11.165,1.28286,1.28292
2013.03.29 01:00:11.475,1.28285,1.28292
2013.03.29 01:00:11.656,1.28285,1.28291
2013.03.29 01:00:12.206,1.28284,1.28291
2013.03.29 01:00:12.736,1.28283,1.2829
2013.03.29 01:00:13.416,1.28284,1.28287
2013.03.29 01:00:13.536,1.28282,1.28287
2013.03.29 01:00:13.596,1.28282,1.28286
2013.03.29 01:00:13.716,1.2828,1.28286
2013.03.29 01:00:14.284,1.28279,1.28285
2013.03.29 01:00:14.926,1.28279,1.28283
2013.03.29 01:00:15.046,1.28277,1.28283
2013.03.29 01:00:15.286,1.28276,1.28283
2013.03.29 01:00:15.465,1.28275,1.28282
2013.03.29 01:00:15.584,1.28274,1.28281
2013.03.29 01:00:16.306,1.28271,1.28279
2013.03.29 01:00:17.887,1.28271,1.2828
2013.03.29 01:00:18.006,1.28272,1.28279
2013.03.29 01:00:18.067,1.28272,1.2828
2013.03.29 01:00:18.624,1.28272,1.2828
2013.03.29 01:00:18.985,1.28272,1.2828
2013.03.29 01:00:19.466,1.28271,1.28279
2013.03.29 01:00:19.837,1.28272,1.2828
2013.03.29 01:00:20.134,1.28271,1.28279
2013.03.29 01:00:20.584,1.28272,1.2828
2013.03.29 01:00:20.765,1.28271,1.28279
2013.03.29 01:00:22.553,1.28271,1.28276
2013.03.29 01:00:22.855,1.2827,1.28275
2013.03.29 01:00:22.916,1.28269,1.28274
2013.03.29 01:00:22.975,1.28268,1.28274
2013.03.29 01:00:23.514,1.28265,1.28272
2013.03.29 01:00:23.756,1.28267,1.28272
2013.03.29 01:00:23.816,1.28267,1.28274
2013.03.29 01:00:24.705,1.28268,1.28274
2013.03.29 01:00:24.824,1.28268,1.28275
2013.03.29 01:00:25.637,1.28268,1.28275
2013.03.29 01:00:25.713,1.28265,1.28271
2013.03.29 01:00:26.265,1.28263,1.28271
2013.03.29 01:00:26.785,1.28262,1.28271
2013.03.29 01:00:31.767,1.2826,1.28266
2013.03.29 01:00:31.885,1.2826,1.28266
2013.03.29 01:00:32.124,1.28259,1.28265
2013.03.29 01:00:32.556,1.28259,1.28265
2013.03.29 01:00:32.795,1.28261,1.28269
2013.03.29 01:00:35.176,1.28267,1.2827
2013.03.29 01:00:35.366,1.28267,1.28272
2013.03.29 01:00:35.425,1.28266,1.28274
2013.03.29 01:00:35.607,1.2827,1.28277
2013.03.29 01:00:35.677,1.2827,1.28275
2013.03.29 01:00:36.215,1.2827,1.28278
2013.03.29 01:00:36.919,1.2827,1.28278
2013.03.29 01:00:37.165,1.2827,1.28279
2013.03.29 01:00:38.087,1.2827,1.28279
2013.03.29 01:00:39.595,1.2827,1.28278
2013.03.29 01:00:40.725,1.2827,1.28279
2013.03.29 01:00:42.025,1.2827,1.28278
2013.03.29 01:00:42.545,1.28271,1.28278
2013.03.29 01:00:43.525,1.28274,1.2828
2013.03.29 01:00:43.585,1.28274,1.28281
2013.03.29 01:00:43.765,1.28276,1.28281
2013.03.29 01:00:44.576,1.28275,1.28281
2013.03.29 01:00:44.886,1.28277,1.28281
2013.03.29 01:00:47.205,1.28274,1.28281
2013.03.29 01:00:47.265,1.28277,1.28281
2013.03.29 01:00:49.707,1.28279,1.28281
2013.03.29 01:00:49.777,1.28279,1.28284
2013.03.29 01:00:49.895,1.28281,1.28286
2013.03.29 01:00:53.717,1.28281,1.28289
2013.03.29 01:00:54.498,1.28279,1.28286
2013.03.29 01:00:56.916,1.28278,1.28286
2013.03.29 01:00:59.937,1.28278,1.28285
2013.03.29 01:01:02.777,1.28276,1.28281
2013.03.29 01:01:02.846,1.28275,1.2828
2013.03.29 01:01:02.906,1.28274,1.2828
2013.03.29 01:01:03.025,1.28273,1.2828
2013.03.29 01:01:03.729,1.28272,1.2828
2013.03.29 01:01:05.385,1.28272,1.2828
2013.03.29 01:01:05.446,1.28272,1.28275
2013.03.29 01:01:05.747,1.2827,1.28275
2013.03.29 01:01:06.195,1.2827,1.28278
2013.03.29 01:01:06.557,1.28272,1.28279
2013.03.29 01:01:06.616,1.28277,1.28279
2013.03.29 01:01:06.736,1.28277,1.28284
2013.03.29 01:01:12.066,1.2828,1.28287
2013.03.29 01:01:12.125,1.2828,1.28287
2013.03.29 01:01:12.425,1.28282,1.28289
2013.03.29 01:01:17.385,1.2828,1.28288
2013.03.29 01:01:17.446,1.28282,1.28288
2013.03.29 01:01:18.805,1.28281,1.28288
2013.03.29 01:01:19.449,1.2828,1.28287
2013.03.29 01:01:20.206,1.2828,1.28284
2013.03.29 01:01:20.755,1.28278,1.28282
2013.03.29 01:01:28.055,1.28277,1.28284
2013.03.29 01:01:28.119,1.2828,1.28288
2013.03.29 01:01:29.645,1.2828,1.28288
2013.03.29 01:01:30.857,1.28279,1.28287
2013.03.29 01:01:31.405,1.2828,1.28286
2013.03.29 01:01:31.957,1.28279,1.28286
2013.03.29 01:01:49.236,1.28278,1.28284
2013.03.29 01:01:49.357,1.2828,1.28282
2013.03.29 01:01:55.065,1.28281,1.28287
2013.03.29 01:01:55.186,1.28282,1.28288
2013.03.29 01:01:57.436,1.28279,1.28287
2013.03.29 01:01:59.385,1.28279,1.28286
2013.03.29 01:02:00.857,1.28278,1.28282
2013.03.29 01:02:01.035,1.28275,1.28281
2013.03.29 01:02:01.396,1.28272,1.28279
2013.03.29 01:02:01.755,1.28272,1.2828
2013.03.29 01:02:02.315,1.28272,1.28279
2013.03.29 01:02:03.348,1.28272,1.28279
2013.03.29 01:02:03.656,1.2827,1.28277
2013.03.29 01:02:03.895,1.2827,1.28277
2013.03.29 01:02:04.605,1.2827,1.28277
2013.03.29 01:02:04.907,1.2827,1.28272
2013.03.29 01:02:05.520,1.2827,1.28277
2013.03.29 01:02:05.876,1.28271,1.28277
2013.03.29 01:02:08.586,1.28271,1.28277
2013.03.29 01:02:20.066,1.28269,1.28277
2013.03.29 01:02:20.126,1.28269,1.28277
2013.03.29 01:02:20.247,1.28269,1.28277
2013.03.29 01:02:29.367,1.28271,1.28273
2013.03.29 01:02:29.736,1.28269,1.28273
2013.03.29 01:02:29.797,1.28266,1.2827
2013.03.29 01:02:29.857,1.28264,1.28269
2013.03.29 01:02:30.036,1.28265,1.28271
2013.03.29 01:02:30.547,1.28265,1.28272
2013.03.29 01:02:31.195,1.28265,1.28272
2013.03.29 01:02:33.036,1.28265,1.28272
2013.03.29 01:02:33.906,1.28265,1.28272
2013.03.29 01:02:34.435,1.28264,1.2827
2013.03.29 01:02:36.216,1.28263,1.28269
2013.03.29 01:02:36.575,1.28262,1.28265
2013.03.29 01:02:37.136,1.28261,1.28266
2013.03.29 01:02:37.316,1.2826,1.28268
2013.03.29 01:02:37.377,1.28261,1.28268
2013.03.29 01:02:38.175,1.28261,1.28269
2013.03.29 01:02:38.726,1.2826,1.28271
2013.03.29 01:02:39.287,1.28261,1.28271
2013.03.29 01:02:40.021,1.28263,1.28271
2013.03.29 01:02:40.088,1.28264,1.28272
2013.03.29 01:02:40.216,1.28264,1.28273
2013.03.29 01:02:44.676,1.28266,1.28272
2013.03.29 01:02:44.797,1.28266,1.28273
2013.03.29 01:02:47.474,1.28268,1.28276
2013.03.29 01:02:48.015,1.28268,1.28277
2013.03.29 01:02:48.135,1.28269,1.28278
2013.03.29 01:02:49.378,1.28269,1.2828
2013.03.29 01:02:49.508,1.28271,1.28281
2013.03.29 01:02:49.577,1.28271,1.28283
2013.03.29 01:02:49.698,1.28275,1.28285
2013.03.29 01:02:49.947,1.28276,1.28287
2013.03.29 01:02:50.367,1.28277,1.2829
2013.03.29 01:02:51.506,1.28277,1.28286
2013.03.29 01:02:51.807,1.28276,1.28285
2013.03.29 01:02:52.165,1.28276,1.28283
2013.03.29 01:02:53.768,1.28275,1.28282
2013.03.29 01:02:53.898,1.28274,1.28281
2013.03.29 01:02:54.445,1.28271,1.28278
2013.03.29 01:02:58.926,1.28272,1.2828
2013.03.29 01:02:59.106,1.2827,1.28278
2013.03.29 01:03:02.427,1.28272,1.2828
2013.03.29 01:03:03.227,1.28272,1.2828
2013.03.29 01:03:03.407,1.28272,1.28283
2013.03.29 01:03:03.706,1.28272,1.28284
2013.03.29 01:03:04.259,1.28274,1.28283
2013.03.29 01:03:04.685,1.28272,1.28283
2013.03.29 01:03:06.316,1.28272,1.28283
2013.03.29 01:03:09.637,1.28272,1.28281
2013.03.29 01:03:09.997,1.28272,1.28279
2013.03.29 01:03:46.634,1.28272,1.28278
2013.03.29 01:04:05.016,1.28272,1.28278
2013.03.29 01:04:05.256,1.2827,1.28277
2013.03.29 01:04:05.806,1.28269,1.28275
2013.03.29 01:04:13.319,1.28272,1.28275
2013.03.29 01:04:14.011,1.28272,1.28278
2013.03.29 01:04:28.437,1.28274,1.28277
2013.03.29 01:04:31.135,1.28274,1.28279
2013.03.29 01:04:35.306,1.28275,1.28279
2013.03.29 01:04:36.486,1.28275,1.28277
2013.03.29 01:04:36.606,1.28273,1.28277
2013.03.29 01:04:37.026,1.28275,1.28278
2013.03.29 01:04:39.025,1.28275,1.28279
2013.03.29 01:04:40.046,1.28275,1.28279
2013.03.29 01:04:40.585,1.28274,1.28279
2013.03.29 01:04:41.005,1.28274,1.28278
2013.03.29 01:04:49.466,1.28274,1.28278
2013.03.29 01:04:50.105,1.28272,1.28278
2013.03.29 01:04:50.918,1.28273,1.28278
2013.03.29 01:04:55.096,1.28273,1.28279
2013.03.29 01:05:05.035,1.28272,1.28279
2013.03.29 01:05:14.328,1.28273,1.28279
2013.03.29 01:05:14.879,1.28273,1.28275
2013.03.29 01:05:23.036,1.28274,1.28275
2013.03.29 01:05:23.559,1.28273,1.28275
2013.03.29 01:05:24.846,1.28274,1.28275
2013.03.29 01:05:30.497,1.28274,1.28276
2013.03.29 01:05:30.857,1.28274,1.28276
2013.03.29 01:05:31.406,1.28276,1.28278
2013.03.29 01:05:31.527,1.28275,1.28278
2013.03.29 01:05:31.598,1.28278,1.28282
2013.03.29 01:05:31.668,1.28278,1.28282
2013.03.29 01:05:32.206,1.28279,1.28283
2013.03.29 01:05:37.456,1.28279,1.28283
2013.03.29 01:05:38.017,1.28278,1.28283
2013.03.29 01:05:54.636,1.28278,1.28283
2013.03.29 01:05:54.759,1.28277,1.28283
2013.03.29 01:05:54.829,1.28279,1.28282
2013.03.29 01:05:55.076,1.28278,1.28284
2013.03.29 01:05:55.338,1.28275,1.28288
2013.03.29 01:05:58.701,1.28276,1.28288
2013.03.29 01:06:02.117,1.28277,1.28289
2013.03.29 01:06:10.489,1.28277,1.2829
2013.03.29 01:06:11.036,1.28278,1.28291
2013.03.29 01:06:11.838,1.28279,1.28291
2013.03.29 01:06:12.076,1.28283,1.28294
2013.03.29 01:06:12.618,1.28284,1.28293
2013.03.29 01:06:12.976,1.28283,1.28288
2013.03.29 01:06:17.583,1.28288,1.2829
2013.03.29 01:06:22.425,1.28289,1.2829
2013.03.29 01:06:23.976,1.28287,1.28291
2013.03.29 01:06:24.216,1.28284,1.2829
2013.03.29 01:06:24.396,1.28283,1.28287
2013.03.29 01:06:29.566,1.28283,1.28287
2013.03.29 01:06:29.806,1.28282,1.28293
2013.03.29 01:06:29.926,1.28282,1.28293
2013.03.29 01:06:30.287,1.28283,1.28293
2013.03.29 01:06:30.617,1.28287,1.28291
2013.03.29 01:06:30.676,1.28291,1.28294
2013.03.29 01:06:31.187,1.28286,1.28293
2013.03.29 01:06:31.246,1.28285,1.28293
2013.03.29 01:06:31.786,1.28282,1.2829
2013.03.29 01:06:31.967,1.28279,1.28288
2013.03.29 01:06:32.206,1.28279,1.28288
2013.03.29 01:06:32.506,1.2828,1.28289
2013.03.29 01:06:33.108,1.2828,1.28287
2013.03.29 01:06:33.168,1.28279,1.28287
2013.03.29 01:06:33.742,1.28277,1.28286
2013.03.29 01:06:34.615,1.28277,1.28289
2013.03.29 01:06:39.637,1.28279,1.28287
2013.03.29 01:06:53.917,1.28277,1.28286
2013.03.29 01:06:54.156,1.28279,1.28289
2013.03.29 01:06:54.216,1.28279,1.2829
2013.03.29 01:06:59.742,1.28279,1.28288
2013.03.29 01:07:00.236,1.28278,1.28288
2013.03.29 01:07:00.794,1.28278,1.28286
2013.03.29 01:07:01.517,1.28276,1.28284
2013.03.29 01:07:01.818,1.28279,1.28284
2013.03.29 01:07:02.007,1.2828,1.28289
2013.03.29 01:07:02.186,1.2828,1.2829
2013.03.29 01:07:02.307,1.2828,1.2829
2013.03.29 01:07:06.506,1.28281,1.28291
2013.03.29 01:07:06.776,1.2828,1.2829
2013.03.29 01:07:08.777,1.2828,1.28287
2013.03.29 01:07:09.136,1.28277,1.28285
2013.03.29 01:07:10.828,1.28281,1.28285
2013.03.29 01:07:11.399,1.2828,1.28289
2013.03.29 01:07:15.096,1.2828,1.28287
2013.03.29 01:07:19.757,1.2828,1.28285
2013.03.29 01:07:39.008,1.28281,1.28287
2013.03.29 01:07:40.047,1.2828,1.28287
2013.03.29 01:07:41.258,1.2828,1.28283
2013.03.29 01:07:41.378,1.2828,1.28288
2013.03.29 01:07:41.442,1.28281,1.28289
2013.03.29 01:07:42.496,1.2828,1.28289
2013.03.29 01:07:44.136,1.2828,1.28287
2013.03.29 01:07:44.196,1.2828,1.28287
2013.03.29 01:07:45.238,1.2828,1.28287
2013.03.29 01:07:45.358,1.28281,1.28286
2013.03.29 01:07:45.478,1.2828,1.28286
2013.03.29 01:07:45.538,1.28279,1.28282
2013.03.29 01:07:45.667,1.28276,1.28287
2013.03.29 01:07:45.848,1.28277,1.28286
2013.03.29 01:07:46.410,1.2828,1.28289
2013.03.29 01:07:48.820,1.2828,1.28285
2013.03.29 01:07:53.857,1.2828,1.28285
2013.03.29 01:07:54.599,1.2828,1.28282
2013.03.29 01:07:54.908,1.2828,1.28288
2013.03.29 01:07:54.977,1.28281,1.28291
2013.03.29 01:07:55.737,1.28281,1.2829
2013.03.29 01:07:56.538,1.28281,1.2829
2013.03.29 01:07:56.847,1.28279,1.28288
2013.03.29 01:07:57.087,1.28274,1.28288
2013.03.29 01:07:58.577,1.28274,1.28285
2013.03.29 01:07:58.937,1.28276,1.28282
2013.03.29 01:07:59.377,1.28276,1.2828
2013.03.29 01:07:59.978,1.28275,1.28279
2013.03.29 01:08:00.487,1.28274,1.28279
2013.03.29 01:08:02.246,1.28273,1.28278
2013.03.29 01:08:04.237,1.28273,1.28276
2013.03.29 01:08:04.927,1.28268,1.28275
2013.03.29 01:08:06.356,1.28267,1.28275
2013.03.29 01:08:08.578,1.28267,1.28273
2013.03.29 01:08:09.580,1.28266,1.28272
2013.03.29 01:08:10.181,1.28266,1.28272
2013.03.29 01:08:11.986,1.28266,1.28271
2013.03.29 01:08:12.539,1.28266,1.28269
2013.03.29 01:08:12.786,1.28265,1.28273
2013.03.29 01:08:13.096,1.28266,1.28273
2013.03.29 01:08:13.156,1.28265,1.28273
2013.03.29 01:08:13.456,1.28266,1.28275
2013.03.29 01:08:13.996,1.28265,1.28274
2013.03.29 01:08:14.236,1.28266,1.28275
2013.03.29 01:08:16.326,1.28265,1.28273
2013.03.29 01:08:16.508,1.28265,1.28274
2013.03.29 01:08:16.576,1.28265,1.28274
2013.03.29 01:08:20.277,1.28266,1.28274
2013.03.29 01:08:20.578,1.28265,1.2827
2013.03.29 01:08:21.248,1.28265,1.28273
2013.03.29 01:08:23.687,1.28264,1.28271
2013.03.29 01:08:24.667,1.28264,1.28271
2013.03.29 01:08:25.786,1.28264,1.28269
2013.03.29 01:08:26.553,1.28264,1.28268
2013.03.29 01:08:28.818,1.28265,1.2827
2013.03.29 01:08:28.937,1.28266,1.28271
