Time,Bid,Ask
2013.03.01 00:00:00.620,1.30601,1.30608
2013.03.01 00:00:11.728,1.30601,1.30607
2013.03.01 00:00:12.287,1.30601,1.30609
2013.03.01 00:00:13.868,1.30601,1.30608
2013.03.01 00:00:13.988,1.306,1.30606
2013.03.01 00:00:14.548,1.30599,1.30606
2013.03.01 00:00:16.398,1.30597,1.30604
2013.03.01 00:00:16.458,1.30595,1.30603
2013.03.01 00:00:16.518,1.30595,1.30603
2013.03.01 00:00:17.058,1.30595,1.30603
2013.03.01 00:00:18.249,1.30595,1.30605
2013.03.01 00:00:18.609,1.30595,1.30605
2013.03.01 00:00:18.668,1.30595,1.30605
2013.03.01 00:00:19.207,1.30598,1.30606
2013.03.01 00:00:19.567,1.30598,1.30606
2013.03.01 00:00:19.868,1.30601,1.30611
2013.03.01 00:00:20.252,1.30603,1.30612
2013.03.01 00:00:20.798,1.30604,1.3061
2013.03.01 00:00:22.287,1.30602,1.3061
2013.03.01 00:00:26.457,1.30603,1.30609
2013.03.01 00:00:26.997,1.30601,1.30609
2013.03.01 00:00:30.178,1.30601,1.30607
2013.03.01 00:00:30.369,1.30597,1.30604
2013.03.01 00:00:30.549,1.30596,1.30602
2013.03.01 00:00:30.610,1.30596,1.306
2013.03.01 00:00:30.789,1.30594,1.30599
2013.03.01 00:00:31.337,1.30592,1.30598
2013.03.01 00:00:32.408,1.30593,1.30599
2013.03.01 00:00:32.529,1.30595,1.30601
2013.03.01 00:00:32.888,1.30595,1.30602
2013.03.01 00:00:33.428,1.30594,1.306
2013.03.01 00:00:33.667,1.30594,1.306
2013.03.01 00:00:41.379,1.30592,1.306
2013.03.01 00:00:42.989,1.30593,1.30603
2013.03.01 00:00:44.710,1.30595,1.30603
2013.03.01 00:00:44.950,1.30595,1.30601
2013.03.01 00:00:45.070,1.30597,1.30604
2013.03.01 00:00:45.129,1.30599,1.30605
2013.03.01 00:00:45.311,1.30599,1.30606
2013.03.01 00:00:46.029,1.306,1.30606
2013.03.01 00:00:49.580,1.30599,1.30606
2013.03.01 00:00:51.000,1.30599,1.30606
2013.03.01 00:00:54.870,1.30599,1.30606
2013.03.01 00:00:55.659,1.30599,1.30606
2013.03.01 00:00:56.199,1.30599,1.30605
2013.03.01 00:00:56.680,1.30599,1.30604
2013.03.01 00:01:01.280,1.30599,1.30603
2013.03.01 00:01:01.809,1.30599,1.30604
2013.03.01 00:01:02.019,1.30598,1.30603
2013.03.01 00:01:03.240,1.30597,1.30602
2013.03.01 00:01:03.840,1.30598,1.30602
2013.03.01 00:01:04.259,1.30598,1.30606
2013.03.01 00:01:05.329,1.30598,1.30606
2013.03.01 00:01:06.160,1.30598,1.30606
2013.03.01 00:01:06.700,1.30598,1.30606
2013.03.01 00:01:09.419,1.30599,1.30606
2013.03.01 00:01:09.958,1.30597,1.30604
2013.03.01 00:01:12.219,1.30597,1.30602
2013.03.01 00:01:12.579,1.30596,1.30601
2013.03.01 00:01:14.450,1.30595,1.30601
2013.03.01 00:01:25.860,1.30594,1.30599
2013.03.01 00:01:26.040,1.30592,1.30596
2013.03.01 00:01:26.160,1.30591,1.30596
2013.03.01 00:01:26.720,1.3059,1.30594
2013.03.01 00:01:29.529,1.30589,1.30594
2013.03.01 00:01:32.570,1.30589,1.30593
2013.03.01 00:01:32.930,1.30587,1.30591
2013.03.01 00:01:32.992,1.30587,1.30592
2013.03.01 00:01:33.179,1.30587,1.3059
2013.03.01 00:01:33.303,1.30585,1.30589
2013.03.01 00:01:33.371,1.30585,1.30588
2013.03.01 00:01:33.431,1.30585,1.30588
2013.03.01 00:01:33.491,1.30583,1.30587
2013.03.01 00:01:33.670,1.30583,1.30585
2013.03.01 00:01:33.972,1.3058,1.30584
2013.03.01 00:01:34.033,1.30579,1.30583
2013.03.01 00:01:34.400,1.30579,1.30584
2013.03.01 00:01:34.961,1.30578,1.30584
2013.03.01 00:01:35.780,1.30578,1.30585
2013.03.01 00:01:35.839,1.30578,1.30586
2013.03.01 00:01:36.399,1.30578,1.30586
2013.03.01 00:01:36.929,1.30578,1.30586
2013.03.01 00:01:37.899,1.30578,1.30585
2013.03.01 00:01:42.760,1.30578,1.30585
2013.03.01 00:01:42.940,1.30578,1.30583
2013.03.01 00:01:43.299,1.30577,1.30584
2013.03.01 00:01:44.519,1.3058,1.30586
2013.03.01 00:01:44.879,1.30583,1.30589
2013.03.01 00:01:48.250,1.30582,1.30587
2013.03.01 00:01:48.801,1.30583,1.30588
2013.03.01 00:01:50.319,1.30578,1.30587
2013.03.01 00:01:50.859,1.30582,1.30587
2013.03.01 00:01:51.389,1.30583,1.30587
2013.03.01 00:01:52.299,1.30582,1.30587
2013.03.01 00:01:55.278,1.30578,1.30587
2013.03.01 00:01:55.789,1.3058,1.30587
2013.03.01 00:01:56.891,1.30582,1.30587
2013.03.01 00:01:57.394,1.30583,1.30588
2013.03.01 00:02:01.212,1.30583,1.3059
2013.03.01 00:02:01.749,1.30582,1.30588
2013.03.01 00:02:01.810,1.30583,1.30589
2013.03.01 00:02:02.050,1.30582,1.30588
2013.03.01 00:02:02.110,1.30581,1.30588
2013.03.01 00:02:02.370,1.30581,1.30588
2013.03.01 00:02:02.984,1.30583,1.30589
2013.03.01 00:02:08.470,1.30583,1.30589
2013.03.01 00:02:18.329,1.30581,1.30588
2013.03.01 00:02:18.509,1.3058,1.30588
2013.03.01 00:02:19.229,1.30579,1.30588
2013.03.01 00:02:19.709,1.30581,1.30589
2013.03.01 00:02:20.147,1.30581,1.30589
2013.03.01 00:02:21.810,1.30582,1.30589
2013.03.01 00:02:22.409,1.30581,1.30589
2013.03.01 00:02:22.650,1.30579,1.30585
2013.03.01 00:02:23.210,1.30578,1.30585
2013.03.01 00:02:23.824,1.30578,1.30585
2013.03.01 00:02:30.683,1.30578,1.30585
2013.03.01 00:02:31.050,1.30581,1.30587
2013.03.01 00:02:31.109,1.3058,1.30586
2013.03.01 00:02:31.649,1.30578,1.30584
2013.03.01 00:02:32.009,1.30581,1.30587
2013.03.01 00:02:32.910,1.30582,1.30589
2013.03.01 00:02:37.089,1.3058,1.30588
2013.03.01 00:02:37.769,1.30582,1.30589
2013.03.01 00:02:37.829,1.30581,1.30589
2013.03.01 00:02:38.011,1.30582,1.30588
2013.03.01 00:02:38.129,1.30582,1.30588
2013.03.01 00:02:38.310,1.30582,1.30588
2013.03.01 00:02:38.429,1.30579,1.30587
2013.03.01 00:02:38.610,1.3058,1.30587
2013.03.01 00:02:38.670,1.30582,1.30591
2013.03.01 00:02:38.790,1.30587,1.30591
2013.03.01 00:02:39.210,1.30589,1.30595
2013.03.01 00:02:39.329,1.30589,1.30596
2013.03.01 00:02:39.510,1.30589,1.30597
2013.03.01 00:02:40.503,1.30591,1.30598
2013.03.01 00:02:49.789,1.30589,1.30597
2013.03.01 00:02:56.442,1.30588,1.30595
2013.03.01 00:03:07.409,1.30588,1.30595
2013.03.01 00:03:07.956,1.30587,1.30594
2013.03.01 00:03:13.209,1.30586,1.30595
2013.03.01 00:03:20.699,1.30586,1.30594
2013.03.01 00:03:25.049,1.30585,1.30595
2013.03.01 00:03:25.779,1.30584,1.30591
2013.03.01 00:03:25.901,1.30585,1.30591
2013.03.01 00:03:26.379,1.30583,1.3059
2013.03.01 00:03:27.561,1.30584,1.3059
2013.03.01 00:03:27.620,1.30584,1.30592
2013.03.01 00:03:27.681,1.30588,1.30592
2013.03.01 00:03:33.121,1.30589,1.30595
2013.03.01 00:03:33.670,1.30589,1.30596
2013.03.01 00:03:33.850,1.30588,1.30595
2013.03.01 00:03:34.089,1.30587,1.30595
2013.03.01 00:03:34.211,1.30587,1.30595
2013.03.01 00:03:34.270,1.30588,1.30595
2013.03.01 00:03:34.792,1.30589,1.30595
2013.03.01 00:03:35.502,1.30589,1.30596
2013.03.01 00:03:37.258,1.30589,1.30596
2013.03.01 00:03:37.870,1.30589,1.30596
2013.03.01 00:03:47.680,1.30588,1.30595
2013.03.01 00:03:47.801,1.30589,1.30592
2013.03.01 00:03:47.860,1.30586,1.3059
2013.03.01 00:03:47.981,1.30584,1.3059
2013.03.01 00:03:48.160,1.30583,1.30592
2013.03.01 00:03:48.220,1.30583,1.3059
2013.03.01 00:03:48.340,1.30584,1.30592
2013.03.01 00:03:48.460,1.30585,1.30592
2013.03.01 00:03:49.020,1.30586,1.30593
2013.03.01 00:03:49.700,1.30586,1.30594
2013.03.01 00:03:50.260,1.30586,1.30594
2013.03.01 00:03:51.783,1.30585,1.30593
2013.03.01 00:03:52.981,1.30586,1.30593
2013.03.01 00:03:53.220,1.30585,1.30591
2013.03.01 00:03:53.400,1.30584,1.30589
2013.03.01 00:03:53.950,1.30584,1.30588
2013.03.01 00:03:57.399,1.30582,1.30586
2013.03.01 00:03:57.519,1.30579,1.30584
2013.03.01 00:03:58.240,1.30578,1.30584
2013.03.01 00:03:58.619,1.30579,1.30585
2013.03.01 00:03:59.940,1.30579,1.30586
2013.03.01 00:04:03.564,1.30579,1.30584
2013.03.01 00:04:04.191,1.30579,1.30584
2013.03.01 00:04:05.083,1.3058,1.30587
2013.03.01 00:04:05.399,1.30581,1.30587
2013.03.01 00:04:06.179,1.30581,1.30588
2013.03.01 00:04:06.730,1.30581,1.30588
2013.03.01 00:04:17.670,1.30581,1.30588
2013.03.01 00:04:22.559,1.30581,1.30588
2013.03.01 00:04:22.739,1.30581,1.30588
2013.03.01 00:04:22.979,1.30582,1.30588
2013.03.01 00:04:24.120,1.30582,1.30588
2013.03.01 00:04:24.379,1.30582,1.30589
2013.03.01 00:04:27.249,1.30582,1.30588
2013.03.01 00:04:29.440,1.30582,1.30588
2013.03.01 00:04:32.169,1.30582,1.30588
2013.03.01 00:04:39.939,1.30582,1.30588
2013.03.01 00:04:41.601,1.30582,1.30588
2013.03.01 00:04:42.292,1.30582,1.30588
2013.03.01 00:04:46.279,1.30582,1.30588
2013.03.01 00:04:47.780,1.30581,1.30588
2013.03.01 00:04:48.079,1.30581,1.30588
2013.03.01 00:04:51.320,1.30581,1.30588
2013.03.01 00:04:52.185,1.30581,1.30588
2013.03.01 00:04:53.551,1.30584,1.30588
2013.03.01 00:04:53.855,1.30586,1.30593
2013.03.01 00:04:54.161,1.30587,1.30594
2013.03.01 00:04:54.970,1.30587,1.30594
2013.03.01 00:04:56.720,1.30589,1.30595
2013.03.01 00:04:56.780,1.3059,1.30596
2013.03.01 00:04:56.839,1.30591,1.30597
2013.03.01 00:04:56.899,1.30591,1.30598
2013.03.01 00:04:56.960,1.30591,1.30598
2013.03.01 00:04:57.612,1.30591,1.306
2013.03.01 00:04:57.920,1.30593,1.306
2013.03.01 00:04:58.700,1.306,1.30607
2013.03.01 00:04:59.700,1.306,1.30608
2013.03.01 00:05:01.469,1.306,1.30608
2013.03.01 00:05:04.329,1.306,1.30607
2013.03.01 00:05:05.499,1.306,1.30607
2013.03.01 00:05:07.320,1.30598,1.30607
2013.03.01 00:05:07.909,1.30598,1.30606
2013.03.01 00:05:08.820,1.30598,1.30605
2013.03.01 00:05:09.011,1.30597,1.30602
2013.03.01 00:05:09.250,1.30594,1.306
2013.03.01 00:05:09.310,1.30593,1.306
2013.03.01 00:05:09.991,1.30592,1.30599
2013.03.01 00:05:11.040,1.30592,1.30598
2013.03.01 00:05:11.593,1.30592,1.30598
2013.03.01 00:05:12.094,1.30592,1.30598
2013.03.01 00:05:12.910,1.30592,1.30599
2013.03.01 00:05:14.919,1.30593,1.30601
2013.03.01 00:05:15.220,1.30593,1.30602
2013.03.01 00:05:15.400,1.30596,1.30603
2013.03.01 00:05:16.120,1.30596,1.30604
2013.03.01 00:05:16.671,1.30597,1.30604
2013.03.01 00:05:17.930,1.30597,1.30604
2013.03.01 00:05:18.050,1.30595,1.30601
2013.03.01 00:05:18.560,1.30594,1.306
2013.03.01 00:05:18.971,1.30594,1.306
2013.03.01 00:05:19.579,1.30594,1.30601
2013.03.01 00:05:19.640,1.30594,1.30601
2013.03.01 00:05:20.120,1.30596,1.30603
2013.03.01 00:05:20.660,1.30597,1.30603
2013.03.01 00:05:23.122,1.30599,1.30607
2013.03.01 00:05:23.661,1.30599,1.30607
2013.03.01 00:05:24.512,1.306,1.30607
2013.03.01 00:05:24.580,1.30601,1.30607
2013.03.01 00:05:24.760,1.30601,1.30608
2013.03.01 00:05:25.299,1.30601,1.30608
2013.03.01 00:05:25.659,1.306,1.30607
2013.03.01 00:05:31.901,1.306,1.30608
2013.03.01 00:05:32.261,1.30603,1.30611
2013.03.01 00:05:32.331,1.30606,1.30612
2013.03.01 00:05:32.450,1.30607,1.30615
2013.03.01 00:05:32.573,1.30609,1.30615
2013.03.01 00:05:33.120,1.30611,1.30618
2013.03.01 00:05:33.421,1.30612,1.3062
2013.03.01 00:05:33.540,1.30614,1.30621
2013.03.01 00:05:33.781,1.30615,1.30621
2013.03.01 00:05:33.961,1.30615,1.30624
2013.03.01 00:05:34.020,1.30616,1.30624
2013.03.01 00:05:34.140,1.30616,1.30623
2013.03.01 00:05:34.262,1.30614,1.30621
2013.03.01 00:05:34.680,1.30617,1.30625
2013.03.01 00:05:34.804,1.30617,1.30625
2013.03.01 00:05:35.003,1.30619,1.30627
2013.03.01 00:05:35.569,1.30619,1.30627
2013.03.01 00:05:36.086,1.30619,1.30627
2013.03.01 00:05:37.060,1.30619,1.30627
2013.03.01 00:05:38.419,1.30619,1.30627
2013.03.01 00:05:38.996,1.30617,1.30626
2013.03.01 00:05:39.840,1.30617,1.30625
2013.03.01 00:05:41.279,1.30617,1.30624
2013.03.01 00:05:41.340,1.30617,1.30624
2013.03.01 00:05:42.424,1.30617,1.30625
2013.03.01 00:05:43.341,1.30616,1.30623
2013.03.01 00:05:43.401,1.30616,1.30623
2013.03.01 00:05:43.521,1.30615,1.30623
2013.03.01 00:05:43.581,1.30616,1.30622
2013.03.01 00:05:43.640,1.30616,1.30623
2013.03.01 00:05:43.819,1.30617,1.30623
2013.03.01 00:05:44.599,1.30619,1.30626
2013.03.01 00:05:45.081,1.30619,1.30626
2013.03.01 00:05:48.940,1.30617,1.30624
2013.03.01 00:05:49.300,1.30615,1.30621
2013.03.01 00:05:49.420,1.30616,1.30623
2013.03.01 00:05:49.480,1.30616,1.30622
2013.03.01 00:05:50.290,1.30617,1.30624
2013.03.01 00:05:50.838,1.30617,1.30623
2013.03.01 00:05:51.771,1.30617,1.30623
2013.03.01 00:05:52.819,1.30617,1.30623
2013.03.01 00:05:54.539,1.3062,1.30627
2013.03.01 00:05:56.150,1.30621,1.30627
2013.03.01 00:05:56.750,1.30621,1.30626
2013.03.01 00:05:57.050,1.30621,1.30629
2013.03.01 00:05:57.111,1.30621,1.30626
2013.03.01 00:05:57.290,1.30621,1.30626
2013.03.01 00:06:01.079,1.3062,1.30627
2013.03.01 00:06:03.020,1.3062,1.30627
2013.03.01 00:06:04.312,1.3062,1.30627
2013.03.01 00:06:06.079,1.3062,1.30627
2013.03.01 00:06:06.920,1.30621,1.30628
2013.03.01 00:06:14.060,1.3062,1.30627
2013.03.01 00:06:15.099,1.3062,1.30627
2013.03.01 00:06:18.149,1.3062,1.30627
2013.03.01 00:06:19.491,1.3062,1.30627
2013.03.01 00:06:23.620,1.3062,1.30627
2013.03.01 00:06:29.479,1.30621,1.30628
2013.03.01 00:06:33.609,1.30622,1.30628
2013.03.01 00:06:34.581,1.30622,1.30629
2013.03.01 00:06:35.610,1.30621,1.30628
2013.03.01 00:06:36.270,1.30622,1.30628
2013.03.01 00:06:38.201,1.30622,1.30628
2013.03.01 00:06:38.740,1.30622,1.30627
2013.03.01 00:06:42.649,1.30622,1.30628
2013.03.01 00:06:43.179,1.30623,1.30628
2013.03.01 00:06:44.639,1.30623,1.30629
2013.03.01 00:06:49.641,1.30623,1.30628
2013.03.01 00:06:53.429,1.30623,1.30628
2013.03.01 00:07:12.989,1.30622,1.3063
2013.03.01 00:07:13.349,1.30627,1.30632
2013.03.01 00:07:13.410,1.30625,1.30631
2013.03.01 00:07:13.711,1.30624,1.30629
2013.03.01 00:07:13.890,1.30623,1.3063
2013.03.01 00:07:14.010,1.30623,1.30629
2013.03.01 00:07:14.899,1.30623,1.3063
2013.03.01 00:07:16.549,1.30623,1.30629
2013.03.01 00:07:17.102,1.30623,1.30629
2013.03.01 00:07:17.279,1.30621,1.30629
2013.03.01 00:07:17.915,1.30622,1.30629
2013.03.01 00:07:26.612,1.30623,1.3063
2013.03.01 00:07:27.091,1.30627,1.30631
2013.03.01 00:07:27.340,1.30628,1.30635
2013.03.01 00:07:27.520,1.30628,1.30637
2013.03.01 00:07:27.579,1.3063,1.30637
2013.03.01 00:07:29.290,1.30629,1.30636
2013.03.01 00:07:35.151,1.30628,1.30634
2013.03.01 00:07:35.211,1.30628,1.30633
2013.03.01 00:07:35.947,1.30625,1.30631
2013.03.01 00:07:36.017,1.30623,1.30628
2013.03.01 00:07:36.574,1.30622,1.30629
2013.03.01 00:07:39.580,1.30622,1.30631
2013.03.01 00:07:39.940,1.30624,1.30632
2013.03.01 00:07:40.460,1.30624,1.30632
2013.03.01 00:07:40.581,1.30624,1.30632
2013.03.01 00:07:40.821,1.30628,1.30636
2013.03.01 00:07:48.640,1.30631,1.30637
2013.03.01 00:07:49.181,1.30632,1.30637
2013.03.01 00:07:51.191,1.30631,1.30638
2013.03.01 00:07:51.729,1.30631,1.30637
2013.03.01 00:07:51.790,1.30631,1.30637
2013.03.01 00:07:59.030,1.30631,1.30637
2013.03.01 00:07:59.543,1.3063,1.30637
2013.03.01 00:08:06.350,1.30628,1.30637
2013.03.01 00:08:06.410,1.30628,1.30636
2013.03.01 00:08:35.470,1.30628,1.30636
2013.03.01 00:08:36.300,1.30627,1.30635
2013.03.01 00:08:38.781,1.30627,1.30634
2013.03.01 00:08:39.022,1.30623,1.30628
2013.03.01 00:08:39.200,1.30621,1.30628
2013.03.01 00:08:39.740,1.30621,1.30628
2013.03.01 00:08:41.531,1.30622,1.30628
2013.03.01 00:08:41.890,1.30627,1.30633
2013.03.01 00:08:41.950,1.30627,1.30634
2013.03.01 00:08:42.500,1.30627,1.30635
2013.03.01 00:08:43.040,1.30628,1.30636
2013.03.01 00:08:43.591,1.30627,1.30636
2013.03.01 00:08:44.130,1.30628,1.30636
2013.03.01 00:08:45.321,1.30628,1.30635
2013.03.01 00:08:45.863,1.30627,1.30634
2013.03.01 00:08:47.820,1.30628,1.30634
2013.03.01 00:08:48.181,1.30627,1.30635
2013.03.01 00:08:50.530,1.30628,1.30635
2013.03.01 00:08:52.128,1.30628,1.30635
2013.03.01 00:08:53.180,1.30629,1.30635
2013.03.01 00:08:53.722,1.30629,1.30635
2013.03.01 00:08:55.979,1.30627,1.30634
2013.03.01 00:08:57.853,1.30628,1.30634
2013.03.01 00:08:58.100,1.30628,1.30635
2013.03.01 00:08:59.470,1.30628,1.30635
2013.03.01 00:09:01.670,1.30628,1.30635
2013.03.01 00:09:05.443,1.30628,1.30635
2013.03.01 00:09:23.599,1.30628,1.30635
2013.03.01 00:09:32.900,1.30629,1.30637
2013.03.01 00:09:46.750,1.3063,1.30637
2013.03.01 00:09:52.785,1.3063,1.30637
2013.03.01 00:09:57.131,1.3063,1.30637
2013.03.01 00:10:01.036,1.3063,1.30637
2013.03.01 00:10:09.412,1.30633,1.30639
2013.03.01 00:10:09.962,1.30633,1.30639
2013.03.01 00:10:13.101,1.30632,1.30639
2013.03.01 00:10:14.600,1.30633,1.3064
2013.03.01 00:10:15.422,1.30631,1.3064
2013.03.01 00:10:15.501,1.30635,1.30642
2013.03.01 00:10:15.621,1.30636,1.30642
2013.03.01 00:10:15.801,1.30638,1.30644
2013.03.01 00:10:15.981,1.30639,1.30647
2013.03.01 00:10:16.511,1.30639,1.30647
2013.03.01 00:10:16.750,1.30638,1.30645
2013.03.01 00:10:19.211,1.30638,1.30645
2013.03.01 00:10:19.752,1.30638,1.30645
2013.03.01 00:10:21.672,1.30638,1.30645
2013.03.01 00:10:22.521,1.30639,1.30647
2013.03.01 00:10:25.088,1.30639,1.30647
2013.03.01 00:10:29.236,1.30641,1.30649
2013.03.01 00:10:29.781,1.30641,1.30649
2013.03.01 00:10:31.971,1.30644,1.30649
2013.03.01 00:10:32.332,1.30645,1.30652
2013.03.01 00:10:32.516,1.30646,1.30653
2013.03.01 00:10:33.091,1.30645,1.30653
2013.03.01 00:10:33.331,1.30645,1.30652
2013.03.01 00:10:34.743,1.30645,1.30653
2013.03.01 00:10:34.801,1.30645,1.3065
2013.03.01 00:10:35.299,1.30647,1.30654
2013.03.01 00:10:35.374,1.30647,1.30655
2013.03.01 00:10:36.960,1.30647,1.30655
2013.03.01 00:10:38.080,1.30649,1.30657
2013.03.01 00:10:40.131,1.30649,1.30657
2013.03.01 00:10:40.672,1.30652,1.30659
2013.03.01 00:10:41.224,1.30652,1.30659
2013.03.01 00:10:41.652,1.3065,1.30658
2013.03.01 00:10:42.192,1.3065,1.30658
2013.03.01 00:10:43.471,1.30653,1.3066
2013.03.01 00:10:44.308,1.30653,1.30659
2013.03.01 00:10:44.453,1.30659,1.30667
2013.03.01 00:10:45.062,1.30659,1.30668
2013.03.01 00:10:45.433,1.30659,1.30668
2013.03.01 00:10:45.741,1.30658,1.30665
2013.03.01 00:10:47.981,1.30655,1.3066
2013.03.01 00:10:48.291,1.30652,1.30655
2013.03.01 00:10:48.471,1.30647,1.30652
2013.03.01 00:10:48.952,1.30645,1.30652
2013.03.01 00:10:49.072,1.30644,1.30649
2013.03.01 00:10:49.193,1.30643,1.30649
2013.03.01 00:10:50.231,1.30641,1.30649
2013.03.01 00:10:50.897,1.30641,1.30648
2013.03.01 00:10:52.603,1.30638,1.30644
2013.03.01 00:10:52.671,1.30638,1.30644
2013.03.01 00:10:53.032,1.30637,1.30642
2013.03.01 00:10:53.599,1.30638,1.30644
2013.03.01 00:10:53.665,1.30639,1.30644
2013.03.01 00:10:53.735,1.3064,1.30645
2013.03.01 00:10:53.921,1.30639,1.30647
2013.03.01 00:10:54.400,1.30639,1.30646
2013.03.01 00:10:55.131,1.30642,1.30647
2013.03.01 00:10:55.554,1.30643,1.30649
2013.03.01 00:10:55.980,1.30645,1.3065
2013.03.01 00:10:56.282,1.30648,1.30654
2013.03.01 00:10:56.521,1.30648,1.30656
2013.03.01 00:10:57.430,1.30648,1.30656
2013.03.01 00:10:58.517,1.3065,1.30658
2013.03.01 00:10:59.061,1.30652,1.30659
2013.03.01 00:11:02.341,1.30652,1.30659
2013.03.01 00:11:02.521,1.30654,1.30661
2013.03.01 00:11:02.762,1.30657,1.30664
2013.03.01 00:11:03.244,1.30655,1.30661
2013.03.01 00:11:03.372,1.30655,1.3066
2013.03.01 00:11:03.494,1.30652,1.3066
2013.03.01 00:11:03.683,1.30651,1.30659
2013.03.01 00:11:04.241,1.3065,1.30657
2013.03.01 00:11:04.760,1.3065,1.30657
2013.03.01 00:11:05.290,1.30648,1.30656
2013.03.01 00:11:05.833,1.30648,1.30656
2013.03.01 00:11:11.332,1.30648,1.30656
2013.03.01 00:11:13.440,1.30648,1.30656
2013.03.01 00:11:13.976,1.30649,1.30656
2013.03.01 00:11:14.301,1.30649,1.30658
2013.03.01 00:11:14.840,1.30649,1.30657
2013.03.01 00:11:16.526,1.30649,1.30658
2013.03.01 00:11:19.903,1.30649,1.30656
2013.03.01 00:11:20.491,1.30652,1.30656
2013.03.01 00:11:20.673,1.30653,1.3066
2013.03.01 00:11:20.731,1.30653,1.30659
2013.03.01 00:11:20.911,1.30653,1.3066
2013.03.01 00:11:21.272,1.30653,1.30659
2013.03.01 00:11:21.812,1.30651,1.30659
2013.03.01 00:11:23.011,1.30651,1.30659
2013.03.01 00:11:23.191,1.30655,1.30661
2013.03.01 00:11:23.371,1.30656,1.30664
2013.03.01 00:11:23.491,1.30659,1.30666
2013.03.01 00:11:24.042,1.30659,1.30666
2013.03.01 00:11:26.961,1.30659,1.30665
2013.03.01 00:11:27.271,1.30655,1.30662
2013.03.01 00:11:27.392,1.30655,1.30662
2013.03.01 00:11:27.451,1.30655,1.30662
2013.03.01 00:11:27.631,1.3065,1.30658
2013.03.01 00:11:27.691,1.3065,1.30658
2013.03.01 00:11:29.705,1.3065,1.30657
2013.03.01 00:11:29.783,1.30648,1.30655
2013.03.01 00:11:32.181,1.30649,1.30657
2013.03.01 00:11:32.240,1.30649,1.30657
2013.03.01 00:11:36.161,1.3065,1.30658
2013.03.01 00:11:36.220,1.3065,1.30658
2013.03.01 00:11:36.281,1.30651,1.30659
2013.03.01 00:11:36.461,1.30653,1.30659
2013.03.01 00:11:36.521,1.30654,1.30659
2013.03.01 00:11:36.642,1.30653,1.30659
2013.03.01 00:11:36.822,1.30654,1.30662
2013.03.01 00:11:37.181,1.30652,1.30659
2013.03.01 00:11:39.501,1.30651,1.30658
2013.03.01 00:11:39.560,1.30651,1.30658
2013.03.01 00:11:42.182,1.30649,1.30656
2013.03.01 00:11:44.761,1.3065,1.30654
2013.03.01 00:11:44.941,1.3065,1.30658
2013.03.01 00:11:47.532,1.30651,1.30659
2013.03.01 00:11:48.071,1.30652,1.30659
2013.03.01 00:11:48.632,1.30652,1.30659
2013.03.01 00:11:50.261,1.30653,1.3066
2013.03.01 00:11:50.381,1.30656,1.30661
2013.03.01 00:11:50.561,1.30658,1.30662
2013.03.01 00:11:50.802,1.30658,1.30663
2013.03.01 00:11:50.922,1.30658,1.30662
2013.03.01 00:11:51.460,1.30658,1.30665
2013.03.01 00:11:53.111,1.30657,1.30664
2013.03.01 00:11:53.233,1.30657,1.30663
2013.03.01 00:11:53.421,1.30655,1.30663
2013.03.01 00:11:54.321,1.30653,1.3066
2013.03.01 00:11:55.722,1.30654,1.3066
2013.03.01 00:11:56.022,1.30656,1.30663
2013.03.01 00:11:56.261,1.30657,1.30663
2013.03.01 00:11:56.861,1.30657,1.30663
2013.03.01 00:11:57.171,1.30655,1.30663
2013.03.01 00:11:57.531,1.30652,1.30658
2013.03.01 00:11:57.651,1.30652,1.30658
2013.03.01 00:11:59.011,1.30651,1.30657
2013.03.01 00:12:00.321,1.30652,1.30659
2013.03.01 00:12:00.826,1.30657,1.30662
2013.03.01 00:12:01.371,1.30657,1.30664
2013.03.01 00:12:03.302,1.30659,1.30665
2013.03.01 00:12:03.664,1.30654,1.30662
2013.03.01 00:12:03.971,1.30653,1.30659
2013.03.01 00:12:04.030,1.30653,1.30659
2013.03.01 00:12:04.571,1.30653,1.3066
2013.03.01 00:12:04.811,1.30653,1.3066
2013.03.01 00:12:08.261,1.30649,1.30656
2013.03.01 00:12:11.557,1.3065,1.30658
2013.03.01 00:12:16.680,1.3065,1.30658
2013.03.01 00:12:16.921,1.30653,1.3066
2013.03.01 00:12:17.440,1.30655,1.3066
2013.03.01 00:12:17.514,1.30656,1.30661
2013.03.01 00:12:17.651,1.30656,1.30661
2013.03.01 00:12:18.092,1.30652,1.30659
2013.03.01 00:12:18.151,1.30652,1.30659
2013.03.01 00:12:19.122,1.30652,1.30659
2013.03.01 00:12:19.480,1.30658,1.30665
2013.03.01 00:12:19.661,1.30659,1.30665
2013.03.01 00:12:19.842,1.30657,1.30662
2013.03.01 00:12:20.221,1.30657,1.30663
2013.03.01 00:12:20.580,1.30659,1.30667
2013.03.01 00:12:21.031,1.30659,1.30667
2013.03.01 00:12:21.661,1.30661,1.30667
2013.03.01 00:12:25.321,1.30661,1.30669
2013.03.01 00:12:25.622,1.30662,1.30668
2013.03.01 00:12:25.744,1.30664,1.30671
2013.03.01 00:12:25.871,1.30668,1.30673
2013.03.01 00:12:25.932,1.30668,1.30674
2013.03.01 00:12:27.460,1.30667,1.30675
2013.03.01 00:12:28.490,1.30667,1.30675
2013.03.01 00:12:28.551,1.30666,1.30674
2013.03.01 00:12:28.731,1.30666,1.30673
2013.03.01 00:12:29.272,1.30666,1.30673
2013.03.01 00:12:29.690,1.30666,1.30675
2013.03.01 00:12:30.221,1.30667,1.30675
2013.03.01 00:12:31.537,1.30667,1.30674
2013.03.01 00:12:32.291,1.30667,1.30673
2013.03.01 00:12:33.022,1.30667,1.30673
2013.03.01 00:12:33.571,1.30666,1.3067
2013.03.01 00:12:33.873,1.30663,1.30668
2013.03.01 00:12:33.997,1.30663,1.30669
2013.03.01 00:12:34.481,1.30661,1.30668
2013.03.01 00:12:37.843,1.3066,1.3067
2013.03.01 00:12:37.963,1.30663,1.30667
2013.03.01 00:12:38.091,1.30663,1.30666
2013.03.01 00:12:38.639,1.30658,1.30666
2013.03.01 00:12:39.181,1.3066,1.30666
2013.03.01 00:12:42.003,1.30661,1.30668
2013.03.01 00:12:45.731,1.30661,1.30668
2013.03.01 00:12:48.758,1.30663,1.30668
2013.03.01 00:12:49.073,1.30662,1.30671
2013.03.01 00:12:49.393,1.30663,1.30672
2013.03.01 00:12:49.932,1.30662,1.30674
2013.03.01 00:12:55.231,1.30663,1.30675
2013.03.01 00:12:55.350,1.30665,1.30675
2013.03.01 00:12:55.652,1.30673,1.30677
2013.03.01 00:12:55.772,1.30669,1.30676
2013.03.01 00:12:55.831,1.30668,1.30673
2013.03.01 00:12:56.795,1.30667,1.30674
2013.03.01 00:12:57.686,1.30667,1.30673
2013.03.01 00:12:58.940,1.30668,1.30675
2013.03.01 00:13:00.941,1.30667,1.30675
2013.03.01 00:13:01.500,1.30667,1.30674
2013.03.01 00:13:03.516,1.30668,1.30675
2013.03.01 00:13:05.781,1.30667,1.30673
2013.03.01 00:13:17.091,1.30668,1.30674
2013.03.01 00:13:21.871,1.30668,1.30674
2013.03.01 00:13:25.891,1.30668,1.30674
2013.03.01 00:13:26.371,1.30668,1.30674
2013.03.01 00:13:33.522,1.30668,1.30674
2013.03.01 00:13:36.511,1.30668,1.30674
2013.03.01 00:13:48.140,1.30668,1.30674
2013.03.01 00:13:53.133,1.30667,1.30674
2013.03.01 00:14:00.160,1.30668,1.30675
2013.03.01 00:14:00.740,1.30668,1.30675
2013.03.01 00:14:01.671,1.30668,1.30675
2013.03.01 00:14:04.634,1.30668,1.30675
2013.03.01 00:14:08.906,1.30666,1.30673
2013.03.01 00:14:13.211,1.30667,1.30673
2013.03.01 00:14:13.531,1.30667,1.30674
2013.03.01 00:14:13.891,1.30667,1.30674
2013.03.01 00:14:14.250,1.30667,1.30676
2013.03.01 00:14:15.230,1.30669,1.30678
2013.03.01 00:14:36.811,1.30671,1.30678
2013.03.01 00:14:38.742,1.30674,1.30681
2013.03.01 00:14:38.801,1.30673,1.30681
2013.03.01 00:14:38.861,1.30675,1.30683
2013.03.01 00:14:38.981,1.30675,1.30685
2013.03.01 00:14:39.521,1.30675,1.30686
2013.03.01 00:14:43.329,1.30677,1.30686
2013.03.01 00:14:44.726,1.30678,1.30686
2013.03.01 00:14:45.031,1.30675,1.3068
2013.03.01 00:14:45.334,1.30673,1.30678
2013.03.01 00:14:46.471,1.30672,1.30678
2013.03.01 00:14:47.143,1.3067,1.30678
2013.03.01 00:14:47.691,1.3067,1.30677
2013.03.01 00:14:48.812,1.30669,1.30677
2013.03.01 00:14:48.931,1.3067,1.30679
2013.03.01 00:14:50.422,1.30672,1.30678
2013.03.01 00:14:51.262,1.30672,1.30679
2013.03.01 00:14:51.444,1.30673,1.30681
2013.03.01 00:14:51.511,1.30673,1.30681
2013.03.01 00:14:51.572,1.30675,1.30682
2013.03.01 00:14:51.957,1.30675,1.30684
2013.03.01 00:14:52.592,1.30675,1.30683
2013.03.01 00:14:53.283,1.30675,1.30683
2013.03.01 00:14:53.711,1.30676,1.30686
2013.03.01 00:14:53.771,1.30676,1.30686
2013.03.01 00:14:56.062,1.30676,1.30686
2013.03.01 00:14:57.741,1.30678,1.30686
2013.03.01 00:14:57.872,1.30678,1.30686
2013.03.01 00:15:00.551,1.30678,1.30686
2013.03.01 00:15:01.011,1.30678,1.30686
2013.03.01 00:15:01.822,1.30678,1.30685
2013.03.01 00:15:02.382,1.30676,1.30683
2013.03.01 00:15:02.921,1.30675,1.30681
2013.03.01 00:15:04.921,1.30675,1.30681
2013.03.01 00:15:05.482,1.30675,1.30682
2013.03.01 00:15:06.022,1.30677,1.30682
2013.03.01 00:15:06.561,1.30675,1.30682
2013.03.01 00:15:06.803,1.30677,1.3068
2013.03.01 00:15:06.924,1.30677,1.30682
2013.03.01 00:15:07.472,1.30677,1.30682
2013.03.01 00:15:08.311,1.30677,1.30681
2013.03.01 00:15:08.851,1.30675,1.30681
2013.03.01 00:15:09.575,1.30675,1.30679
2013.03.01 00:15:12.600,1.30673,1.30678
2013.03.01 00:15:13.191,1.30672,1.30677
2013.03.01 00:15:14.032,1.30672,1.30676
2013.03.01 00:15:14.091,1.3067,1.30675
2013.03.01 00:15:26.101,1.3067,1.30674
2013.03.01 00:15:29.571,1.30668,1.30673
2013.03.01 00:15:32.001,1.30668,1.30673
2013.03.01 00:15:34.011,1.30669,1.30675
2013.03.01 00:15:46.372,1.3067,1.30675
2013.03.01 00:15:52.832,1.30669,1.30675
2013.03.01 00:16:01.124,1.3067,1.30675
2013.03.01 00:16:03.881,1.3067,1.30674
2013.03.01 00:16:04.891,1.3067,1.30676
2013.03.01 00:16:08.131,1.3067,1.30676
2013.03.01 00:16:08.251,1.30672,1.30677
2013.03.01 00:16:09.122,1.3067,1.30675
2013.03.01 00:16:09.713,1.3067,1.30675
2013.03.01 00:16:12.881,1.30671,1.30678
2013.03.01 00:16:18.443,1.30669,1.30675
2013.03.01 00:16:18.801,1.30669,1.30672
2013.03.01 00:16:19.342,1.30667,1.30672
2013.03.01 00:16:22.992,1.30667,1.30672
2013.03.01 00:16:28.021,1.30667,1.30672
2013.03.01 00:16:28.561,1.30667,1.30672
2013.03.01 00:16:30.811,1.30667,1.30672
2013.03.01 00:16:31.380,1.30667,1.30672
2013.03.01 00:16:43.273,1.30669,1.30674
2013.03.01 00:16:43.403,1.30669,1.30676
2013.03.01 00:16:43.643,1.30673,1.30679
2013.03.01 00:16:44.182,1.30672,1.30679
2013.03.01 00:16:49.204,1.30667,1.30673
2013.03.01 00:16:49.272,1.30668,1.30672
2013.03.01 00:16:50.684,1.30668,1.30672
2013.03.01 00:16:56.200,1.30667,1.3067
2013.03.01 00:16:56.503,1.30663,1.30668
2013.03.01 00:16:56.622,1.30663,1.30668
2013.03.01 00:16:56.741,1.30661,1.30666
2013.03.01 00:16:57.101,1.3066,1.30664
2013.03.01 00:16:57.161,1.30661,1.30666
2013.03.01 00:16:58.202,1.30661,1.30665
2013.03.01 00:17:00.623,1.30661,1.30666
2013.03.01 00:17:01.172,1.30661,1.30665
2013.03.01 00:17:01.471,1.30662,1.30667
2013.03.01 00:17:03.111,1.30662,1.30668
2013.03.01 00:17:03.782,1.3066,1.30665
2013.03.01 00:17:04.341,1.30657,1.30663
2013.03.01 00:17:04.641,1.30657,1.30663
2013.03.01 00:17:06.042,1.30658,1.30665
2013.03.01 00:17:06.101,1.30657,1.30665
2013.03.01 00:17:06.282,1.30657,1.30665
2013.03.01 00:17:06.464,1.30657,1.30665
2013.03.01 00:17:07.141,1.30657,1.30665
2013.03.01 00:17:15.361,1.30657,1.30665
2013.03.01 00:17:15.761,1.30657,1.30665
2013.03.01 00:17:17.091,1.30656,1.30665
2013.03.01 00:17:17.901,1.30656,1.30663
2013.03.01 00:17:20.561,1.30655,1.30661
2013.03.01 00:17:21.101,1.30655,1.30661
2013.03.01 00:17:21.841,1.30654,1.30661
2013.03.01 00:17:22.243,1.30652,1.30659
2013.03.01 00:17:22.317,1.30649,1.30656
2013.03.01 00:17:22.381,1.30649,1.30656
2013.03.01 00:17:23.042,1.30648,1.30656
2013.03.01 00:17:25.831,1.30649,1.30654
2013.03.01 00:17:25.891,1.30649,1.30655
2013.03.01 00:17:26.961,1.3065,1.30657
2013.03.01 00:17:30.752,1.30649,1.30657
2013.03.01 00:17:30.872,1.30649,1.30654
2013.03.01 00:17:31.172,1.30646,1.30652
2013.03.01 00:17:31.722,1.30646,1.30652
2013.03.01 00:17:31.901,1.30649,1.30654
2013.03.01 00:17:31.967,1.30649,1.30654
2013.03.01 00:17:32.093,1.30649,1.30655
2013.03.01 00:17:34.111,1.30649,1.30656
2013.03.01 00:17:35.002,1.3065,1.30655
2013.03.01 00:17:35.132,1.30652,1.30659
2013.03.01 00:17:35.251,1.3065,1.30658
2013.03.01 00:17:35.312,1.30649,1.30657
2013.03.01 00:17:35.552,1.30649,1.30656
2013.03.01 00:17:35.675,1.30649,1.30656
2013.03.01 00:17:35.742,1.30649,1.30656
2013.03.01 00:17:36.102,1.30649,1.30658
2013.03.01 00:17:38.811,1.30649,1.30656
2013.03.01 00:17:48.001,1.3065,1.30656
2013.03.01 00:17:50.222,1.3065,1.30656
2013.03.01 00:17:52.162,1.30649,1.30656
2013.03.01 00:17:54.142,1.30648,1.30655
2013.03.01 00:17:54.202,1.30647,1.30655
2013.03.01 00:17:54.561,1.30645,1.30651
2013.03.01 00:17:55.192,1.30646,1.30653
2013.03.01 00:17:55.494,1.30645,1.30652
2013.03.01 00:17:55.611,1.30645,1.30652
2013.03.01 00:17:56.533,1.30646,1.30654
2013.03.01 00:17:57.081,1.30646,1.30655
2013.03.01 00:17:58.521,1.30648,1.30655
2013.03.01 00:17:59.622,1.30649,1.30655
2013.03.01 00:17:59.803,1.30651,1.30655
2013.03.01 00:18:00.461,1.3065,1.30656
2013.03.01 00:18:08.122,1.3065,1.30656
2013.03.01 00:18:10.292,1.3065,1.30656
2013.03.01 00:18:13.900,1.30649,1.30656
2013.03.01 00:18:14.266,1.30649,1.30656
2013.03.01 00:18:15.804,1.30649,1.30656
2013.03.01 00:18:17.429,1.3065,1.30656
2013.03.01 00:18:48.981,1.30649,1.30656
2013.03.01 00:18:49.541,1.3065,1.30657
2013.03.01 00:18:57.504,1.3065,1.30657
2013.03.01 00:19:02.272,1.30655,1.3066
2013.03.01 00:19:02.512,1.30658,1.30662
2013.03.01 00:19:02.870,1.30659,1.30665
2013.03.01 00:19:04.181,1.30659,1.30668
2013.03.01 00:19:09.061,1.30662,1.30669
2013.03.01 00:19:09.180,1.30664,1.30672
2013.03.01 00:19:09.700,1.30668,1.30674
2013.03.01 00:19:10.250,1.30667,1.30673
2013.03.01 00:19:11.052,1.30667,1.30674
2013.03.01 00:19:15.218,1.30667,1.30674
2013.03.01 00:19:15.520,1.30663,1.30668
2013.03.01 00:19:16.561,1.30662,1.30668
2013.03.01 00:19:18.110,1.30659,1.30667
2013.03.01 00:19:22.162,1.30659,1.30666
2013.03.01 00:19:22.470,1.30653,1.30661
2013.03.01 00:19:23.070,1.30652,1.3066
2013.03.01 00:19:23.130,1.30652,1.3066
2013.03.01 00:19:23.252,1.30652,1.3066
2013.03.01 00:19:23.310,1.30654,1.3066
2013.03.01 00:19:23.549,1.30652,1.3066
2013.03.01 00:19:23.730,1.30652,1.30659
2013.03.01 00:19:24.231,1.30653,1.30659
2013.03.01 00:19:24.291,1.30656,1.30661
2013.03.01 00:19:24.631,1.30657,1.30664
2013.03.01 00:19:24.941,1.30659,1.30665
2013.03.01 00:19:25.460,1.30659,1.30666
2013.03.01 00:19:25.831,1.3066,1.30668
2013.03.01 00:19:26.320,1.3066,1.30667
2013.03.01 00:19:28.320,1.30662,1.30671
2013.03.01 00:19:28.840,1.30663,1.30671
2013.03.01 00:19:29.201,1.30663,1.30671
2013.03.01 00:19:29.500,1.30665,1.30671
2013.03.01 00:19:29.720,1.30663,1.30673
2013.03.01 00:19:30.183,1.30663,1.30672
2013.03.01 00:19:30.300,1.30668,1.30673
2013.03.01 00:19:30.420,1.30669,1.30674
2013.03.01 00:19:30.660,1.30669,1.30674
2013.03.01 00:19:30.720,1.30669,1.30674
2013.03.01 00:19:31.229,1.30669,1.30674
2013.03.01 00:19:32.919,1.30669,1.30674
2013.03.01 00:19:33.221,1.30667,1.30672
2013.03.01 00:19:33.541,1.30663,1.30669
2013.03.01 00:19:33.812,1.30662,1.30667
2013.03.01 00:19:38.983,1.30662,1.30667
2013.03.01 00:19:39.502,1.30663,1.30667
2013.03.01 00:19:40.310,1.30664,1.30671
2013.03.01 00:19:40.521,1.30665,1.30671
2013.03.01 00:19:41.304,1.30666,1.30671
2013.03.01 00:19:41.611,1.30663,1.3067
2013.03.01 00:19:41.912,1.30661,1.30667
2013.03.01 00:19:44.212,1.3066,1.30667
2013.03.01 00:19:44.770,1.3066,1.30667
2013.03.01 00:19:47.492,1.30659,1.30667
2013.03.01 00:19:47.730,1.30658,1.30664
2013.03.01 00:19:48.160,1.30656,1.30664
2013.03.01 00:19:48.685,1.30657,1.30664
2013.03.01 00:19:49.240,1.30657,1.30664
2013.03.01 00:19:49.950,1.30655,1.30663
2013.03.01 00:19:50.201,1.30653,1.30662
2013.03.01 00:19:50.657,1.30651,1.30657
2013.03.01 00:19:51.833,1.30648,1.30657
2013.03.01 00:19:52.733,1.30647,1.30653
2013.03.01 00:19:55.230,1.30647,1.30651
2013.03.01 00:19:59.021,1.30647,1.30651
2013.03.01 00:19:59.140,1.30647,1.30653
2013.03.01 00:19:59.550,1.30649,1.30653
2013.03.01 00:20:00.011,1.30647,1.30653
2013.03.01 00:20:00.088,1.30647,1.30653
2013.03.01 00:20:00.198,1.30647,1.30653
2013.03.01 00:20:00.350,1.30649,1.30653
2013.03.01 00:20:01.961,1.30649,1.30653
2013.03.01 00:20:02.493,1.30647,1.30653
2013.03.01 00:20:03.590,1.30647,1.30653
2013.03.01 00:20:03.720,1.30647,1.30653
2013.03.01 00:20:04.701,1.30647,1.30654
2013.03.01 00:20:05.243,1.30647,1.30654
2013.03.01 00:20:05.871,1.30647,1.30654
2013.03.01 00:20:06.458,1.30647,1.30655
2013.03.01 00:20:06.599,1.30647,1.30655
2013.03.01 00:20:11.561,1.30647,1.30656
2013.03.01 00:20:14.152,1.30647,1.30656
2013.03.01 00:20:14.270,1.30648,1.30656
2013.03.01 00:20:14.330,1.30652,1.30658
2013.03.01 00:20:14.728,1.30655,1.30662
2013.03.01 00:20:15.041,1.30657,1.30662
2013.03.01 00:20:16.130,1.30657,1.30664
2013.03.01 00:20:20.922,1.30657,1.30664
2013.03.01 00:20:28.121,1.30656,1.30664
2013.03.01 00:20:30.100,1.30656,1.30664
2013.03.01 00:20:33.021,1.30656,1.30664
2013.03.01 00:20:36.500,1.30656,1.30664
2013.03.01 00:20:36.561,1.30655,1.30664
2013.03.01 00:20:36.920,1.30652,1.30659
2013.03.01 00:20:37.191,1.30651,1.30655
2013.03.01 00:20:37.654,1.30651,1.30656
2013.03.01 00:20:38.539,1.30647,1.30655
2013.03.01 00:20:41.500,1.30647,1.30655
2013.03.01 00:20:57.641,1.30647,1.30656
2013.03.01 00:20:58.052,1.30646,1.30656
2013.03.01 00:21:01.832,1.30646,1.30656
2013.03.01 00:21:14.822,1.30648,1.30657
2013.03.01 00:21:15.810,1.3065,1.30659
2013.03.01 00:21:15.870,1.30654,1.30659
2013.03.01 00:21:16.119,1.30654,1.3066
2013.03.01 00:21:16.631,1.30654,1.30661
2013.03.01 00:21:21.214,1.30658,1.30665
2013.03.01 00:21:21.270,1.30659,1.30666
2013.03.01 00:21:21.790,1.3066,1.30665
2013.03.01 00:21:21.850,1.3066,1.30665
2013.03.01 00:21:23.159,1.3066,1.30666
2013.03.01 00:21:23.489,1.3066,1.30666
2013.03.01 00:21:26.140,1.30661,1.30667
2013.03.01 00:21:26.311,1.3066,1.30666
2013.03.01 00:21:27.961,1.3066,1.30666
2013.03.01 00:21:29.300,1.30662,1.30669
2013.03.01 00:21:29.599,1.30663,1.3067
2013.03.01 00:21:29.779,1.3066,1.30668
2013.03.01 00:21:29.960,1.3066,1.30668
2013.03.01 00:21:33.722,1.30658,1.30668
2013.03.01 00:21:34.030,1.30658,1.30664
2013.03.01 00:21:36.160,1.30658,1.30664
2013.03.01 00:21:37.379,1.30657,1.30664
2013.03.01 00:21:38.359,1.30659,1.30666
2013.03.01 00:21:38.910,1.30659,1.30666
2013.03.01 00:21:42.767,1.30659,1.30666
2013.03.01 00:21:44.280,1.3066,1.30667
2013.03.01 00:21:44.930,1.3066,1.30666
2013.03.01 00:21:45.679,1.30659,1.30666
2013.03.01 00:21:48.092,1.30659,1.30666
2013.03.01 00:21:48.151,1.30658,1.30666
2013.03.01 00:21:48.390,1.30658,1.30666
2013.03.01 00:21:48.450,1.30661,1.30667
2013.03.01 00:21:50.680,1.30662,1.30668
2013.03.01 00:21:51.220,1.30661,1.30669
2013.03.01 00:21:51.922,1.30662,1.30669
2013.03.01 00:21:54.230,1.30664,1.30669
2013.03.01 00:21:54.460,1.30667,1.30672
2013.03.01 00:21:55.481,1.30666,1.30673
2013.03.01 00:21:55.540,1.30666,1.30672
2013.03.01 00:21:55.600,1.30664,1.30672
2013.03.01 00:21:55.661,1.30663,1.30672
2013.03.01 00:21:55.721,1.30662,1.3067
2013.03.01 00:21:55.960,1.30662,1.30666
2013.03.01 00:21:56.575,1.30661,1.30666
2013.03.01 00:22:12.571,1.30659,1.30666
2013.03.01 00:22:12.690,1.30658,1.30665
2013.03.01 00:22:13.303,1.30657,1.30665
2013.03.01 00:22:13.550,1.30657,1.30664
2013.03.01 00:22:13.671,1.30656,1.30664
2013.03.01 00:22:13.731,1.30656,1.30663
2013.03.01 00:22:14.206,1.30652,1.30659
2013.03.01 00:22:14.711,1.30652,1.30659
2013.03.01 00:22:15.123,1.30651,1.30657
2013.03.01 00:22:15.841,1.3065,1.30657
2013.03.01 00:22:17.460,1.3065,1.30657
2013.03.01 00:22:18.072,1.3065,1.30657
2013.03.01 00:22:19.150,1.30651,1.30657
2013.03.01 00:22:19.871,1.3065,1.30657
2013.03.01 00:22:20.409,1.30651,1.30657
2013.03.01 00:22:20.808,1.30651,1.30657
2013.03.01 00:22:21.521,1.30651,1.30657
2013.03.01 00:22:23.981,1.30651,1.30657
2013.03.01 00:22:26.571,1.3065,1.30657
2013.03.01 00:22:29.051,1.30651,1.30657
2013.03.01 00:22:29.611,1.30651,1.30657
2013.03.01 00:22:30.038,1.30649,1.30657
2013.03.01 00:22:37.851,1.30651,1.30658
2013.03.01 00:22:38.291,1.30651,1.30657
2013.03.01 00:22:40.410,1.30653,1.30658
2013.03.01 00:22:43.070,1.30651,1.30658
2013.03.01 00:22:56.001,1.3065,1.30658
2013.03.01 00:22:58.542,1.30651,1.30658
2013.03.01 00:22:59.100,1.3065,1.30656
2013.03.01 00:23:00.160,1.30649,1.30656
2013.03.01 00:23:00.841,1.30651,1.30656
2013.03.01 00:23:01.560,1.3065,1.30658
2013.03.01 00:23:01.619,1.30649,1.30654
2013.03.01 00:23:04.489,1.30649,1.30657
2013.03.01 00:23:12.840,1.30647,1.30653
2013.03.01 00:23:14.930,1.30647,1.30655
2013.03.01 00:23:18.269,1.30649,1.30656
2013.03.01 00:23:18.910,1.30648,1.30657
2013.03.01 00:23:19.030,1.30646,1.30655
2013.03.01 00:23:19.091,1.30647,1.30655
2013.03.01 00:23:19.423,1.30646,1.30653
2013.03.01 00:23:19.541,1.30647,1.30654
2013.03.01 00:23:19.852,1.30647,1.30654
2013.03.01 00:23:19.919,1.30647,1.30654
2013.03.01 00:23:20.757,1.30647,1.30655
2013.03.01 00:23:22.724,1.30647,1.30655
2013.03.01 00:23:23.112,1.30647,1.30655
2013.03.01 00:23:23.830,1.30647,1.30655
2013.03.01 00:23:25.252,1.30647,1.30654
2013.03.01 00:23:25.870,1.30646,1.30653
2013.03.01 00:23:32.921,1.30647,1.30656
2013.03.01 00:23:33.622,1.30647,1.30656
2013.03.01 00:23:43.441,1.30646,1.30655
2013.03.01 00:23:43.627,1.30645,1.3065
2013.03.01 00:23:43.931,1.30643,1.30649
2013.03.01 00:23:44.290,1.30641,1.30649
2013.03.01 00:23:44.740,1.30642,1.30649
2013.03.01 00:23:45.840,1.30641,1.30649
2013.03.01 00:23:48.522,1.3064,1.30649
2013.03.01 00:23:53.970,1.30641,1.30648
2013.03.01 00:23:54.031,1.30642,1.30648
2013.03.01 00:23:55.092,1.3064,1.30648
2013.03.01 00:23:55.900,1.3064,1.30648
2013.03.01 00:24:03.110,1.3064,1.30648
2013.03.01 00:24:07.982,1.30644,1.30648
2013.03.01 00:24:08.340,1.30646,1.30652
2013.03.01 00:24:08.400,1.30649,1.30654
2013.03.01 00:24:08.942,1.30649,1.30653
2013.03.01 00:24:09.142,1.30649,1.30654
2013.03.01 00:24:09.260,1.30649,1.30654
2013.03.01 00:24:09.838,1.30649,1.30654
2013.03.01 00:24:10.561,1.30647,1.30654
2013.03.01 00:24:11.085,1.30646,1.30654
2013.03.01 00:24:11.151,1.30643,1.30649
2013.03.01 00:24:11.271,1.30642,1.30649
2013.03.01 00:24:13.963,1.30639,1.30647
2013.03.01 00:24:19.064,1.30639,1.30647
2013.03.01 00:24:19.652,1.30639,1.30647
2013.03.01 00:24:20.693,1.30639,1.30647
2013.03.01 00:24:22.762,1.30638,1.30645
2013.03.01 00:24:23.400,1.30638,1.30645
2013.03.01 00:24:24.323,1.30639,1.30645
2013.03.01 00:24:27.103,1.30638,1.30645
2013.03.01 00:24:27.452,1.30637,1.30645
2013.03.01 00:24:27.511,1.30637,1.30644
2013.03.01 00:24:35.793,1.30635,1.30643
2013.03.01 00:24:36.502,1.30637,1.30643
2013.03.01 00:24:37.911,1.30637,1.30643
2013.03.01 00:24:43.741,1.30637,1.30643
2013.03.01 00:24:44.282,1.30634,1.30644
2013.03.01 00:24:45.310,1.30634,1.30642
2013.03.01 00:24:45.432,1.30632,1.30638
2013.03.01 00:24:45.671,1.30627,1.30636
2013.03.01 00:24:45.730,1.3063,1.30636
2013.03.01 00:24:45.911,1.30628,1.30636
2013.03.01 00:24:46.276,1.30631,1.30636
2013.03.01 00:24:46.631,1.30627,1.30636
2013.03.01 00:24:47.411,1.30627,1.30635
2013.03.01 00:24:48.250,1.30628,1.30635
2013.03.01 00:24:48.370,1.30629,1.30635
2013.03.01 00:24:48.687,1.3063,1.30636
2013.03.01 00:24:48.810,1.30632,1.30638
2013.03.01 00:24:48.870,1.30632,1.30638
2013.03.01 00:24:49.050,1.30629,1.30637
2013.03.01 00:24:49.601,1.3063,1.30637
2013.03.01 00:24:49.822,1.3063,1.30637
2013.03.01 00:24:53.054,1.3063,1.30638
2013.03.01 00:24:55.300,1.3063,1.30638
2013.03.01 00:24:55.953,1.30629,1.30638
2013.03.01 00:24:59.773,1.3063,1.30637
2013.03.01 00:25:00.380,1.30629,1.30637
2013.03.01 00:25:02.361,1.30629,1.30637
2013.03.01 00:25:02.920,1.30629,1.30637
2013.03.01 00:25:03.283,1.30629,1.30638
2013.03.01 00:25:04.540,1.30629,1.30637
2013.03.01 00:25:06.420,1.30629,1.30637
2013.03.01 00:25:21.751,1.30629,1.30636
2013.03.01 00:25:22.102,1.30629,1.30636
2013.03.01 00:25:22.220,1.30629,1.30638
2013.03.01 00:25:33.581,1.30629,1.30637
2013.03.01 00:25:34.090,1.30629,1.30636
2013.03.01 00:25:40.504,1.30629,1.30638
2013.03.01 00:25:40.994,1.30629,1.30637
2013.03.01 00:25:42.186,1.30629,1.30636
2013.03.01 00:25:55.487,1.30629,1.30637
2013.03.01 00:26:07.840,1.30629,1.30637
2013.03.01 00:26:07.905,1.30627,1.30633
2013.03.01 00:26:08.432,1.30626,1.30633
2013.03.01 00:26:15.130,1.30625,1.30634
2013.03.01 00:26:15.255,1.30624,1.30634
2013.03.01 00:26:15.870,1.30624,1.30634
2013.03.01 00:26:16.171,1.30622,1.30629
2013.03.01 00:26:16.231,1.30622,1.30629
2013.03.01 00:26:16.753,1.30621,1.30627
2013.03.01 00:26:17.560,1.30615,1.30627
2013.03.01 00:26:18.891,1.30618,1.30625
2013.03.01 00:26:24.301,1.30618,1.30625
2013.03.01 00:26:24.820,1.30618,1.30623
2013.03.01 00:26:29.261,1.30615,1.30622
2013.03.01 00:26:29.380,1.30614,1.30622
2013.03.01 00:26:29.741,1.30615,1.30622
2013.03.01 00:26:30.665,1.30615,1.30623
2013.03.01 00:26:31.220,1.30617,1.30624
2013.03.01 00:26:31.831,1.30617,1.30624
2013.03.01 00:26:34.461,1.30617,1.30624
2013.03.01 00:26:41.963,1.30617,1.30624
2013.03.01 00:26:46.911,1.30618,1.30625
2013.03.01 00:26:47.441,1.30619,1.30626
2013.03.01 00:26:48.070,1.30619,1.30625
2013.03.01 00:26:49.920,1.3062,1.30627
2013.03.01 00:26:51.630,1.3062,1.30627
2013.03.01 00:26:53.336,1.3062,1.30627
2013.03.01 00:26:53.590,1.30626,1.30633
2013.03.01 00:26:53.781,1.30629,1.30633
2013.03.01 00:26:54.260,1.30631,1.30639
2013.03.01 00:26:56.950,1.30631,1.30639
2013.03.01 00:26:57.130,1.30635,1.30642
2013.03.01 00:26:57.250,1.30635,1.30642
2013.03.01 00:26:57.838,1.30635,1.30643
2013.03.01 00:26:59.663,1.30635,1.30642
2013.03.01 00:27:00.171,1.30635,1.30642
2013.03.01 00:27:00.410,1.30634,1.3064
2013.03.01 00:27:00.711,1.30632,1.30638
2013.03.01 00:27:01.271,1.3063,1.30637
2013.03.01 00:27:05.384,1.3063,1.30634
2013.03.01 00:27:06.036,1.30627,1.30631
2013.03.01 00:27:06.104,1.30623,1.30628
2013.03.01 00:27:06.672,1.30622,1.30629
2013.03.01 00:27:06.735,1.30622,1.3063
2013.03.01 00:27:07.041,1.30625,1.3063
2013.03.01 00:27:07.262,1.30625,1.30632
2013.03.01 00:27:07.922,1.30625,1.30632
2013.03.01 00:27:08.192,1.30626,1.30635
2013.03.01 00:27:08.691,1.30627,1.30636
2013.03.01 00:27:09.052,1.30626,1.30636
2013.03.01 00:27:10.721,1.30625,1.30634
2013.03.01 00:27:10.781,1.30625,1.30632
2013.03.01 00:27:11.222,1.30626,1.30634
2013.03.01 00:27:12.105,1.30626,1.30635
2013.03.01 00:27:14.331,1.30631,1.30638
2013.03.01 00:27:14.601,1.30631,1.30638
2013.03.01 00:27:20.341,1.30631,1.30638
2013.03.01 00:27:20.622,1.30631,1.30639
2013.03.01 00:27:24.862,1.30629,1.30638
2013.03.01 00:27:47.752,1.30631,1.30638
2013.03.01 00:27:49.745,1.30631,1.30638
2013.03.01 00:27:51.375,1.30631,1.30638
2013.03.01 00:27:52.753,1.30631,1.30638
2013.03.01 00:27:53.462,1.30631,1.30638
2013.03.01 00:27:53.721,1.30631,1.30638
2013.03.01 00:27:54.893,1.30631,1.30639
2013.03.01 00:27:57.471,1.30631,1.30639
2013.03.01 00:28:06.562,1.30629,1.30637
2013.03.01 00:28:12.231,1.3063,1.30637
2013.03.01 00:28:14.691,1.30631,1.30638
2013.03.01 00:28:14.941,1.30631,1.30638
2013.03.01 00:28:17.241,1.30631,1.30638
2013.03.01 00:28:17.301,1.30631,1.30641
2013.03.01 00:28:18.252,1.30637,1.30644
2013.03.01 00:28:18.491,1.30639,1.30644
2013.03.01 00:28:19.035,1.30639,1.30647
2013.03.01 00:28:19.696,1.30638,1.30647
2013.03.01 00:28:20.233,1.30639,1.30647
2013.03.01 00:28:20.773,1.30642,1.30647
2013.03.01 00:28:21.201,1.3064,1.30648
2013.03.01 00:28:24.537,1.30642,1.3065
2013.03.01 00:28:25.015,1.30642,1.30649
2013.03.01 00:28:25.551,1.30642,1.3065
2013.03.01 00:28:28.672,1.30641,1.3065
2013.03.01 00:28:29.887,1.30642,1.30649
2013.03.01 00:28:30.691,1.3064,1.30649
2013.03.01 00:28:31.203,1.30642,1.30649
2013.03.01 00:28:32.297,1.30641,1.30648
2013.03.01 00:28:35.644,1.3064,1.30645
2013.03.01 00:28:39.241,1.30638,1.30644
2013.03.01 00:28:39.441,1.30637,1.30642
2013.03.01 00:28:43.112,1.30636,1.30642
2013.03.01 00:28:43.351,1.30636,1.3064
2013.03.01 00:28:43.794,1.30635,1.3064
2013.03.01 00:28:45.514,1.30638,1.30641
2013.03.01 00:28:45.582,1.30639,1.30643
2013.03.01 00:28:46.041,1.30639,1.30645
2013.03.01 00:28:46.543,1.30639,1.30643
2013.03.01 00:28:47.102,1.30638,1.30642
2013.03.01 00:28:47.291,1.30639,1.30645
2013.03.01 00:28:47.800,1.30639,1.30646
2013.03.01 00:28:49.671,1.30639,1.30646
2013.03.01 00:28:50.231,1.30639,1.30646
2013.03.01 00:28:50.590,1.30641,1.30648
2013.03.01 00:28:50.871,1.30641,1.30648
2013.03.01 00:28:52.402,1.30642,1.30648
2013.03.01 00:28:59.981,1.30641,1.30648
2013.03.01 00:29:00.572,1.30644,1.30649
2013.03.01 00:29:01.131,1.30644,1.30649
2013.03.01 00:29:02.911,1.30643,1.30649
2013.03.01 00:29:04.351,1.30642,1.30647
2013.03.01 00:29:04.411,1.30642,1.30644
2013.03.01 00:29:04.753,1.30639,1.30644
2013.03.01 00:29:05.911,1.30639,1.30644
2013.03.01 00:29:06.600,1.3064,1.30644
2013.03.01 00:29:07.360,1.3064,1.30644
2013.03.01 00:29:07.540,1.30642,1.30646
2013.03.01 00:29:08.142,1.30642,1.30648
2013.03.01 00:29:12.610,1.30641,1.30648
2013.03.01 00:29:19.483,1.30641,1.30648
2013.03.01 00:29:20.280,1.30641,1.30648
2013.03.01 00:29:23.461,1.30641,1.30648
2013.03.01 00:29:23.909,1.30641,1.30647
2013.03.01 00:29:24.271,1.30641,1.30646
2013.03.01 00:29:27.752,1.30641,1.30648
2013.03.01 00:29:32.042,1.30641,1.30646
2013.03.01 00:29:32.262,1.30641,1.30648
2013.03.01 00:29:39.790,1.30641,1.30648
2013.03.01 00:29:43.784,1.30641,1.30647
2013.03.01 00:29:44.285,1.30639,1.30647
2013.03.01 00:29:46.832,1.30636,1.30647
2013.03.01 00:29:47.206,1.30639,1.30647
2013.03.01 00:29:47.782,1.3064,1.30647
2013.03.01 00:29:49.027,1.30641,1.30647
2013.03.01 00:29:50.611,1.30641,1.30647
2013.03.01 00:29:51.280,1.30641,1.30647
2013.03.01 00:29:59.033,1.30641,1.30648
2013.03.01 00:30:01.172,1.30641,1.30648
2013.03.01 00:30:05.300,1.30641,1.30648
2013.03.01 00:30:05.811,1.30641,1.30648
2013.03.01 00:30:18.740,1.30641,1.30648
2013.03.01 00:30:19.430,1.30641,1.30648
2013.03.01 00:30:20.930,1.30641,1.30648
2013.03.01 00:30:22.231,1.30636,1.30649
2013.03.01 00:30:23.536,1.30636,1.30651
2013.03.01 00:30:24.321,1.30636,1.30651
2013.03.01 00:30:27.113,1.30638,1.30649
2013.03.01 00:30:28.700,1.30642,1.30651
2013.03.01 00:30:29.003,1.30645,1.30652
2013.03.01 00:30:29.323,1.30646,1.30654
2013.03.01 00:30:36.833,1.30649,1.30656
2013.03.01 00:30:38.812,1.30649,1.30656
2013.03.01 00:30:47.066,1.30646,1.30657
2013.03.01 00:30:47.131,1.30649,1.30655
2013.03.01 00:30:47.895,1.30647,1.30658
2013.03.01 00:31:01.963,1.30649,1.30655
2013.03.01 00:31:02.851,1.30646,1.30656
2013.03.01 00:31:03.672,1.30649,1.30656
2013.03.01 00:31:05.940,1.30646,1.30656
2013.03.01 00:31:06.156,1.30649,1.30656
2013.03.01 00:31:06.256,1.30649,1.30656
2013.03.01 00:31:06.743,1.30649,1.30656
2013.03.01 00:31:20.390,1.30649,1.30657
2013.03.01 00:31:21.363,1.30649,1.30657
2013.03.01 00:31:21.670,1.30649,1.30657
2013.03.01 00:31:24.080,1.30649,1.30657
2013.03.01 00:31:26.422,1.30649,1.30657
2013.03.01 00:31:41.272,1.3065,1.30658
2013.03.01 00:31:44.800,1.30651,1.30658
2013.03.01 00:31:46.788,1.30649,1.30658
2013.03.01 00:31:49.302,1.30649,1.30658
2013.03.01 00:31:52.070,1.30649,1.30658
2013.03.01 00:31:54.500,1.30648,1.30655
2013.03.01 00:31:54.824,1.30648,1.30655
2013.03.01 00:31:55.572,1.30648,1.30655
2013.03.01 00:31:57.720,1.30648,1.30655
2013.03.01 00:32:24.921,1.3065,1.30655
2013.03.01 00:32:30.767,1.30649,1.30655
2013.03.01 00:32:36.841,1.30646,1.30653
2013.03.01 00:32:37.051,1.30649,1.30654
2013.03.01 00:32:37.607,1.30649,1.30655
2013.03.01 00:32:38.630,1.30649,1.30654
2013.03.01 00:32:43.451,1.3065,1.30657
2013.03.01 00:32:43.870,1.30651,1.30657
2013.03.01 00:32:46.601,1.3065,1.30657
2013.03.01 00:32:51.772,1.3065,1.30658
2013.03.01 00:32:54.034,1.3065,1.30657
2013.03.01 00:32:58.991,1.3065,1.30657
2013.03.01 00:33:12.077,1.30648,1.30657
2013.03.01 00:33:12.530,1.30648,1.30656
2013.03.01 00:33:18.951,1.30648,1.30656
2013.03.01 00:33:32.727,1.30648,1.30656
2013.03.01 00:33:42.400,1.30648,1.30656
2013.03.01 00:33:46.021,1.30648,1.30656
2013.03.01 00:33:46.932,1.30652,1.30657
2013.03.01 00:33:47.279,1.30656,1.30664
2013.03.01 00:33:47.394,1.30658,1.30663
2013.03.01 00:33:48.391,1.30659,1.30666
2013.03.01 00:33:56.463,1.30659,1.30666
2013.03.01 00:34:00.762,1.30659,1.30666
2013.03.01 00:34:08.689,1.30659,1.30666
2013.03.01 00:34:10.331,1.30659,1.30666
2013.03.01 00:34:11.291,1.30659,1.30666
2013.03.01 00:34:11.651,1.30656,1.30664
2013.03.01 00:34:12.251,1.30657,1.30664
2013.03.01 00:34:13.734,1.30656,1.30664
2013.03.01 00:34:15.441,1.30656,1.30664
2013.03.01 00:34:15.961,1.30656,1.30663
2013.03.01 00:34:16.418,1.30651,1.30658
2013.03.01 00:34:16.731,1.3065,1.30656
2013.03.01 00:34:17.851,1.30648,1.30657
2013.03.01 00:34:18.411,1.30649,1.30657
2013.03.01 00:34:18.471,1.3065,1.30657
2013.03.01 00:34:19.021,1.3065,1.30657
2013.03.01 00:34:19.441,1.3065,1.30658
2013.03.01 00:34:21.511,1.30649,1.30657
2013.03.01 00:34:23.664,1.3065,1.30657
2013.03.01 00:34:25.351,1.3065,1.30657
2013.03.01 00:34:25.411,1.3065,1.30657
2013.03.01 00:34:27.091,1.30649,1.30657
2013.03.01 00:34:29.211,1.30647,1.30655
2013.03.01 00:34:29.792,1.30647,1.30654
2013.03.01 00:34:32.362,1.30646,1.30654
2013.03.01 00:34:32.891,1.30648,1.30655
2013.03.01 00:34:34.111,1.30648,1.30655
2013.03.01 00:34:39.743,1.30648,1.30656
2013.03.01 00:34:44.872,1.30648,1.30656
2013.03.01 00:34:51.861,1.30647,1.30656
2013.03.01 00:34:52.404,1.30648,1.30656
2013.03.01 00:34:53.133,1.30648,1.30656
2013.03.01 00:35:04.933,1.30647,1.30655
2013.03.01 00:36:02.672,1.30647,1.30654
2013.03.01 00:36:04.221,1.30648,1.30655
2013.03.01 00:36:04.771,1.30647,1.30655
2013.03.01 00:36:07.691,1.30648,1.30655
2013.03.01 00:36:07.811,1.30651,1.30655
2013.03.01 00:36:09.802,1.30648,1.30655
2013.03.01 00:36:10.304,1.30646,1.30654
2013.03.01 00:36:10.372,1.30647,1.30654
2013.03.01 00:36:15.462,1.30647,1.30654
2013.03.01 00:36:15.801,1.30646,1.30654
2013.03.01 00:36:16.501,1.30647,1.30655
2013.03.01 00:36:16.561,1.30647,1.30655
2013.03.01 00:36:17.181,1.30647,1.30655
2013.03.01 00:36:18.914,1.30647,1.30654
2013.03.01 00:36:19.854,1.30647,1.30654
2013.03.01 00:36:24.132,1.30647,1.30655
2013.03.01 00:36:32.726,1.30647,1.30655
2013.03.01 00:36:33.984,1.30647,1.30655
2013.03.01 00:36:44.273,1.30647,1.30655
2013.03.01 00:36:44.821,1.30647,1.30655
2013.03.01 00:36:45.341,1.30647,1.30654
2013.03.01 00:36:48.411,1.30647,1.30656
2013.03.01 00:36:48.611,1.30647,1.30655
2013.03.01 00:36:50.402,1.30647,1.30655
2013.03.01 00:36:51.713,1.30647,1.30655
2013.03.01 00:36:52.512,1.30647,1.30655
2013.03.01 00:36:57.192,1.30648,1.30656
2013.03.01 00:36:59.534,1.30649,1.30656
2013.03.01 00:37:04.232,1.30648,1.30656
2013.03.01 00:37:05.081,1.30649,1.30656
2013.03.01 00:37:10.394,1.30649,1.30656
2013.03.01 00:37:11.571,1.3065,1.30657
2013.03.01 00:37:11.932,1.30655,1.30661
2013.03.01 00:37:12.258,1.30656,1.30661
2013.03.01 00:37:18.731,1.30654,1.30662
2013.03.01 00:37:19.303,1.30654,1.30661
2013.03.01 00:37:19.741,1.30654,1.30661
2013.03.01 00:37:20.071,1.30654,1.30662
2013.03.01 00:37:20.291,1.30654,1.30662
2013.03.01 00:37:26.171,1.30657,1.30664
2013.03.01 00:37:26.231,1.30657,1.30664
2013.03.01 00:37:35.913,1.30657,1.30664
2013.03.01 00:37:40.423,1.30655,1.30664
2013.03.01 00:37:41.013,1.30654,1.30664
2013.03.01 00:37:46.551,1.30657,1.30665
2013.03.01 00:37:50.033,1.30657,1.30665
2013.03.01 00:37:51.282,1.30657,1.30663
2013.03.01 00:38:00.333,1.30659,1.30663
2013.03.01 00:38:00.962,1.30657,1.30663
2013.03.01 00:38:01.575,1.30656,1.30663
2013.03.01 00:38:06.853,1.30657,1.30663
2013.03.01 00:38:10.995,1.30657,1.30664
2013.03.01 00:38:15.462,1.30656,1.30664
2013.03.01 00:38:21.125,1.30657,1.30662
2013.03.01 00:38:46.102,1.30657,1.30664
2013.03.01 00:38:50.983,1.30657,1.30663
2013.03.01 00:38:55.765,1.30657,1.30664
2013.03.01 00:38:58.742,1.30657,1.30665
2013.03.01 00:38:59.174,1.30657,1.30665
2013.03.01 00:39:15.493,1.30657,1.30663
2013.03.01 00:39:34.382,1.30657,1.30664
2013.03.01 00:39:34.884,1.30658,1.30664
2013.03.01 00:39:54.110,1.30658,1.30665
2013.03.01 00:40:34.864,1.30658,1.30666
2013.03.01 00:40:35.581,1.30658,1.30665
2013.03.01 00:40:47.221,1.30658,1.30664
2013.03.01 00:40:58.633,1.30656,1.30664
2013.03.01 00:41:07.301,1.30656,1.30664
2013.03.01 00:41:07.915,1.30658,1.30666
2013.03.01 00:41:07.991,1.30657,1.30664
2013.03.01 00:41:08.702,1.30657,1.30663
2013.03.01 00:41:09.258,1.30657,1.30663
2013.03.01 00:41:09.442,1.30656,1.30663
2013.03.01 00:41:17.341,1.30653,1.3066
2013.03.01 00:41:17.662,1.30651,1.30655
2013.03.01 00:41:21.063,1.30647,1.30653
2013.03.01 00:41:21.733,1.30647,1.30654
2013.03.01 00:41:27.093,1.30647,1.30654
2013.03.01 00:41:33.991,1.30647,1.30654
2013.03.01 00:41:39.004,1.30647,1.30655
2013.03.01 00:41:40.103,1.30647,1.30655
2013.03.01 00:42:10.482,1.30648,1.30655
2013.03.01 00:42:11.213,1.3065,1.30657
2013.03.01 00:42:19.872,1.30651,1.30657
2013.03.01 00:42:20.364,1.30652,1.30657
2013.03.01 00:42:21.952,1.30652,1.30658
2013.03.01 00:42:22.132,1.30654,1.30661
2013.03.01 00:42:25.265,1.30655,1.30663
2013.03.01 00:42:27.484,1.30654,1.3066
2013.03.01 00:42:27.543,1.30654,1.3066
2013.03.01 00:42:27.603,1.30654,1.3066
2013.03.01 00:42:27.963,1.3065,1.30656
2013.03.01 00:42:29.209,1.30647,1.30656
2013.03.01 00:42:34.602,1.30646,1.30652
2013.03.01 00:42:36.172,1.30646,1.30652
2013.03.01 00:42:45.068,1.30646,1.30652
2013.03.01 00:42:45.191,1.30647,1.30653
2013.03.01 00:42:48.322,1.30647,1.30655
2013.03.01 00:42:51.733,1.30648,1.30655
2013.03.01 00:42:55.652,1.30648,1.30655
2013.03.01 00:43:02.758,1.30647,1.30654
2013.03.01 00:43:02.944,1.30648,1.30654
2013.03.01 00:43:12.022,1.30646,1.30654
2013.03.01 00:43:22.132,1.30646,1.30656
2013.03.01 00:43:27.518,1.30646,1.30654
2013.03.01 00:44:05.713,1.30645,1.30653
2013.03.01 00:44:25.607,1.30645,1.30653
2013.03.01 00:44:26.833,1.30645,1.30654
2013.03.01 00:44:27.232,1.30645,1.30654
2013.03.01 00:44:34.858,1.30646,1.30654
2013.03.01 00:44:35.742,1.30646,1.30654
2013.03.01 00:44:36.344,1.30644,1.30652
2013.03.01 00:44:36.893,1.30644,1.30652
2013.03.01 00:44:53.675,1.30643,1.3065
2013.03.01 00:44:53.983,1.30639,1.30645
2013.03.01 00:44:54.665,1.30639,1.30646
2013.03.01 00:44:56.713,1.30641,1.30646
2013.03.01 00:44:57.471,1.30641,1.30646
2013.03.01 00:44:58.014,1.30641,1.30646
2013.03.01 00:44:58.253,1.30641,1.30646
2013.03.01 00:44:58.814,1.30637,1.30644
2013.03.01 00:44:59.492,1.30637,1.30646
2013.03.01 00:44:59.555,1.30637,1.30646
2013.03.01 00:45:00.083,1.30639,1.30648
2013.03.01 00:45:06.837,1.3064,1.30648
2013.03.01 00:45:07.973,1.30639,1.30648
2013.03.01 00:45:09.973,1.30639,1.30647
2013.03.01 00:45:13.465,1.30638,1.30646
2013.03.01 00:45:13.994,1.30637,1.30646
2013.03.01 00:45:24.064,1.30636,1.30644
2013.03.01 00:45:24.903,1.30636,1.30645
2013.03.01 00:45:42.003,1.30637,1.30646
2013.03.01 00:45:42.784,1.30637,1.30646
2013.03.01 00:45:42.990,1.30636,1.30645
2013.03.01 00:45:43.058,1.30636,1.30643
2013.03.01 00:45:43.379,1.30637,1.30646
2013.03.01 00:45:43.564,1.30637,1.30646
2013.03.01 00:45:56.164,1.30638,1.30646
2013.03.01 00:45:56.284,1.30639,1.30646
2013.03.01 00:46:08.624,1.30638,1.30646
2013.03.01 00:46:08.925,1.30638,1.30646
2013.03.01 00:46:09.466,1.30637,1.30644
2013.03.01 00:46:12.984,1.30637,1.30646
2013.03.01 00:46:13.355,1.30637,1.30646
2013.03.01 00:46:13.864,1.30637,1.30646
2013.03.01 00:46:16.085,1.30637,1.30646
2013.03.01 00:46:33.803,1.30637,1.30645
2013.03.01 00:46:34.206,1.30637,1.30646
2013.03.01 00:46:36.065,1.30637,1.30647
2013.03.01 00:46:37.954,1.30637,1.30646
2013.03.01 00:46:38.496,1.30639,1.30647
2013.03.01 00:46:43.144,1.30637,1.30646
2013.03.01 00:46:57.325,1.30637,1.30647
2013.03.01 00:46:58.174,1.30637,1.30647
2013.03.01 00:47:00.934,1.30637,1.30647
2013.03.01 00:47:01.454,1.30637,1.30647
2013.03.01 00:47:03.224,1.30637,1.30647
2013.03.01 00:47:06.585,1.30637,1.30646
2013.03.01 00:47:09.214,1.30637,1.30646
2013.03.01 00:47:09.875,1.30637,1.30646
2013.03.01 00:47:16.124,1.30638,1.30646
2013.03.01 00:47:16.700,1.30639,1.30647
2013.03.01 00:47:20.015,1.30639,1.30647
2013.03.01 00:47:21.575,1.30641,1.30647
2013.03.01 00:47:36.115,1.3064,1.30649
2013.03.01 00:47:49.404,1.3064,1.30649
2013.03.01 00:48:00.404,1.3064,1.30649
2013.03.01 00:48:03.164,1.3064,1.30648
2013.03.01 00:48:06.305,1.3064,1.30648
2013.03.01 00:48:07.614,1.30639,1.30649
2013.03.01 00:48:12.407,1.30639,1.30649
2013.03.01 00:48:12.955,1.30639,1.30648
2013.03.01 00:48:16.094,1.30641,1.30648
2013.03.01 00:48:16.784,1.3064,1.30648
2013.03.01 00:48:31.394,1.30641,1.30649
2013.03.01 00:48:32.057,1.3064,1.30648
2013.03.01 00:48:42.284,1.30639,1.30648
2013.03.01 00:48:42.645,1.30637,1.30646
2013.03.01 00:48:42.947,1.30636,1.30646
2013.03.01 00:48:43.575,1.30639,1.30647
2013.03.01 00:48:44.295,1.30639,1.30648
2013.03.01 00:48:44.936,1.3064,1.30649
2013.03.01 00:48:46.004,1.3064,1.30649
2013.03.01 00:48:47.494,1.30639,1.30647
2013.03.01 00:48:47.614,1.30638,1.30647
2013.03.01 00:48:47.795,1.30638,1.30647
2013.03.01 00:48:47.914,1.30639,1.30648
2013.03.01 00:48:52.404,1.30641,1.30649
2013.03.01 00:48:52.944,1.30641,1.30649
2013.03.01 00:49:10.625,1.30641,1.30649
2013.03.01 00:49:11.247,1.30641,1.30649
2013.03.01 00:49:11.645,1.30644,1.30651
2013.03.01 00:49:11.713,1.30643,1.3065
2013.03.01 00:49:12.255,1.30642,1.3065
2013.03.01 00:49:12.495,1.30642,1.30649
2013.03.01 00:49:13.055,1.30642,1.3065
2013.03.01 00:49:14.546,1.30645,1.3065
2013.03.01 00:49:14.606,1.30646,1.3065
2013.03.01 00:49:14.666,1.30647,1.30653
2013.03.01 00:49:14.906,1.30649,1.30657
2013.03.01 00:49:15.444,1.30647,1.30656
2013.03.01 00:49:15.984,1.30647,1.30656
2013.03.01 00:49:16.347,1.30649,1.30657
2013.03.01 00:49:17.014,1.30647,1.30656
2013.03.01 00:49:17.767,1.30646,1.30655
2013.03.01 00:49:18.354,1.30646,1.30654
2013.03.01 00:49:18.534,1.30644,1.30653
2013.03.01 00:49:18.595,1.30644,1.30651
2013.03.01 00:49:18.655,1.30642,1.30648
2013.03.01 00:49:19.014,1.3064,1.30648
2013.03.01 00:49:19.530,1.30641,1.3065
2013.03.01 00:49:19.598,1.30643,1.30651
2013.03.01 00:49:19.666,1.30643,1.30653
2013.03.01 00:49:19.905,1.30646,1.30654
2013.03.01 00:49:20.444,1.30647,1.30655
2013.03.01 00:49:21.444,1.30647,1.30656
2013.03.01 00:49:23.596,1.30647,1.30656
2013.03.01 00:49:23.954,1.30649,1.30657
2013.03.01 00:49:26.474,1.30647,1.30656
2013.03.01 00:49:27.143,1.30647,1.30656
2013.03.01 00:49:28.155,1.30647,1.30657
2013.03.01 00:49:28.754,1.30649,1.30658
2013.03.01 00:49:29.174,1.30648,1.30657
2013.03.01 00:49:29.641,1.30648,1.30655
2013.03.01 00:49:30.444,1.30648,1.30655
2013.03.01 00:49:32.654,1.30648,1.30654
2013.03.01 00:49:33.194,1.30649,1.30655
2013.03.01 00:49:33.375,1.30649,1.30655
2013.03.01 00:49:33.434,1.30645,1.30654
2013.03.01 00:49:33.795,1.30641,1.30646
2013.03.01 00:49:33.915,1.30641,1.30646
2013.03.01 00:49:36.016,1.3064,1.30646
2013.03.01 00:49:36.555,1.3064,1.30648
2013.03.01 00:49:36.944,1.3064,1.30648
2013.03.01 00:49:38.565,1.30642,1.30649
2013.03.01 00:49:39.225,1.30644,1.30651
2013.03.01 00:49:39.286,1.30644,1.30651
2013.03.01 00:49:39.347,1.30644,1.30651
2013.03.01 00:49:39.774,1.30642,1.30648
2013.03.01 00:49:41.574,1.30642,1.30649
2013.03.01 00:49:45.856,1.30642,1.30648
2013.03.01 00:49:47.065,1.30642,1.30648
2013.03.01 00:49:47.584,1.3064,1.30648
2013.03.01 00:49:47.855,1.30642,1.30648
2013.03.01 00:49:50.035,1.30642,1.30648
2013.03.01 00:50:00.045,1.30644,1.30649
2013.03.01 00:50:03.776,1.30642,1.3065
2013.03.01 00:50:03.834,1.30645,1.3065
2013.03.01 00:50:03.897,1.30645,1.3065
2013.03.01 00:50:03.978,1.30647,1.30653
2013.03.01 00:50:04.225,1.30647,1.30655
2013.03.01 00:50:04.818,1.30648,1.30657
2013.03.01 00:50:09.926,1.3065,1.30658
2013.03.01 00:50:10.464,1.30652,1.30657
2013.03.01 00:50:14.955,1.30651,1.30657
2013.03.01 00:50:15.314,1.3065,1.30657
2013.03.01 00:50:18.135,1.30649,1.30656
2013.03.01 00:50:20.904,1.3065,1.30656
2013.03.01 00:50:21.425,1.3065,1.30658
2013.03.01 00:50:24.088,1.30651,1.30658
2013.03.01 00:50:25.895,1.30651,1.30658
2013.03.01 00:50:26.607,1.30651,1.30658
2013.03.01 00:50:27.485,1.3065,1.30657
2013.03.01 00:50:27.546,1.3065,1.30657
2013.03.01 00:50:30.825,1.30652,1.30658
2013.03.01 00:50:59.779,1.30652,1.30658
2013.03.01 00:51:12.586,1.30652,1.30658
2013.03.01 00:51:20.793,1.30652,1.30659
2013.03.01 00:51:27.135,1.30652,1.30659
2013.03.01 00:52:00.334,1.30652,1.30659
2013.03.01 00:52:14.454,1.30653,1.30659
2013.03.01 00:52:20.256,1.30653,1.30659
2013.03.01 00:52:27.294,1.30653,1.30659
2013.03.01 00:52:27.956,1.30653,1.30659
2013.03.01 00:52:28.195,1.30655,1.3066
2013.03.01 00:52:37.914,1.30653,1.30659
2013.03.01 00:52:46.965,1.30653,1.30659
2013.03.01 00:52:55.575,1.30653,1.30659
2013.03.01 00:52:55.754,1.30653,1.30659
2013.03.01 00:53:00.338,1.30652,1.3066
2013.03.01 00:53:01.345,1.30652,1.30659
2013.03.01 00:53:03.916,1.30654,1.3066
2013.03.01 00:53:04.456,1.30654,1.30659
2013.03.01 00:53:07.386,1.30651,1.30658
2013.03.01 00:53:12.554,1.3065,1.30658
2013.03.01 00:53:20.105,1.3065,1.30658
2013.03.01 00:53:27.484,1.30651,1.30658
2013.03.01 00:53:31.705,1.30651,1.30658
2013.03.01 00:53:35.085,1.30652,1.30658
2013.03.01 00:53:47.195,1.30651,1.30658
2013.03.01 00:53:55.224,1.30651,1.30658
2013.03.01 00:54:03.285,1.30652,1.30659
2013.03.01 00:54:03.685,1.30652,1.30659
2013.03.01 00:54:04.105,1.30656,1.30664
2013.03.01 00:54:04.406,1.30657,1.30664
2013.03.01 00:54:06.385,1.30659,1.30664
2013.03.01 00:54:06.636,1.30658,1.30663
2013.03.01 00:54:06.757,1.30656,1.30661
2013.03.01 00:54:07.185,1.30655,1.30662
2013.03.01 00:54:07.305,1.30656,1.30663
2013.03.01 00:54:07.426,1.30657,1.30665
2013.03.01 00:54:07.726,1.3066,1.30667
2013.03.01 00:54:08.266,1.3066,1.30667
2013.03.01 00:54:08.979,1.3066,1.30667
2013.03.01 00:54:15.858,1.30662,1.30669
2013.03.01 00:54:15.931,1.30662,1.30669
2013.03.01 00:54:16.357,1.30662,1.30669
2013.03.01 00:54:16.715,1.3066,1.30669
2013.03.01 00:54:16.838,1.30664,1.30671
2013.03.01 00:54:16.907,1.30665,1.30671
2013.03.01 00:54:17.506,1.30664,1.30672
2013.03.01 00:54:17.926,1.30662,1.30669
2013.03.01 00:54:18.886,1.30662,1.30669
2013.03.01 00:54:18.946,1.30664,1.30669
2013.03.01 00:54:19.305,1.30665,1.30672
2013.03.01 00:54:19.664,1.30667,1.30672
2013.03.01 00:54:20.856,1.30667,1.30671
2013.03.01 00:54:22.154,1.30667,1.30672
2013.03.01 00:54:23.146,1.3067,1.30675
2013.03.01 00:54:23.215,1.30671,1.30675
2013.03.01 00:54:23.277,1.30672,1.30678
2013.03.01 00:54:23.645,1.30672,1.30676
2013.03.01 00:54:24.205,1.30672,1.30677
2013.03.01 00:54:24.748,1.30671,1.30676
2013.03.01 00:54:24.827,1.30669,1.30676
2013.03.01 00:54:25.136,1.30669,1.30676
2013.03.01 00:54:26.335,1.30668,1.30675
2013.03.01 00:54:27.285,1.30668,1.30675
2013.03.01 00:54:27.825,1.30669,1.30676
2013.03.01 00:54:29.325,1.30668,1.30673
2013.03.01 00:54:29.516,1.30666,1.30672
2013.03.01 00:54:30.060,1.30664,1.30671
2013.03.01 00:54:30.605,1.30663,1.3067
2013.03.01 00:54:32.947,1.30662,1.30669
2013.03.01 00:54:35.395,1.30662,1.30669
2013.03.01 00:54:35.696,1.30665,1.30671
2013.03.01 00:54:36.115,1.30667,1.30672
2013.03.01 00:54:37.895,1.30666,1.30673
2013.03.01 00:54:39.286,1.30666,1.30673
2013.03.01 00:54:39.646,1.30667,1.30673
2013.03.01 00:54:40.221,1.30668,1.30673
2013.03.01 00:54:40.287,1.30668,1.30674
2013.03.01 00:54:40.852,1.3067,1.30674
2013.03.01 00:54:40.952,1.30675,1.30681
2013.03.01 00:54:41.146,1.30678,1.30682
2013.03.01 00:54:41.744,1.30676,1.30682
2013.03.01 00:54:42.167,1.30673,1.30681
2013.03.01 00:54:42.228,1.30673,1.30681
2013.03.01 00:54:42.297,1.30673,1.3068
2013.03.01 00:54:42.475,1.30672,1.30679
2013.03.01 00:54:43.015,1.30671,1.30679
2013.03.01 00:54:43.075,1.30671,1.3068
2013.03.01 00:54:43.196,1.30674,1.3068
2013.03.01 00:54:43.316,1.30674,1.3068
2013.03.01 00:54:43.856,1.30673,1.3068
2013.03.01 00:54:45.354,1.30673,1.3068
2013.03.01 00:54:45.855,1.30672,1.3068
2013.03.01 00:54:46.095,1.30677,1.30683
2013.03.01 00:54:46.157,1.30677,1.30683
2013.03.01 00:54:46.278,1.30678,1.30684
2013.03.01 00:54:46.837,1.3068,1.30685
2013.03.01 00:54:47.403,1.30679,1.30685
2013.03.01 00:54:47.956,1.30679,1.30685
2013.03.01 00:54:48.016,1.30679,1.30683
2013.03.01 00:54:48.555,1.30675,1.30683
2013.03.01 00:54:48.856,1.30675,1.30683
2013.03.01 00:54:50.631,1.30672,1.30679
2013.03.01 00:54:50.760,1.30671,1.30679
2013.03.01 00:54:51.565,1.30671,1.30679
2013.03.01 00:54:53.475,1.30672,1.30679
2013.03.01 00:54:53.896,1.30675,1.3068
2013.03.01 00:54:54.344,1.30675,1.30683
2013.03.01 00:54:54.825,1.30674,1.30681
2013.03.01 00:54:55.247,1.30678,1.30681
2013.03.01 00:54:55.496,1.30678,1.30685
2013.03.01 00:54:55.736,1.30681,1.30685
2013.03.01 00:54:56.275,1.30682,1.30687
2013.03.01 00:54:56.816,1.30681,1.30687
2013.03.01 00:54:57.315,1.30679,1.30687
2013.03.01 00:54:57.434,1.3068,1.30687
2013.03.01 00:54:58.155,1.3068,1.30686
2013.03.01 00:54:58.455,1.30677,1.30683
2013.03.01 00:54:58.576,1.30676,1.30683
2013.03.01 00:54:58.816,1.30673,1.30679
2013.03.01 00:54:58.995,1.30673,1.30678
2013.03.01 00:54:59.355,1.30671,1.30679
2013.03.01 00:54:59.416,1.30671,1.3068
2013.03.01 00:55:00.435,1.30673,1.30683
2013.03.01 00:55:00.496,1.30681,1.30684
2013.03.01 00:55:00.617,1.30682,1.30689
2013.03.01 00:55:00.746,1.30679,1.30688
2013.03.01 00:55:01.109,1.3068,1.30688
2013.03.01 00:55:01.178,1.3068,1.30688
2013.03.01 00:55:01.679,1.30683,1.30689
2013.03.01 00:55:02.225,1.30683,1.30689
2013.03.01 00:55:03.245,1.30682,1.30688
2013.03.01 00:55:03.785,1.30682,1.30688
2013.03.01 00:55:08.016,1.30684,1.30688
2013.03.01 00:55:08.575,1.30682,1.30688
2013.03.01 00:55:09.246,1.30683,1.30688
2013.03.01 00:55:09.556,1.30679,1.30688
2013.03.01 00:55:11.009,1.30677,1.30684
2013.03.01 00:55:11.076,1.30675,1.30684
2013.03.01 00:55:11.965,1.30677,1.30683
2013.03.01 00:55:12.824,1.30676,1.30683
2013.03.01 00:55:15.336,1.30677,1.30683
2013.03.01 00:55:15.657,1.30678,1.30685
2013.03.01 00:55:15.717,1.30679,1.30685
2013.03.01 00:55:16.158,1.30679,1.30686
2013.03.01 00:55:19.845,1.30679,1.30686
2013.03.01 00:55:20.885,1.30678,1.30683
2013.03.01 00:55:20.946,1.30675,1.30684
2013.03.01 00:55:21.428,1.30675,1.30681
2013.03.01 00:55:21.978,1.30674,1.30679
2013.03.01 00:55:22.516,1.30672,1.3068
2013.03.01 00:55:22.816,1.30672,1.30679
2013.03.01 00:55:24.587,1.30671,1.30677
2013.03.01 00:55:26.925,1.3067,1.30677
2013.03.01 00:55:27.060,1.30669,1.30674
2013.03.01 00:55:27.305,1.30667,1.30673
2013.03.01 00:55:28.994,1.30668,1.30674
2013.03.01 00:55:29.116,1.30668,1.30674
2013.03.01 00:55:29.537,1.30671,1.30678
2013.03.01 00:55:29.606,1.30673,1.3068
2013.03.01 00:55:29.666,1.30672,1.30678
2013.03.01 00:55:29.846,1.30672,1.30679
2013.03.01 00:55:30.215,1.30672,1.30677
2013.03.01 00:55:30.516,1.3067,1.30677
2013.03.01 00:55:31.486,1.3067,1.30677
2013.03.01 00:55:31.606,1.30673,1.3068
2013.03.01 00:55:31.726,1.30673,1.30681
2013.03.01 00:55:31.846,1.30675,1.30682
2013.03.01 00:55:32.205,1.30677,1.30685
2013.03.01 00:55:33.166,1.30679,1.30687
2013.03.01 00:55:34.827,1.3068,1.30687
2013.03.01 00:55:35.596,1.3068,1.30687
2013.03.01 00:55:37.438,1.30683,1.30687
2013.03.01 00:55:38.084,1.30683,1.30688
2013.03.01 00:55:39.315,1.30681,1.30688
2013.03.01 00:55:39.834,1.30681,1.30687
2013.03.01 00:55:40.954,1.30681,1.30687
2013.03.01 00:55:42.205,1.3068,1.30686
2013.03.01 00:55:52.496,1.30679,1.30683
2013.03.01 00:55:57.675,1.30679,1.30685
2013.03.01 00:56:10.237,1.30678,1.30685
2013.03.01 00:56:10.775,1.30679,1.30686
2013.03.01 00:56:11.505,1.30679,1.30685
2013.03.01 00:56:16.835,1.3068,1.30686
2013.03.01 00:56:18.899,1.3068,1.30686
2013.03.01 00:56:21.216,1.3068,1.30686
2013.03.01 00:56:21.276,1.30682,1.30687
2013.03.01 00:56:21.575,1.30682,1.30688
2013.03.01 00:56:21.637,1.30682,1.30688
2013.03.01 00:56:21.996,1.30684,1.30693
2013.03.01 00:56:22.056,1.30687,1.30693
2013.03.01 00:56:22.536,1.30684,1.30689
2013.03.01 00:56:22.596,1.30683,1.30688
2013.03.01 00:56:23.135,1.30682,1.30688
2013.03.01 00:56:23.507,1.30683,1.3069
2013.03.01 00:56:23.685,1.30683,1.30691
2013.03.01 00:56:24.187,1.30685,1.30692
2013.03.01 00:56:25.389,1.30684,1.30692
2013.03.01 00:56:25.815,1.30689,1.30693
2013.03.01 00:56:25.935,1.3069,1.307
2013.03.01 00:56:26.308,1.3069,1.30696
2013.03.01 00:56:27.298,1.3069,1.30695
2013.03.01 00:56:27.835,1.30689,1.30695
2013.03.01 00:56:29.105,1.3069,1.30695
2013.03.01 00:56:29.383,1.30687,1.30695
2013.03.01 00:56:32.775,1.30689,1.30695
2013.03.01 00:56:33.205,1.30689,1.30695
2013.03.01 00:56:37.374,1.30689,1.30695
2013.03.01 00:56:39.065,1.30689,1.30694
2013.03.01 00:56:39.366,1.30687,1.30693
2013.03.01 00:56:39.726,1.30684,1.30691
2013.03.01 00:56:39.785,1.30685,1.30691
2013.03.01 00:56:39.906,1.30684,1.30691
2013.03.01 00:56:40.265,1.30684,1.30691
2013.03.01 00:56:41.896,1.30684,1.30691
2013.03.01 00:56:43.675,1.30681,1.30688
2013.03.01 00:56:43.975,1.30681,1.30687
2013.03.01 00:56:45.877,1.30683,1.30689
2013.03.01 00:56:45.997,1.30686,1.30691
2013.03.01 00:56:46.366,1.30687,1.30692
2013.03.01 00:56:46.725,1.30687,1.3069
2013.03.01 00:56:48.076,1.30685,1.30689
2013.03.01 00:56:48.634,1.30684,1.30689
2013.03.01 00:56:49.315,1.30684,1.30689
2013.03.01 00:56:50.006,1.30684,1.30689
2013.03.01 00:56:50.575,1.30684,1.30689
2013.03.01 00:56:50.695,1.30686,1.30691
2013.03.01 00:56:50.936,1.30686,1.30693
2013.03.01 00:56:51.055,1.30686,1.30693
2013.03.01 00:56:52.375,1.30687,1.30695
2013.03.01 00:56:52.558,1.3069,1.30696
2013.03.01 00:56:54.146,1.30688,1.30695
2013.03.01 00:56:54.687,1.30689,1.30696
2013.03.01 00:56:56.116,1.3069,1.30698
2013.03.01 00:56:56.373,1.3069,1.30698
2013.03.01 00:56:56.675,1.30688,1.30694
2013.03.01 00:56:57.227,1.30686,1.30694
2013.03.01 00:56:58.075,1.30686,1.3069
2013.03.01 00:56:58.435,1.30682,1.30688
2013.03.01 00:56:59.357,1.30682,1.30688
2013.03.01 00:56:59.921,1.30682,1.30689
2013.03.01 00:57:00.586,1.30683,1.3069
2013.03.01 00:57:00.766,1.30686,1.30692
2013.03.01 00:57:00.824,1.30686,1.30692
2013.03.01 00:57:03.646,1.30689,1.30694
2013.03.01 00:57:04.126,1.30687,1.30692
2013.03.01 00:57:04.306,1.30685,1.30689
2013.03.01 00:57:04.807,1.30683,1.3069
2013.03.01 00:57:05.447,1.30683,1.3069
2013.03.01 00:57:07.625,1.30684,1.3069
2013.03.01 00:57:07.685,1.30685,1.30692
2013.03.01 00:57:07.745,1.30685,1.30692
2013.03.01 00:57:08.105,1.30686,1.30692
2013.03.01 00:57:11.575,1.30687,1.30694
2013.03.01 00:57:12.021,1.30689,1.30694
2013.03.01 00:57:12.565,1.30688,1.30694
2013.03.01 00:57:13.115,1.30687,1.30694
2013.03.01 00:57:13.296,1.30689,1.30694
2013.03.01 00:57:13.595,1.30691,1.30697
2013.03.01 00:57:13.718,1.30691,1.30697
2013.03.01 00:57:14.025,1.30696,1.30701
2013.03.01 00:57:14.566,1.30694,1.30702
2013.03.01 00:57:16.557,1.30694,1.307
2013.03.01 00:57:16.615,1.30694,1.30699
2013.03.01 00:57:17.087,1.30693,1.30698
2013.03.01 00:57:17.625,1.30693,1.30699
2013.03.01 00:57:18.686,1.30693,1.30699
2013.03.01 00:57:19.225,1.30693,1.30699
2013.03.01 00:57:19.585,1.30692,1.30698
2013.03.01 00:57:22.885,1.30693,1.30698
2013.03.01 00:57:24.037,1.30693,1.30698
2013.03.01 00:57:24.516,1.3069,1.30696
2013.03.01 00:57:24.637,1.30688,1.30695
2013.03.01 00:57:28.137,1.30691,1.30696
2013.03.01 00:57:28.265,1.30691,1.30698
2013.03.01 00:57:28.856,1.30691,1.30698
2013.03.01 00:57:29.565,1.30691,1.30698
2013.03.01 00:57:31.851,1.30691,1.30698
2013.03.01 00:57:32.516,1.30691,1.30698
2013.03.01 00:57:34.356,1.30693,1.307
2013.03.01 00:57:34.656,1.30693,1.307
2013.03.01 00:57:34.897,1.30694,1.30701
2013.03.01 00:57:35.076,1.30694,1.30702
2013.03.01 00:57:35.195,1.30694,1.30702
2013.03.01 00:57:36.235,1.30696,1.30707
2013.03.01 00:57:38.495,1.30698,1.30703
2013.03.01 00:57:38.616,1.30701,1.30705
2013.03.01 00:57:38.676,1.30701,1.3071
2013.03.01 00:57:38.738,1.30704,1.30708
2013.03.01 00:57:39.645,1.30703,1.30708
2013.03.01 00:57:40.260,1.30704,1.30708
2013.03.01 00:57:40.806,1.30703,1.30708
2013.03.01 00:57:41.252,1.30701,1.30708
2013.03.01 00:57:42.315,1.30701,1.30708
2013.03.01 00:57:43.616,1.30701,1.30706
2013.03.01 00:57:43.676,1.30702,1.30706
2013.03.01 00:57:43.737,1.30706,1.30711
2013.03.01 00:57:43.986,1.30707,1.30713
2013.03.01 00:57:44.345,1.30707,1.30713
2013.03.01 00:57:44.843,1.30708,1.30713
2013.03.01 00:57:44.920,1.30708,1.30715
2013.03.01 00:57:44.990,1.30707,1.30712
2013.03.01 00:57:45.119,1.30702,1.3071
2013.03.01 00:57:45.245,1.30701,1.30708
2013.03.01 00:57:45.306,1.30701,1.30707
2013.03.01 00:57:45.366,1.30699,1.30707
2013.03.01 00:57:45.665,1.30698,1.30707
2013.03.01 00:57:45.965,1.30697,1.30704
2013.03.01 00:57:46.025,1.30697,1.30704
2013.03.01 00:57:46.327,1.30692,1.30699
2013.03.01 00:57:46.400,1.30689,1.30698
2013.03.01 00:57:46.706,1.30691,1.30696
2013.03.01 00:57:47.064,1.30686,1.30695
2013.03.01 00:57:47.375,1.30688,1.30696
2013.03.01 00:57:47.435,1.30688,1.30696
2013.03.01 00:57:47.744,1.30688,1.30695
2013.03.01 00:57:50.167,1.30689,1.30693
2013.03.01 00:57:50.528,1.30692,1.30698
2013.03.01 00:57:50.655,1.30689,1.30695
2013.03.01 00:57:50.965,1.30689,1.30695
2013.03.01 00:57:52.210,1.30691,1.30695
2013.03.01 00:57:54.825,1.30691,1.30695
2013.03.01 00:57:55.384,1.30689,1.30694
2013.03.01 00:57:55.956,1.30688,1.30694
2013.03.01 00:57:56.665,1.30688,1.30694
2013.03.01 00:57:57.386,1.30687,1.30694
2013.03.01 00:57:57.686,1.30681,1.30688
2013.03.01 00:57:57.807,1.3068,1.30688
2013.03.01 00:57:58.340,1.30681,1.30688
2013.03.01 00:57:58.755,1.3068,1.30689
2013.03.01 00:57:59.295,1.30679,1.30689
2013.03.01 00:57:59.857,1.30679,1.30689
2013.03.01 00:58:01.678,1.30678,1.30687
2013.03.01 00:58:02.225,1.30678,1.30687
2013.03.01 00:58:02.776,1.30679,1.30684
2013.03.01 00:58:02.908,1.30678,1.30684
2013.03.01 00:58:02.977,1.30678,1.30682
2013.03.01 00:58:03.159,1.30677,1.30682
2013.03.01 00:58:03.406,1.30675,1.30682
2013.03.01 00:58:03.465,1.30677,1.30682
2013.03.01 00:58:04.005,1.30678,1.30683
2013.03.01 00:58:05.246,1.30679,1.30685
2013.03.01 00:58:05.367,1.30679,1.30685
2013.03.01 00:58:05.486,1.30682,1.30688
2013.03.01 00:58:05.607,1.30681,1.30687
2013.03.01 00:58:06.086,1.30681,1.30688
2013.03.01 00:58:08.187,1.30683,1.30689
2013.03.01 00:58:08.306,1.30684,1.3069
2013.03.01 00:58:08.607,1.30688,1.30694
2013.03.01 00:58:08.728,1.30687,1.30693
2013.03.01 00:58:09.276,1.30687,1.30695
2013.03.01 00:58:09.845,1.30687,1.30696
2013.03.01 00:58:10.145,1.30687,1.30697
2013.03.01 00:58:10.205,1.30689,1.30697
2013.03.01 00:58:11.035,1.30692,1.30698
2013.03.01 00:58:11.545,1.30694,1.30698
2013.03.01 00:58:12.566,1.30691,1.30698
2013.03.01 00:58:12.925,1.30691,1.30696
2013.03.01 00:58:13.470,1.30692,1.30697
2013.03.01 00:58:13.597,1.30693,1.30699
2013.03.01 00:58:13.656,1.30694,1.30701
2013.03.01 00:58:13.777,1.30694,1.30701
2013.03.01 00:58:14.138,1.30693,1.30698
2013.03.01 00:58:14.686,1.30692,1.30697
2013.03.01 00:58:15.660,1.30694,1.307
2013.03.01 00:58:15.966,1.307,1.30705
2013.03.01 00:58:16.026,1.307,1.30705
2013.03.01 00:58:16.565,1.307,1.30708
2013.03.01 00:58:17.586,1.307,1.30706
2013.03.01 00:58:17.765,1.30698,1.30704
2013.03.01 00:58:18.067,1.30695,1.307
2013.03.01 00:58:18.257,1.30691,1.30699
2013.03.01 00:58:18.760,1.30689,1.30696
2013.03.01 00:58:22.575,1.30689,1.30696
2013.03.01 00:58:23.125,1.30689,1.30696
2013.03.01 00:58:23.915,1.30688,1.30696
2013.03.01 00:58:26.298,1.30688,1.30696
2013.03.01 00:58:28.797,1.30691,1.30698
2013.03.01 00:58:29.345,1.30691,1.30699
2013.03.01 00:58:31.106,1.30691,1.30698
2013.03.01 00:58:32.046,1.3069,1.30698
2013.03.01 00:58:37.357,1.30692,1.30698
2013.03.01 00:58:37.895,1.30692,1.30698
2013.03.01 00:58:38.437,1.30689,1.30697
2013.03.01 00:58:39.128,1.30689,1.30696
2013.03.01 00:58:40.375,1.30689,1.30697
2013.03.01 00:58:41.297,1.30688,1.30696
2013.03.01 00:58:43.724,1.30688,1.30694
2013.03.01 00:58:43.786,1.30688,1.30694
2013.03.01 00:58:43.968,1.30685,1.30691
2013.03.01 00:58:44.036,1.30683,1.30686
2013.03.01 00:58:44.395,1.30678,1.30686
2013.03.01 00:58:44.575,1.30678,1.30684
2013.03.01 00:58:45.975,1.3068,1.30686
2013.03.01 00:58:46.276,1.30684,1.30689
2013.03.01 00:58:46.336,1.30684,1.30688
2013.03.01 00:58:46.460,1.30685,1.3069
2013.03.01 00:58:46.533,1.30687,1.30692
2013.03.01 00:58:46.715,1.30687,1.30694
2013.03.01 00:58:46.776,1.30688,1.30696
2013.03.01 00:58:49.456,1.3069,1.30698
2013.03.01 00:58:49.995,1.30693,1.30698
2013.03.01 00:58:51.355,1.30692,1.30699
2013.03.01 00:58:51.895,1.30692,1.30698
2013.03.01 00:58:52.836,1.30692,1.30698
2013.03.01 00:58:55.154,1.30694,1.307
2013.03.01 00:58:55.585,1.30696,1.30703
2013.03.01 00:58:56.426,1.30695,1.307
2013.03.01 00:58:56.548,1.30695,1.30698
2013.03.01 00:58:57.096,1.30694,1.307
2013.03.01 00:58:57.518,1.30696,1.30703
2013.03.01 00:58:57.636,1.30697,1.30705
2013.03.01 00:58:58.226,1.30699,1.30705
2013.03.01 00:59:00.069,1.30699,1.30705
2013.03.01 00:59:00.495,1.307,1.30706
2013.03.01 00:59:00.736,1.307,1.30706
2013.03.01 00:59:01.059,1.307,1.30706
2013.03.01 00:59:01.856,1.30698,1.30703
2013.03.01 00:59:02.158,1.30695,1.30701
2013.03.01 00:59:02.287,1.30695,1.30699
2013.03.01 00:59:02.347,1.30693,1.30699
2013.03.01 00:59:02.706,1.30693,1.30699
2013.03.01 00:59:03.066,1.30694,1.307
2013.03.01 00:59:03.306,1.30699,1.30703
2013.03.01 00:59:03.366,1.30697,1.30704
2013.03.01 00:59:03.725,1.30694,1.307
2013.03.01 00:59:04.329,1.30694,1.307
2013.03.01 00:59:06.045,1.30694,1.30698
2013.03.01 00:59:09.325,1.30692,1.30698
2013.03.01 00:59:11.817,1.30692,1.30696
2013.03.01 00:59:12.176,1.30684,1.30691
2013.03.01 00:59:12.235,1.30683,1.30689
2013.03.01 00:59:12.546,1.3068,1.30686
2013.03.01 00:59:13.326,1.30681,1.30687
2013.03.01 00:59:13.865,1.30681,1.30688
2013.03.01 00:59:14.687,1.30681,1.30689
2013.03.01 00:59:14.746,1.30683,1.3069
2013.03.01 00:59:14.806,1.30683,1.30691
2013.03.01 00:59:14.928,1.30688,1.30694
2013.03.01 00:59:14.997,1.30689,1.30695
2013.03.01 00:59:16.255,1.30689,1.30695
2013.03.01 00:59:16.857,1.30685,1.30691
2013.03.01 00:59:16.916,1.30684,1.30688
2013.03.01 00:59:17.037,1.30684,1.30688
2013.03.01 00:59:17.222,1.30681,1.30687
2013.03.01 00:59:17.288,1.30681,1.30687
2013.03.01 00:59:17.525,1.30678,1.30684
2013.03.01 00:59:17.646,1.30675,1.30683
2013.03.01 00:59:18.185,1.30675,1.30682
2013.03.01 00:59:19.515,1.30678,1.30683
2013.03.01 00:59:19.847,1.30682,1.30688
2013.03.01 00:59:20.025,1.30683,1.30688
2013.03.01 00:59:20.086,1.30683,1.3069
2013.03.01 00:59:20.210,1.30685,1.30691
2013.03.01 00:59:20.457,1.30687,1.30695
2013.03.01 00:59:20.995,1.30687,1.30695
2013.03.01 00:59:22.036,1.30687,1.30694
2013.03.01 00:59:22.159,1.30686,1.30693
2013.03.01 00:59:22.226,1.30685,1.30691
2013.03.01 00:59:22.467,1.30683,1.30689
2013.03.01 00:59:22.528,1.30683,1.30689
2013.03.01 00:59:22.776,1.30682,1.30689
2013.03.01 00:59:23.865,1.30683,1.3069
2013.03.01 00:59:23.925,1.30683,1.30691
2013.03.01 00:59:24.177,1.30684,1.30692
2013.03.01 00:59:24.296,1.30685,1.30693
2013.03.01 00:59:24.356,1.30685,1.30693
2013.03.01 00:59:24.477,1.30685,1.30693
2013.03.01 00:59:24.538,1.30685,1.30693
2013.03.01 00:59:24.846,1.30686,1.30697
2013.03.01 00:59:28.446,1.30687,1.30697
2013.03.01 00:59:28.807,1.30689,1.30694
2013.03.01 00:59:29.108,1.30681,1.30689
2013.03.01 00:59:29.526,1.30679,1.30685
2013.03.01 00:59:30.056,1.30681,1.30685
2013.03.01 00:59:30.376,1.3068,1.30686
2013.03.01 00:59:30.499,1.3068,1.30686
2013.03.01 00:59:31.127,1.3068,1.30686
2013.03.01 00:59:31.621,1.30681,1.30687
2013.03.01 00:59:31.867,1.30679,1.30685
2013.03.01 00:59:32.168,1.30677,1.30685
2013.03.01 00:59:32.537,1.30677,1.30686
2013.03.01 00:59:32.599,1.30678,1.30685
2013.03.01 00:59:33.576,1.30678,1.30686
2013.03.01 00:59:33.757,1.30676,1.30681
2013.03.01 00:59:33.818,1.30675,1.3068
2013.03.01 00:59:33.877,1.30672,1.3068
2013.03.01 00:59:33.997,1.30672,1.30679
2013.03.01 00:59:34.306,1.30671,1.30679
2013.03.01 00:59:34.487,1.30669,1.30678
2013.03.01 00:59:35.049,1.30669,1.30678
2013.03.01 00:59:35.119,1.30672,1.30678
2013.03.01 00:59:35.426,1.30671,1.30679
2013.03.01 00:59:35.976,1.30669,1.30677
2013.03.01 00:59:36.217,1.30669,1.30678
2013.03.01 00:59:36.457,1.30672,1.30679
2013.03.01 00:59:36.639,1.30672,1.30679
2013.03.01 00:59:36.827,1.30669,1.30679
2013.03.01 00:59:37.866,1.30669,1.30677
2013.03.01 00:59:38.481,1.30663,1.30669
2013.03.01 00:59:38.668,1.30659,1.30668
2013.03.01 00:59:38.737,1.30659,1.30668
2013.03.01 00:59:38.999,1.30659,1.30667
2013.03.01 00:59:39.616,1.30657,1.30667
2013.03.01 00:59:41.037,1.30659,1.30668
2013.03.01 00:59:41.097,1.30659,1.30668
2013.03.01 00:59:41.456,1.30661,1.3067
2013.03.01 00:59:42.536,1.30662,1.30672
2013.03.01 00:59:42.720,1.30662,1.30669
2013.03.01 00:59:42.847,1.30661,1.30668
2013.03.01 00:59:43.567,1.30659,1.30667
2013.03.01 00:59:43.927,1.30659,1.30666
2013.03.01 00:59:44.598,1.30657,1.30663
2013.03.01 00:59:44.779,1.30657,1.30663
2013.03.01 00:59:45.087,1.30652,1.30661
2013.03.01 00:59:45.146,1.30653,1.30661
2013.03.01 00:59:45.267,1.30651,1.30659
2013.03.01 00:59:45.447,1.30649,1.30658
2013.03.01 00:59:45.986,1.30649,1.30657
2013.03.01 00:59:46.107,1.30651,1.30658
2013.03.01 00:59:46.467,1.30655,1.30661
2013.03.01 00:59:46.968,1.30655,1.30661
2013.03.01 00:59:47.036,1.30655,1.30661
2013.03.01 00:59:47.276,1.30656,1.30663
2013.03.01 00:59:47.458,1.30657,1.30663
2013.03.01 00:59:47.947,1.30659,1.30666
2013.03.01 00:59:48.007,1.30658,1.30666
2013.03.01 00:59:48.366,1.30655,1.30663
2013.03.01 00:59:49.847,1.30653,1.30662
2013.03.01 00:59:50.710,1.30653,1.3066
2013.03.01 00:59:50.777,1.30653,1.3066
2013.03.01 00:59:51.858,1.30653,1.3066
2013.03.01 00:59:52.107,1.30649,1.30657
2013.03.01 00:59:52.646,1.30647,1.30654
2013.03.01 00:59:54.076,1.30649,1.30657
2013.03.01 00:59:54.636,1.30648,1.30656
2013.03.01 00:59:55.776,1.30648,1.30657
2013.03.01 00:59:56.385,1.30648,1.30658
2013.03.01 00:59:56.454,1.30652,1.3066
2013.03.01 00:59:56.521,1.30652,1.3066
2013.03.01 00:59:56.828,1.30658,1.30663
2013.03.01 00:59:56.898,1.30658,1.30668
2013.03.01 00:59:57.209,1.30658,1.30665
2013.03.01 00:59:57.517,1.30656,1.30665
2013.03.01 00:59:57.997,1.30657,1.30665
2013.03.01 00:59:58.057,1.30659,1.30665
2013.03.01 00:59:58.597,1.30656,1.30665
2013.03.01 00:59:59.180,1.30659,1.30668
2013.03.01 00:59:59.377,1.30659,1.30668
2013.03.01 01:00:00.537,1.30657,1.30666
2013.03.01 01:00:00.839,1.30657,1.30666
2013.03.01 01:00:02.222,1.30658,1.30667
2013.03.01 01:00:02.469,1.30661,1.30668
2013.03.01 01:00:02.777,1.30666,1.30676
2013.03.01 01:00:03.256,1.30665,1.30672
2013.03.01 01:00:04.577,1.30665,1.30676
2013.03.01 01:00:05.127,1.30668,1.30676
2013.03.01 01:00:05.488,1.30669,1.30676
2013.03.01 01:00:05.546,1.30667,1.30678
2013.03.01 01:00:05.669,1.30667,1.30678
2013.03.01 01:00:05.736,1.30671,1.30678
2013.03.01 01:00:05.978,1.30673,1.30682
2013.03.01 01:00:06.037,1.30673,1.30682
2013.03.01 01:00:06.398,1.30671,1.30681
2013.03.01 01:00:06.457,1.3067,1.30678
2013.03.01 01:00:06.579,1.30671,1.30678
2013.03.01 01:00:06.830,1.30674,1.30683
2013.03.01 01:00:07.438,1.30671,1.30682
2013.03.01 01:00:07.927,1.30673,1.30682
2013.03.01 01:00:08.287,1.30675,1.30681
2013.03.01 01:00:08.707,1.30672,1.3068
2013.03.01 01:00:09.251,1.30669,1.30679
2013.03.01 01:00:09.318,1.30671,1.3068
2013.03.01 01:00:09.617,1.30675,1.30683
2013.03.01 01:00:09.677,1.30676,1.30683
2013.03.01 01:00:09.982,1.30674,1.3068
2013.03.01 01:00:10.287,1.30671,1.30679
2013.03.01 01:00:10.767,1.3067,1.30677
2013.03.01 01:00:10.829,1.3067,1.30677
2013.03.01 01:00:11.317,1.30671,1.30678
2013.03.01 01:00:11.497,1.30671,1.30678
2013.03.01 01:00:11.736,1.30671,1.30678
2013.03.01 01:00:12.038,1.30671,1.30682
2013.03.01 01:00:12.289,1.30674,1.30683
2013.03.01 01:00:12.418,1.30677,1.30685
2013.03.01 01:00:12.928,1.30677,1.30683
2013.03.01 01:00:13.257,1.30677,1.30688
2013.03.01 01:00:13.582,1.3068,1.30688
2013.03.01 01:00:13.827,1.3068,1.30688
2013.03.01 01:00:14.019,1.30677,1.30684
2013.03.01 01:00:14.327,1.30671,1.30677
2013.03.01 01:00:14.867,1.30671,1.30679
2013.03.01 01:00:15.229,1.30671,1.30679
2013.03.01 01:00:15.740,1.3067,1.30679
2013.03.01 01:00:16.343,1.3067,1.30677
2013.03.01 01:00:17.336,1.30668,1.30679
2013.03.01 01:00:17.458,1.30668,1.30677
2013.03.01 01:00:17.898,1.30668,1.3068
2013.03.01 01:00:17.969,1.3067,1.30681
2013.03.01 01:00:18.278,1.30674,1.30682
2013.03.01 01:00:19.007,1.30674,1.30681
2013.03.01 01:00:19.339,1.30673,1.30681
2013.03.01 01:00:19.408,1.30672,1.30679
2013.03.01 01:00:19.547,1.30672,1.30679
2013.03.01 01:00:19.787,1.30672,1.30679
2013.03.01 01:00:20.890,1.30666,1.30677
2013.03.01 01:00:21.341,1.30663,1.30673
2013.03.01 01:00:21.409,1.30663,1.30672
2013.03.01 01:00:21.477,1.30663,1.30673
2013.03.01 01:00:21.547,1.30661,1.30669
2013.03.01 01:00:21.608,1.30661,1.30668
2013.03.01 01:00:21.678,1.3066,1.30667
2013.03.01 01:00:22.236,1.30658,1.30667
2013.03.01 01:00:22.927,1.30658,1.30667
2013.03.01 01:00:23.667,1.30655,1.30664
2013.03.01 01:00:23.728,1.30655,1.30664
2013.03.01 01:00:23.848,1.3065,1.30661
2013.03.01 01:00:23.917,1.30652,1.30659
2013.03.01 01:00:24.457,1.3065,1.30659
2013.03.01 01:00:24.767,1.3065,1.30659
2013.03.01 01:00:24.838,1.3065,1.30659
2013.03.01 01:00:24.906,1.30652,1.30659
2013.03.01 01:00:25.086,1.30657,1.30664
2013.03.01 01:00:25.145,1.30657,1.30665
2013.03.01 01:00:25.456,1.30658,1.30666
2013.03.01 01:00:25.879,1.30665,1.30672
2013.03.01 01:00:26.426,1.30665,1.30674
2013.03.01 01:00:26.846,1.30666,1.30674
2013.03.01 01:00:27.127,1.30666,1.30674
2013.03.01 01:00:27.946,1.30666,1.30674
2013.03.01 01:00:28.228,1.30666,1.30674
2013.03.01 01:00:29.908,1.30667,1.30674
2013.03.01 01:00:29.977,1.30669,1.30674
2013.03.01 01:00:30.098,1.30669,1.30676
2013.03.01 01:00:30.646,1.30669,1.30676
2013.03.01 01:00:31.186,1.30667,1.30676
2013.03.01 01:00:31.735,1.30667,1.30676
2013.03.01 01:00:33.607,1.30666,1.30676
2013.03.01 01:00:34.536,1.30666,1.30675
2013.03.01 01:00:34.855,1.30666,1.30675
2013.03.01 01:00:38.647,1.30666,1.30675
2013.03.01 01:00:42.398,1.30671,1.30678
2013.03.01 01:00:42.716,1.30678,1.30685
2013.03.01 01:00:43.135,1.30678,1.30687
2013.03.01 01:00:43.975,1.30678,1.30687
2013.03.01 01:00:44.515,1.30677,1.30687
2013.03.01 01:00:45.377,1.30678,1.30687
2013.03.01 01:00:45.446,1.30679,1.30689
2013.03.01 01:00:45.505,1.30681,1.30689
2013.03.01 01:00:46.269,1.30683,1.30692
2013.03.01 01:00:46.364,1.30685,1.30696
2013.03.01 01:00:46.545,1.30686,1.30697
2013.03.01 01:00:47.516,1.30687,1.30696
2013.03.01 01:00:48.515,1.30687,1.30696
2013.03.01 01:00:50.506,1.30686,1.30696
2013.03.01 01:00:51.389,1.30685,1.30695
2013.03.01 01:00:51.636,1.30683,1.30693
2013.03.01 01:00:51.816,1.30683,1.3069
2013.03.01 01:00:51.877,1.30678,1.30685
2013.03.01 01:00:51.996,1.30672,1.30681
2013.03.01 01:00:52.056,1.30672,1.30679
2013.03.01 01:00:52.437,1.30668,1.30677
2013.03.01 01:00:53.234,1.30668,1.30677
2013.03.01 01:00:54.386,1.30669,1.30677
2013.03.01 01:00:54.776,1.30669,1.30678
2013.03.01 01:00:58.505,1.30669,1.30679
2013.03.01 01:00:58.578,1.3067,1.30679
2013.03.01 01:00:58.885,1.30673,1.30679
2013.03.01 01:00:59.186,1.30676,1.30683
2013.03.01 01:00:59.248,1.30677,1.30684
2013.03.01 01:01:00.486,1.30675,1.30684
2013.03.01 01:01:04.626,1.30676,1.30686
2013.03.01 01:01:04.926,1.30673,1.30679
2013.03.01 01:01:05.046,1.3067,1.3068
2013.03.01 01:01:08.495,1.30671,1.30678
2013.03.01 01:01:08.736,1.30674,1.30679
2013.03.01 01:01:08.798,1.30675,1.30681
2013.03.01 01:01:08.865,1.30675,1.30684
2013.03.01 01:01:13.481,1.30677,1.30684
2013.03.01 01:01:15.460,1.30674,1.30684
2013.03.01 01:01:15.765,1.30672,1.30679
2013.03.01 01:01:15.885,1.30672,1.30679
2013.03.01 01:01:18.697,1.30672,1.30679
2013.03.01 01:01:23.515,1.30671,1.30678
2013.03.01 01:01:24.217,1.30672,1.30678
2013.03.01 01:01:25.806,1.30672,1.30678
2013.03.01 01:01:25.867,1.30671,1.30678
2013.03.01 01:01:25.925,1.30674,1.30682
2013.03.01 01:01:25.987,1.30675,1.30682
2013.03.01 01:01:26.345,1.30677,1.30685
2013.03.01 01:01:26.585,1.30677,1.30684
2013.03.01 01:01:27.125,1.30676,1.30683
2013.03.01 01:01:27.186,1.30676,1.30683
2013.03.01 01:01:27.246,1.30675,1.30681
2013.03.01 01:01:27.365,1.30675,1.3068
2013.03.01 01:01:28.227,1.30673,1.3068
2013.03.01 01:01:28.786,1.30673,1.30679
2013.03.01 01:01:28.845,1.30673,1.30681
2013.03.01 01:01:29.085,1.30674,1.30682
2013.03.01 01:01:29.745,1.30675,1.30682
2013.03.01 01:01:30.346,1.30675,1.30682
2013.03.01 01:01:30.946,1.30675,1.30681
2013.03.01 01:01:31.367,1.30675,1.30682
2013.03.01 01:01:31.966,1.30675,1.30683
2013.03.01 01:01:32.146,1.30675,1.30682
2013.03.01 01:01:32.696,1.30675,1.30682
2013.03.01 01:01:34.247,1.30675,1.30683
2013.03.01 01:01:34.766,1.30675,1.30682
2013.03.01 01:01:36.325,1.30675,1.30682
2013.03.01 01:01:40.695,1.30676,1.30682
2013.03.01 01:01:41.556,1.30675,1.30682
2013.03.01 01:01:42.097,1.30676,1.30682
2013.03.01 01:01:43.245,1.30677,1.30684
2013.03.01 01:01:44.015,1.30677,1.30684
2013.03.01 01:01:44.315,1.30678,1.30685
2013.03.01 01:01:45.352,1.30679,1.30685
2013.03.01 01:01:45.655,1.30681,1.30685
2013.03.01 01:01:45.896,1.30682,1.30689
2013.03.01 01:01:45.956,1.30683,1.3069
2013.03.01 01:01:48.127,1.30682,1.30688
2013.03.01 01:01:48.246,1.3068,1.30687
2013.03.01 01:01:48.307,1.30678,1.30683
2013.03.01 01:01:48.846,1.30676,1.30682
2013.03.01 01:01:51.085,1.30676,1.30681
2013.03.01 01:01:51.575,1.30674,1.30681
2013.03.01 01:01:52.118,1.30672,1.30677
2013.03.01 01:01:52.605,1.3067,1.30677
2013.03.01 01:01:53.485,1.30672,1.30679
2013.03.01 01:01:53.665,1.30674,1.30681
2013.03.01 01:01:57.036,1.30676,1.30683
2013.03.01 01:01:57.097,1.30676,1.30684
2013.03.01 01:01:57.216,1.30676,1.30683
2013.03.01 01:01:57.349,1.30676,1.30683
2013.03.01 01:01:57.715,1.30675,1.30681
2013.03.01 01:01:58.235,1.30675,1.30681
2013.03.01 01:01:58.985,1.30675,1.30681
2013.03.01 01:01:59.046,1.30675,1.30681
2013.03.01 01:01:59.226,1.30674,1.3068
2013.03.01 01:01:59.525,1.30673,1.30681
2013.03.01 01:01:59.645,1.30673,1.30681
2013.03.01 01:01:59.707,1.30673,1.30681
2013.03.01 01:02:00.065,1.30675,1.30683
2013.03.01 01:02:00.560,1.30675,1.30683
2013.03.01 01:02:01.507,1.30679,1.30683
2013.03.01 01:02:01.637,1.30679,1.30685
2013.03.01 01:02:02.175,1.30678,1.30685
2013.03.01 01:02:02.703,1.30679,1.30685
2013.03.01 01:02:03.449,1.30679,1.30686
2013.03.01 01:02:06.719,1.30679,1.30685
2013.03.01 01:02:06.906,1.30678,1.30683
2013.03.01 01:02:07.027,1.30675,1.30681
2013.03.01 01:02:07.336,1.30673,1.30681
2013.03.01 01:02:07.700,1.30674,1.3068
2013.03.01 01:02:08.076,1.30675,1.30682
2013.03.01 01:02:10.016,1.30677,1.30685
2013.03.01 01:02:12.695,1.30677,1.30685
2013.03.01 01:02:12.995,1.30677,1.30682
2013.03.01 01:02:13.056,1.30677,1.3068
2013.03.01 01:02:13.296,1.30675,1.30682
2013.03.01 01:02:13.355,1.30675,1.30682
2013.03.01 01:02:13.416,1.30675,1.3068
2013.03.01 01:02:13.837,1.30676,1.30681
2013.03.01 01:02:15.576,1.30676,1.30683
2013.03.01 01:02:17.025,1.30679,1.30686
2013.03.01 01:02:20.365,1.3068,1.30686
2013.03.01 01:02:20.695,1.30684,1.3069
2013.03.01 01:02:21.245,1.30684,1.3069
2013.03.01 01:02:21.785,1.30685,1.3069
2013.03.01 01:02:23.127,1.30684,1.30691
2013.03.01 01:02:24.505,1.30684,1.30691
2013.03.01 01:02:27.366,1.30684,1.30691
2013.03.01 01:02:27.667,1.30683,1.3069
2013.03.01 01:02:27.791,1.30681,1.30685
2013.03.01 01:02:27.856,1.3068,1.30685
2013.03.01 01:02:27.915,1.30677,1.30685
2013.03.01 01:02:29.487,1.30679,1.30685
2013.03.01 01:02:29.665,1.30679,1.30685
2013.03.01 01:02:31.456,1.30679,1.30686
2013.03.01 01:02:31.957,1.30681,1.30688
2013.03.01 01:02:34.198,1.30679,1.30687
2013.03.01 01:02:34.505,1.30678,1.30685
2013.03.01 01:02:35.054,1.30679,1.30685
2013.03.01 01:02:35.356,1.30678,1.30685
2013.03.01 01:02:35.536,1.30677,1.30682
2013.03.01 01:02:36.047,1.30681,1.30685
2013.03.01 01:02:36.116,1.30681,1.30687
2013.03.01 01:02:36.238,1.30681,1.30688
2013.03.01 01:02:38.389,1.30681,1.30689
2013.03.01 01:02:38.518,1.30683,1.30689
2013.03.01 01:02:38.888,1.30683,1.30689
2013.03.01 01:02:39.435,1.30679,1.30688
2013.03.01 01:02:42.907,1.30679,1.30686
2013.03.01 01:02:45.286,1.3068,1.30685
2013.03.01 01:02:47.635,1.30678,1.30684
2013.03.01 01:02:48.686,1.3068,1.30685
2013.03.01 01:02:49.224,1.3068,1.30685
2013.03.01 01:02:51.096,1.30679,1.30685
2013.03.01 01:02:51.155,1.30679,1.30686
2013.03.01 01:02:51.274,1.30679,1.30686
2013.03.01 01:02:52.415,1.30679,1.30685
2013.03.01 01:02:55.396,1.30679,1.30687
2013.03.01 01:02:55.885,1.30679,1.30686
2013.03.01 01:02:58.296,1.30679,1.30686
2013.03.01 01:02:58.536,1.30679,1.30683
2013.03.01 01:02:58.718,1.30675,1.30681
2013.03.01 01:02:58.786,1.30672,1.30679
2013.03.01 01:03:00.140,1.30671,1.30678
2013.03.01 01:03:00.686,1.30671,1.30678
2013.03.01 01:03:01.235,1.30671,1.30678
2013.03.01 01:03:01.536,1.30676,1.30682
2013.03.01 01:03:01.776,1.30678,1.30684
2013.03.01 01:03:02.317,1.30679,1.30685
2013.03.01 01:03:02.555,1.3068,1.30687
2013.03.01 01:03:03.481,1.30679,1.30686
2013.03.01 01:03:04.776,1.30682,1.30687
2013.03.01 01:03:04.958,1.30682,1.30689
2013.03.01 01:03:06.156,1.30682,1.30688
2013.03.01 01:03:06.945,1.30682,1.30688
2013.03.01 01:03:07.496,1.30681,1.30686
2013.03.01 01:03:07.855,1.3068,1.30686
2013.03.01 01:03:08.394,1.30681,1.30686
2013.03.01 01:03:14.855,1.30679,1.30687
2013.03.01 01:03:21.125,1.30683,1.30689
2013.03.01 01:03:23.706,1.30685,1.3069
2013.03.01 01:03:23.827,1.30687,1.30691
2013.03.01 01:03:24.245,1.30688,1.30696
2013.03.01 01:03:24.306,1.30688,1.30696
2013.03.01 01:03:25.915,1.30689,1.30696
2013.03.01 01:03:27.998,1.30688,1.30696
2013.03.01 01:03:28.545,1.30687,1.30695
2013.03.01 01:03:29.085,1.30687,1.30695
2013.03.01 01:03:29.987,1.30686,1.30695
2013.03.01 01:03:31.905,1.30687,1.30695
2013.03.01 01:03:32.451,1.30687,1.30695
2013.03.01 01:03:32.953,1.30687,1.30694
2013.03.01 01:03:33.195,1.30686,1.30693
2013.03.01 01:03:34.044,1.30686,1.30694
2013.03.01 01:03:34.595,1.30687,1.30695
2013.03.01 01:03:35.496,1.30686,1.30692
2013.03.01 01:03:43.876,1.30686,1.30693
2013.03.01 01:03:44.305,1.30686,1.30695
2013.03.01 01:03:44.725,1.30688,1.30695
2013.03.01 01:03:46.636,1.30689,1.30697
2013.03.01 01:03:46.815,1.30688,1.30697
2013.03.01 01:03:47.970,1.30688,1.30695
2013.03.01 01:03:48.695,1.30687,1.30694
2013.03.01 01:03:49.236,1.30684,1.3069
2013.03.01 01:03:49.742,1.30681,1.30687
2013.03.01 01:03:49.926,1.30682,1.30689
2013.03.01 01:03:50.046,1.30682,1.3069
2013.03.01 01:03:50.105,1.30685,1.30689
2013.03.01 01:03:50.226,1.30685,1.30693
2013.03.01 01:03:50.285,1.30687,1.30695
2013.03.01 01:03:50.407,1.30687,1.30693
2013.03.01 01:03:50.466,1.30685,1.30692
2013.03.01 01:03:50.707,1.30688,1.30692
2013.03.01 01:03:50.885,1.30688,1.30695
2013.03.01 01:03:51.426,1.30689,1.30696
2013.03.01 01:03:53.308,1.3069,1.30697
2013.03.01 01:03:54.746,1.3069,1.30697
2013.03.01 01:03:55.295,1.30689,1.30697
2013.03.01 01:03:55.954,1.30689,1.30697
2013.03.01 01:03:56.496,1.30689,1.30697
2013.03.01 01:03:56.618,1.30689,1.30697
2013.03.01 01:03:57.952,1.30694,1.30702
2013.03.01 01:03:58.015,1.30695,1.30702
2013.03.01 01:03:58.136,1.30696,1.30705
2013.03.01 01:03:58.195,1.30696,1.30704
2013.03.01 01:03:59.906,1.30698,1.30704
2013.03.01 01:04:00.276,1.30694,1.30702
2013.03.01 01:04:02.116,1.30694,1.307
2013.03.01 01:04:02.417,1.30691,1.30697
2013.03.01 01:04:02.476,1.30689,1.30695
2013.03.01 01:04:02.536,1.30688,1.30695
2013.03.01 01:04:02.655,1.30688,1.30696
2013.03.01 01:04:03.195,1.30687,1.30695
2013.03.01 01:04:04.186,1.30685,1.30693
2013.03.01 01:04:04.756,1.30689,1.30694
2013.03.01 01:04:04.827,1.30691,1.30697
2013.03.01 01:04:04.886,1.30694,1.30699
2013.03.01 01:04:05.067,1.30695,1.30701
2013.03.01 01:04:05.126,1.30696,1.30702
2013.03.01 01:04:05.187,1.30697,1.30703
2013.03.01 01:04:05.306,1.30696,1.30703
2013.03.01 01:04:05.367,1.30695,1.30698
2013.03.01 01:04:05.608,1.30691,1.30697
2013.03.01 01:04:05.749,1.30689,1.30697
2013.03.01 01:04:05.820,1.30689,1.30695
2013.03.01 01:04:06.375,1.30687,1.30695
2013.03.01 01:04:07.305,1.30688,1.30695
2013.03.01 01:04:09.356,1.30687,1.30694
2013.03.01 01:04:09.978,1.30685,1.30692
2013.03.01 01:04:10.228,1.30683,1.30688
2013.03.01 01:04:11.695,1.30683,1.30688
2013.03.01 01:04:11.836,1.30685,1.30688
2013.03.01 01:04:11.955,1.30686,1.30692
2013.03.01 01:04:12.135,1.30687,1.30693
2013.03.01 01:04:12.615,1.30688,1.30694
2013.03.01 01:04:13.155,1.30689,1.30695
2013.03.01 01:04:13.216,1.30686,1.30693
2013.03.01 01:04:13.875,1.30686,1.30693
2013.03.01 01:04:13.938,1.30686,1.30693
2013.03.01 01:04:14.495,1.30685,1.30693
2013.03.01 01:04:14.806,1.30688,1.30693
2013.03.01 01:04:14.867,1.30691,1.30698
2013.03.01 01:04:14.987,1.30691,1.30698
2013.03.01 01:04:15.345,1.30688,1.30697
2013.03.01 01:04:15.945,1.30689,1.30697
2013.03.01 01:04:16.065,1.3069,1.30697
2013.03.01 01:04:18.225,1.3069,1.30697
2013.03.01 01:04:20.796,1.30691,1.30698
2013.03.01 01:04:21.157,1.30696,1.307
2013.03.01 01:04:21.605,1.30697,1.30704
2013.03.01 01:04:23.115,1.30697,1.30704
2013.03.01 01:04:23.237,1.30695,1.307
2013.03.01 01:04:23.295,1.30697,1.30701
2013.03.01 01:04:23.357,1.30697,1.30702
2013.03.01 01:04:23.596,1.30693,1.30697
2013.03.01 01:04:23.777,1.30694,1.307
2013.03.01 01:04:23.896,1.30693,1.30699
2013.03.01 01:04:24.255,1.30691,1.30697
2013.03.01 01:04:30.549,1.30688,1.30697
2013.03.01 01:04:31.275,1.30688,1.30697
2013.03.01 01:04:32.838,1.30688,1.30697
2013.03.01 01:04:37.616,1.30688,1.30697
2013.03.01 01:04:38.566,1.30689,1.30698
2013.03.01 01:04:38.685,1.30689,1.30698
2013.03.01 01:04:42.186,1.30693,1.30698
2013.03.01 01:04:42.245,1.30693,1.307
2013.03.01 01:04:42.846,1.30692,1.30699
2013.03.01 01:04:45.285,1.30691,1.30698
2013.03.01 01:04:48.963,1.30691,1.30699
2013.03.01 01:04:50.425,1.30691,1.30698
2013.03.01 01:04:50.965,1.3069,1.30698
2013.03.01 01:04:52.465,1.3069,1.30696
2013.03.01 01:04:58.478,1.30689,1.30696
2013.03.01 01:04:59.807,1.30688,1.30695
2013.03.01 01:04:59.866,1.30688,1.30693
2013.03.01 01:05:00.377,1.30686,1.30695
2013.03.01 01:05:01.796,1.30688,1.30695
2013.03.01 01:05:02.194,1.30687,1.30695
2013.03.01 01:05:04.625,1.30687,1.30695
2013.03.01 01:05:05.145,1.30687,1.30694
2013.03.01 01:05:05.805,1.30687,1.30693
2013.03.01 01:05:06.126,1.30683,1.30689
2013.03.01 01:05:06.187,1.30683,1.30685
2013.03.01 01:05:06.257,1.30681,1.30685
2013.03.01 01:05:06.740,1.30681,1.30685
2013.03.01 01:05:06.866,1.30681,1.3069
2013.03.01 01:05:07.227,1.30686,1.30689
2013.03.01 01:05:07.347,1.3069,1.30695
2013.03.01 01:05:07.465,1.3069,1.30696
2013.03.01 01:05:08.005,1.3069,1.30696
2013.03.01 01:05:08.786,1.3069,1.30698
2013.03.01 01:05:09.157,1.30688,1.30695
2013.03.01 01:05:12.315,1.3069,1.30697
2013.03.01 01:05:15.495,1.30691,1.30697
2013.03.01 01:05:19.265,1.3069,1.30697
2013.03.01 01:05:30.068,1.30693,1.30697
2013.03.01 01:05:30.306,1.30695,1.30697
2013.03.01 01:05:30.486,1.30695,1.30699
2013.03.01 01:05:30.545,1.30695,1.30701
2013.03.01 01:05:30.607,1.30695,1.30703
2013.03.01 01:05:38.377,1.30695,1.30703
2013.03.01 01:05:38.926,1.30694,1.30703
2013.03.01 01:05:39.327,1.30691,1.30698
2013.03.01 01:05:41.336,1.30691,1.30698
2013.03.01 01:05:41.576,1.30692,1.30699
2013.03.01 01:05:42.135,1.30693,1.30697
2013.03.01 01:05:42.256,1.30694,1.30699
2013.03.01 01:05:43.196,1.30694,1.30702
2013.03.01 01:05:43.437,1.30692,1.30697
2013.03.01 01:05:43.985,1.3069,1.30697
2013.03.01 01:05:45.409,1.30691,1.30697
2013.03.01 01:05:45.479,1.30693,1.30699
2013.03.01 01:05:45.668,1.30696,1.307
2013.03.01 01:05:45.737,1.30697,1.30704
2013.03.01 01:05:45.802,1.307,1.30705
2013.03.01 01:05:46.165,1.307,1.30707
2013.03.01 01:05:47.776,1.30701,1.30708
2013.03.01 01:05:48.398,1.30702,1.30708
2013.03.01 01:05:48.646,1.30703,1.30708
2013.03.01 01:05:50.607,1.30703,1.30708
2013.03.01 01:05:50.910,1.30701,1.30706
2013.03.01 01:05:51.455,1.30702,1.30708
