Time,Bid,Ask
2013.03.22 00:00:00.723,1.29031,1.29035
2013.03.22 00:00:03.082,1.29032,1.29036
2013.03.22 00:00:03.582,1.29033,1.29038
2013.03.22 00:00:03.883,1.29036,1.2904
2013.03.22 00:00:04.063,1.29038,1.29043
2013.03.22 00:00:04.902,1.29039,1.29044
2013.03.22 00:00:06.823,1.2904,1.29044
2013.03.22 00:00:08.464,1.2904,1.29044
2013.03.22 00:00:13.963,1.29041,1.29045
2013.03.22 00:00:19.012,1.29041,1.29045
2013.03.22 00:00:21.233,1.2904,1.29044
2013.03.22 00:00:21.952,1.2904,1.29044
2013.03.22 00:00:23.040,1.2904,1.29044
2013.03.22 00:00:23.624,1.2904,1.29044
2013.03.22 00:00:23.982,1.29041,1.29046
2013.03.22 00:00:24.954,1.29041,1.29046
2013.03.22 00:00:25.714,1.29041,1.29044
2013.03.22 00:00:28.173,1.29044,1.29048
2013.03.22 00:00:28.234,1.29046,1.29049
2013.03.22 00:00:28.473,1.29048,1.29052
2013.03.22 00:00:28.533,1.29048,1.29053
2013.03.22 00:00:28.773,1.29051,1.29054
2013.03.22 00:00:29.133,1.29052,1.29055
2013.03.22 00:00:29.613,1.29053,1.29055
2013.03.22 00:00:29.674,1.29052,1.29057
2013.03.22 00:00:29.733,1.29052,1.29058
2013.03.22 00:00:30.273,1.29053,1.29058
2013.03.22 00:00:31.243,1.29054,1.29059
2013.03.22 00:00:31.847,1.29055,1.29059
2013.03.22 00:00:33.343,1.29056,1.2906
2013.03.22 00:00:34.392,1.29056,1.29061
2013.03.22 00:00:34.942,1.29057,1.29061
2013.03.22 00:00:36.803,1.29058,1.29062
2013.03.22 00:00:37.603,1.29061,1.29065
2013.03.22 00:00:38.122,1.29061,1.29065
2013.03.22 00:00:39.676,1.29059,1.29064
2013.03.22 00:00:40.223,1.29059,1.29065
2013.03.22 00:00:40.796,1.29059,1.29065
2013.03.22 00:00:43.013,1.2906,1.29065
2013.03.22 00:00:46.043,1.2906,1.29065
2013.03.22 00:00:47.843,1.2906,1.29065
2013.03.22 00:00:53.513,1.29059,1.29065
2013.03.22 00:00:54.214,1.29059,1.29065
2013.03.22 00:00:58.733,1.29059,1.29064
2013.03.22 00:01:01.633,1.29057,1.29062
2013.03.22 00:01:02.258,1.29057,1.29062
2013.03.22 00:01:11.463,1.29056,1.29061
2013.03.22 00:01:21.063,1.29058,1.29063
2013.03.22 00:01:21.973,1.29058,1.29063
2013.03.22 00:01:23.317,1.29058,1.29063
2013.03.22 00:01:23.862,1.29058,1.29063
2013.03.22 00:01:31.834,1.29058,1.29064
2013.03.22 00:01:32.383,1.29058,1.29063
2013.03.22 00:01:33.241,1.29058,1.29063
2013.03.22 00:01:33.968,1.2906,1.29063
2013.03.22 00:01:36.672,1.2906,1.29063
2013.03.22 00:01:36.793,1.2906,1.29064
2013.03.22 00:01:37.094,1.29061,1.29065
2013.03.22 00:01:37.335,1.29063,1.29067
2013.03.22 00:01:37.514,1.29061,1.29066
2013.03.22 00:01:37.634,1.29061,1.29066
2013.03.22 00:01:37.693,1.29061,1.29066
2013.03.22 00:01:37.993,1.29061,1.29065
2013.03.22 00:01:38.173,1.2906,1.29064
2013.03.22 00:01:38.653,1.29058,1.29064
2013.03.22 00:01:39.794,1.29059,1.29063
2013.03.22 00:01:40.943,1.29059,1.29064
2013.03.22 00:01:41.183,1.2906,1.29064
2013.03.22 00:01:41.244,1.29061,1.29066
2013.03.22 00:01:41.304,1.29061,1.29065
2013.03.22 00:01:41.605,1.29057,1.29062
2013.03.22 00:01:41.678,1.29057,1.29062
2013.03.22 00:01:41.744,1.29057,1.2906
2013.03.22 00:01:42.044,1.29057,1.29061
2013.03.22 00:01:42.604,1.29056,1.29061
2013.03.22 00:01:43.214,1.29056,1.29061
2013.03.22 00:01:45.620,1.29056,1.29061
2013.03.22 00:01:45.721,1.29059,1.29064
2013.03.22 00:01:46.223,1.29058,1.29064
2013.03.22 00:01:47.694,1.29059,1.29065
2013.03.22 00:01:51.484,1.29059,1.29065
2013.03.22 00:01:52.024,1.2906,1.29065
2013.03.22 00:01:52.084,1.2906,1.29065
2013.03.22 00:01:52.206,1.29062,1.29067
2013.03.22 00:01:52.456,1.29065,1.2907
2013.03.22 00:01:53.063,1.29065,1.2907
2013.03.22 00:01:53.185,1.29065,1.2907
2013.03.22 00:01:53.427,1.29063,1.29068
2013.03.22 00:01:53.854,1.29063,1.29068
2013.03.22 00:01:54.420,1.29064,1.29066
2013.03.22 00:01:54.764,1.29062,1.29066
2013.03.22 00:01:55.336,1.29062,1.29065
2013.03.22 00:01:55.417,1.29061,1.29065
2013.03.22 00:01:55.850,1.29061,1.29063
2013.03.22 00:01:56.034,1.29059,1.29063
2013.03.22 00:01:56.404,1.29057,1.29063
2013.03.22 00:01:56.943,1.29057,1.29062
2013.03.22 00:01:57.444,1.29056,1.29061
2013.03.22 00:01:58.273,1.29056,1.2906
2013.03.22 00:01:59.186,1.29055,1.2906
2013.03.22 00:01:59.733,1.29055,1.29059
2013.03.22 00:01:59.915,1.29055,1.29058
2013.03.22 00:02:00.036,1.29054,1.29057
2013.03.22 00:02:00.164,1.29053,1.29056
2013.03.22 00:02:00.708,1.29052,1.29055
2013.03.22 00:02:01.254,1.29051,1.29055
2013.03.22 00:02:01.794,1.2905,1.29054
2013.03.22 00:02:02.194,1.29049,1.29054
2013.03.22 00:02:02.374,1.29048,1.29053
2013.03.22 00:02:02.855,1.29047,1.29052
2013.03.22 00:02:03.093,1.29045,1.29049
2013.03.22 00:02:03.336,1.29047,1.29051
2013.03.22 00:02:04.123,1.29048,1.29052
2013.03.22 00:02:08.553,1.29048,1.29053
2013.03.22 00:02:08.793,1.2905,1.29053
2013.03.22 00:02:09.394,1.2905,1.29053
2013.03.22 00:02:12.014,1.2905,1.29053
2013.03.22 00:02:12.133,1.29052,1.29054
2013.03.22 00:02:12.434,1.29051,1.29056
2013.03.22 00:02:12.613,1.29054,1.29058
2013.03.22 00:02:12.916,1.29051,1.29057
2013.03.22 00:02:13.105,1.29052,1.29057
2013.03.22 00:02:13.225,1.29052,1.29057
2013.03.22 00:02:13.284,1.29052,1.29057
2013.03.22 00:02:13.823,1.29055,1.2906
2013.03.22 00:02:14.184,1.29055,1.29061
2013.03.22 00:02:14.724,1.29055,1.2906
2013.03.22 00:02:18.135,1.29055,1.29058
2013.03.22 00:02:18.194,1.29055,1.29058
2013.03.22 00:02:18.373,1.29051,1.29056
2013.03.22 00:02:19.078,1.29052,1.29056
2013.03.22 00:02:19.157,1.2905,1.29054
2013.03.22 00:02:19.406,1.29048,1.29051
2013.03.22 00:02:19.596,1.29047,1.29051
2013.03.22 00:02:20.324,1.29047,1.29052
2013.03.22 00:02:20.503,1.29049,1.29052
2013.03.22 00:02:20.703,1.29046,1.29053
2013.03.22 00:02:24.684,1.29048,1.29053
2013.03.22 00:02:24.924,1.29048,1.29054
2013.03.22 00:02:33.943,1.29048,1.29054
2013.03.22 00:02:34.122,1.29048,1.29053
2013.03.22 00:02:41.878,1.2905,1.29055
2013.03.22 00:02:41.945,1.2905,1.29055
2013.03.22 00:02:42.005,1.2905,1.29055
2013.03.22 00:02:42.515,1.2905,1.29056
2013.03.22 00:02:48.722,1.2905,1.29055
2013.03.22 00:02:49.243,1.2905,1.29055
2013.03.22 00:02:51.534,1.2905,1.29055
2013.03.22 00:03:02.349,1.2905,1.29054
2013.03.22 00:03:04.845,1.29051,1.29053
2013.03.22 00:03:05.180,1.29051,1.29053
2013.03.22 00:03:07.057,1.29048,1.29053
2013.03.22 00:03:20.483,1.29046,1.29052
2013.03.22 00:03:23.364,1.29047,1.2905
2013.03.22 00:03:27.743,1.29045,1.2905
2013.03.22 00:03:28.283,1.29045,1.2905
2013.03.22 00:03:32.233,1.29045,1.2905
2013.03.22 00:03:32.856,1.29045,1.2905
2013.03.22 00:03:33.225,1.29044,1.29047
2013.03.22 00:03:33.295,1.29044,1.29047
2013.03.22 00:03:33.357,1.29041,1.29046
2013.03.22 00:03:33.663,1.29041,1.29045
2013.03.22 00:03:35.844,1.2904,1.29043
2013.03.22 00:03:35.905,1.29038,1.29041
2013.03.22 00:03:36.025,1.29036,1.2904
2013.03.22 00:03:36.085,1.29035,1.29037
2013.03.22 00:03:36.264,1.29032,1.29035
2013.03.22 00:03:36.323,1.2903,1.29035
2013.03.22 00:03:36.384,1.29031,1.29035
2013.03.22 00:03:36.445,1.2903,1.29035
2013.03.22 00:03:36.743,1.2903,1.29034
2013.03.22 00:03:37.662,1.2903,1.29034
2013.03.22 00:03:38.203,1.29031,1.29035
2013.03.22 00:03:39.606,1.29033,1.29037
2013.03.22 00:03:39.797,1.29035,1.29039
2013.03.22 00:03:39.866,1.29039,1.29042
2013.03.22 00:03:39.937,1.29041,1.29042
2013.03.22 00:03:40.004,1.29041,1.29045
2013.03.22 00:03:40.424,1.2904,1.29043
2013.03.22 00:03:40.784,1.29038,1.29042
2013.03.22 00:03:40.904,1.29037,1.29041
2013.03.22 00:03:42.553,1.29036,1.29041
2013.03.22 00:03:43.055,1.29038,1.29042
2013.03.22 00:03:44.604,1.29039,1.29043
2013.03.22 00:03:45.153,1.29038,1.29042
2013.03.22 00:03:45.663,1.29037,1.29042
2013.03.22 00:03:46.173,1.29037,1.29042
2013.03.22 00:03:53.123,1.29039,1.29043
2013.03.22 00:03:56.743,1.29038,1.29043
2013.03.22 00:03:57.145,1.29038,1.2904
2013.03.22 00:03:57.448,1.29036,1.29041
2013.03.22 00:03:57.758,1.29036,1.2904
2013.03.22 00:03:58.064,1.29036,1.29038
2013.03.22 00:03:58.603,1.29035,1.29038
2013.03.22 00:03:59.143,1.29031,1.29036
2013.03.22 00:04:00.595,1.29032,1.29035
2013.03.22 00:04:00.654,1.29034,1.29038
2013.03.22 00:04:01.013,1.29035,1.29038
2013.03.22 00:04:02.073,1.29035,1.29038
2013.03.22 00:04:04.898,1.29035,1.29038
2013.03.22 00:04:05.326,1.29035,1.29038
2013.03.22 00:04:05.693,1.29032,1.29036
2013.03.22 00:04:06.258,1.29032,1.29035
2013.03.22 00:04:10.714,1.29032,1.29035
2013.03.22 00:04:11.271,1.29032,1.29035
2013.03.22 00:04:11.784,1.29032,1.29035
2013.03.22 00:04:16.943,1.29032,1.29035
2013.03.22 00:04:17.500,1.29032,1.29035
2013.03.22 00:04:17.803,1.29032,1.29036
2013.03.22 00:04:17.983,1.29032,1.29037
2013.03.22 00:04:18.523,1.29034,1.29039
2013.03.22 00:04:18.705,1.29035,1.2904
2013.03.22 00:04:18.775,1.29035,1.2904
2013.03.22 00:04:19.324,1.29036,1.2904
2013.03.22 00:04:20.213,1.29037,1.29041
2013.03.22 00:04:20.774,1.29038,1.29043
2013.03.22 00:04:20.834,1.29038,1.29043
2013.03.22 00:04:21.134,1.2904,1.29043
2013.03.22 00:04:21.253,1.2904,1.29044
2013.03.22 00:04:21.773,1.2904,1.29044
2013.03.22 00:04:22.497,1.29039,1.29044
2013.03.22 00:04:33.164,1.29039,1.29044
2013.03.22 00:04:33.691,1.29039,1.29044
2013.03.22 00:04:37.307,1.29039,1.29044
2013.03.22 00:04:37.852,1.29039,1.29044
2013.03.22 00:04:38.577,1.29039,1.29043
2013.03.22 00:04:42.043,1.29039,1.29043
2013.03.22 00:04:42.633,1.29039,1.29043
2013.03.22 00:04:44.493,1.29039,1.29043
2013.03.22 00:04:45.004,1.29039,1.29043
2013.03.22 00:04:47.894,1.29039,1.29043
2013.03.22 00:04:51.834,1.29039,1.29043
2013.03.22 00:04:59.443,1.29039,1.29043
2013.03.22 00:05:00.099,1.29039,1.29043
2013.03.22 00:05:02.656,1.29039,1.29044
2013.03.22 00:05:02.963,1.2904,1.29045
2013.03.22 00:05:04.366,1.29041,1.29045
2013.03.22 00:05:05.334,1.29043,1.29046
2013.03.22 00:05:05.873,1.29043,1.29048
2013.03.22 00:05:06.405,1.29043,1.29047
2013.03.22 00:05:06.944,1.29043,1.29047
2013.03.22 00:05:07.483,1.29043,1.29048
2013.03.22 00:05:07.866,1.29043,1.29048
2013.03.22 00:05:08.765,1.29041,1.29046
2013.03.22 00:05:09.417,1.2904,1.29045
2013.03.22 00:05:10.005,1.29039,1.29043
2013.03.22 00:05:11.153,1.29039,1.29043
2013.03.22 00:05:11.213,1.29038,1.29043
2013.03.22 00:05:13.035,1.29038,1.29043
2013.03.22 00:05:13.584,1.29039,1.29044
2013.03.22 00:05:18.574,1.2904,1.29045
2013.03.22 00:05:19.698,1.29039,1.29045
2013.03.22 00:05:21.653,1.29039,1.29044
2013.03.22 00:05:22.773,1.29039,1.29045
2013.03.22 00:05:23.313,1.2904,1.29045
2013.03.22 00:05:23.743,1.29041,1.29046
2013.03.22 00:05:24.045,1.29044,1.29047
2013.03.22 00:05:24.104,1.29045,1.29048
2013.03.22 00:05:24.347,1.29046,1.2905
2013.03.22 00:05:24.414,1.29046,1.29051
2013.03.22 00:05:24.953,1.29046,1.29051
2013.03.22 00:05:25.752,1.29047,1.29051
2013.03.22 00:05:26.264,1.29047,1.29052
2013.03.22 00:05:28.233,1.29047,1.29052
2013.03.22 00:05:28.773,1.29049,1.29053
2013.03.22 00:05:31.315,1.29049,1.29055
2013.03.22 00:05:31.868,1.29049,1.29055
2013.03.22 00:05:32.626,1.2905,1.29055
2013.03.22 00:05:33.184,1.2905,1.29056
2013.03.22 00:05:34.733,1.2905,1.29055
2013.03.22 00:05:35.338,1.2905,1.29055
2013.03.22 00:05:35.587,1.2905,1.29055
2013.03.22 00:05:35.656,1.29052,1.29056
2013.03.22 00:05:36.203,1.29051,1.29056
2013.03.22 00:05:36.743,1.29052,1.29057
2013.03.22 00:05:37.283,1.29054,1.29058
2013.03.22 00:05:37.833,1.29054,1.2906
2013.03.22 00:05:38.363,1.29055,1.2906
2013.03.22 00:05:39.273,1.29055,1.29059
2013.03.22 00:05:39.515,1.29052,1.29057
2013.03.22 00:05:39.824,1.2905,1.29055
2013.03.22 00:05:40.483,1.29049,1.29054
2013.03.22 00:05:41.024,1.2905,1.29055
2013.03.22 00:05:41.556,1.29049,1.29055
2013.03.22 00:05:42.755,1.29052,1.29056
2013.03.22 00:05:42.823,1.29053,1.29058
2013.03.22 00:05:43.185,1.29054,1.2906
2013.03.22 00:05:43.907,1.29054,1.2906
2013.03.22 00:05:45.356,1.29055,1.2906
2013.03.22 00:05:46.664,1.29056,1.29061
2013.03.22 00:05:47.200,1.29057,1.29062
2013.03.22 00:05:47.503,1.29058,1.29063
2013.03.22 00:05:48.044,1.29058,1.29062
2013.03.22 00:05:52.603,1.29056,1.29062
2013.03.22 00:05:54.523,1.29056,1.29061
2013.03.22 00:05:55.156,1.29056,1.2906
2013.03.22 00:05:55.463,1.29055,1.2906
2013.03.22 00:05:55.644,1.29054,1.29057
2013.03.22 00:05:55.883,1.29051,1.29055
2013.03.22 00:05:56.553,1.29051,1.29055
2013.03.22 00:05:57.064,1.2905,1.29055
2013.03.22 00:05:57.723,1.2905,1.29055
2013.03.22 00:05:58.574,1.29051,1.29056
2013.03.22 00:05:58.693,1.29051,1.29056
2013.03.22 00:05:58.994,1.29052,1.29057
2013.03.22 00:05:59.353,1.29052,1.29058
2013.03.22 00:06:00.633,1.29056,1.29061
2013.03.22 00:06:01.531,1.29056,1.29061
2013.03.22 00:06:02.013,1.29055,1.29058
2013.03.22 00:06:02.374,1.29052,1.29058
2013.03.22 00:06:02.923,1.29051,1.29057
2013.03.22 00:06:03.443,1.29053,1.29057
2013.03.22 00:06:03.623,1.29051,1.29056
2013.03.22 00:06:05.103,1.29052,1.29056
2013.03.22 00:06:09.243,1.29053,1.29058
2013.03.22 00:06:11.283,1.29054,1.29058
2013.03.22 00:06:12.624,1.29053,1.29058
2013.03.22 00:06:13.257,1.29053,1.29057
2013.03.22 00:06:17.073,1.29054,1.29058
2013.03.22 00:06:19.327,1.29055,1.29058
2013.03.22 00:06:19.575,1.29056,1.2906
2013.03.22 00:06:19.693,1.29056,1.29062
2013.03.22 00:06:20.203,1.29058,1.29062
2013.03.22 00:06:21.235,1.29058,1.29062
2013.03.22 00:06:22.020,1.29057,1.2906
2013.03.22 00:06:25.215,1.29057,1.2906
2013.03.22 00:06:25.694,1.29054,1.29058
2013.03.22 00:06:25.755,1.29054,1.29057
2013.03.22 00:06:25.995,1.29051,1.29055
2013.03.22 00:06:26.474,1.29048,1.29053
2013.03.22 00:06:26.977,1.29048,1.29052
2013.03.22 00:06:38.003,1.29048,1.29052
2013.03.22 00:06:39.915,1.29048,1.2905
2013.03.22 00:06:41.776,1.29048,1.29051
2013.03.22 00:06:43.094,1.29048,1.29051
2013.03.22 00:06:43.884,1.29048,1.2905
2013.03.22 00:06:49.126,1.29048,1.29051
2013.03.22 00:07:04.233,1.29049,1.29053
2013.03.22 00:07:04.744,1.29049,1.29053
2013.03.22 00:07:05.293,1.29048,1.29052
2013.03.22 00:07:05.835,1.29048,1.29052
2013.03.22 00:07:06.353,1.29047,1.29052
2013.03.22 00:07:07.733,1.29048,1.29052
2013.03.22 00:07:17.814,1.29048,1.29052
2013.03.22 00:07:18.984,1.29048,1.29052
2013.03.22 00:07:19.104,1.29046,1.29049
2013.03.22 00:07:19.464,1.29043,1.29047
2013.03.22 00:07:19.765,1.29041,1.29043
2013.03.22 00:07:20.007,1.29039,1.29043
2013.03.22 00:07:20.831,1.2904,1.29045
2013.03.22 00:07:21.375,1.29042,1.29046
2013.03.22 00:07:21.914,1.29042,1.29046
2013.03.22 00:07:27.945,1.29042,1.29046
2013.03.22 00:07:28.464,1.29041,1.29045
2013.03.22 00:07:29.937,1.2904,1.29045
2013.03.22 00:07:30.445,1.2904,1.29044
2013.03.22 00:07:32.575,1.2904,1.29044
2013.03.22 00:07:40.464,1.2904,1.29045
2013.03.22 00:07:44.789,1.29039,1.29045
2013.03.22 00:07:45.104,1.29039,1.29043
2013.03.22 00:07:46.583,1.29038,1.29043
2013.03.22 00:07:47.128,1.29038,1.29043
2013.03.22 00:07:47.755,1.29038,1.29042
2013.03.22 00:07:48.374,1.29038,1.29043
2013.03.22 00:07:48.733,1.29038,1.29043
2013.03.22 00:07:48.854,1.29038,1.29043
2013.03.22 00:07:55.184,1.29038,1.29043
2013.03.22 00:07:56.846,1.29036,1.2904
2013.03.22 00:07:57.094,1.29036,1.2904
2013.03.22 00:07:59.796,1.29035,1.2904
2013.03.22 00:08:00.263,1.29037,1.29041
2013.03.22 00:08:00.444,1.29037,1.29042
2013.03.22 00:08:00.953,1.29038,1.29042
2013.03.22 00:08:03.015,1.29038,1.29041
2013.03.22 00:08:03.074,1.29036,1.2904
2013.03.22 00:08:03.135,1.29036,1.2904
2013.03.22 00:08:03.674,1.29035,1.29038
2013.03.22 00:08:04.095,1.29035,1.29038
2013.03.22 00:08:04.857,1.29035,1.29038
2013.03.22 00:08:08.046,1.29035,1.29038
2013.03.22 00:08:10.785,1.29035,1.29038
2013.03.22 00:08:11.574,1.29035,1.29038
2013.03.22 00:08:12.104,1.29036,1.29039
2013.03.22 00:08:12.284,1.29036,1.2904
2013.03.22 00:08:13.199,1.2904,1.29043
2013.03.22 00:08:14.344,1.29041,1.29045
2013.03.22 00:08:16.195,1.29041,1.29045
2013.03.22 00:08:30.213,1.2904,1.29045
2013.03.22 00:08:32.898,1.29039,1.29044
2013.03.22 00:08:32.966,1.29038,1.29042
2013.03.22 00:08:33.514,1.29039,1.29044
2013.03.22 00:08:34.763,1.29039,1.29044
2013.03.22 00:08:35.303,1.29039,1.29045
2013.03.22 00:08:37.424,1.29039,1.29045
2013.03.22 00:08:38.125,1.29039,1.29045
2013.03.22 00:08:39.083,1.29039,1.29045
2013.03.22 00:08:48.614,1.29039,1.29045
2013.03.22 00:08:51.345,1.29039,1.29045
2013.03.22 00:08:59.285,1.29039,1.29044
2013.03.22 00:09:00.635,1.29039,1.29043
2013.03.22 00:09:03.825,1.29039,1.29044
2013.03.22 00:09:04.727,1.29039,1.29045
2013.03.22 00:09:08.134,1.29039,1.29045
2013.03.22 00:09:09.072,1.29039,1.29045
2013.03.22 00:09:09.254,1.2904,1.29045
2013.03.22 00:09:09.957,1.29039,1.29045
2013.03.22 00:09:11.714,1.29039,1.29044
2013.03.22 00:09:13.403,1.29039,1.29045
2013.03.22 00:09:13.985,1.29039,1.29045
2013.03.22 00:09:24.323,1.29039,1.29045
2013.03.22 00:09:24.984,1.2904,1.29045
2013.03.22 00:09:30.694,1.2904,1.29045
2013.03.22 00:09:31.236,1.2904,1.29045
2013.03.22 00:09:40.773,1.2904,1.29045
2013.03.22 00:09:41.423,1.2904,1.29045
2013.03.22 00:09:43.876,1.2904,1.29045
2013.03.22 00:09:49.225,1.29039,1.29045
2013.03.22 00:09:52.335,1.29039,1.29045
2013.03.22 00:09:55.874,1.29039,1.29045
2013.03.22 00:09:59.244,1.29039,1.29044
2013.03.22 00:10:01.035,1.29039,1.29045
2013.03.22 00:10:05.924,1.29039,1.29045
2013.03.22 00:10:11.624,1.29039,1.29046
2013.03.22 00:10:19.195,1.29039,1.29045
2013.03.22 00:10:21.720,1.29039,1.29045
2013.03.22 00:10:31.464,1.29039,1.29045
2013.03.22 00:10:33.816,1.29039,1.29045
2013.03.22 00:10:34.343,1.29039,1.29045
2013.03.22 00:10:34.934,1.29038,1.2904
2013.03.22 00:10:35.474,1.29036,1.29042
2013.03.22 00:10:36.083,1.29036,1.29042
2013.03.22 00:10:40.205,1.29037,1.29042
2013.03.22 00:10:40.268,1.29038,1.29042
2013.03.22 00:10:40.927,1.29038,1.29043
2013.03.22 00:10:40.998,1.2904,1.29044
2013.03.22 00:10:41.673,1.29039,1.29044
2013.03.22 00:10:43.003,1.29039,1.29044
2013.03.22 00:10:44.635,1.29037,1.29043
2013.03.22 00:10:45.153,1.29037,1.29043
2013.03.22 00:10:50.689,1.29041,1.29045
2013.03.22 00:10:50.996,1.2904,1.29042
2013.03.22 00:10:51.186,1.29039,1.29041
2013.03.22 00:10:51.733,1.2904,1.29043
2013.03.22 00:10:58.175,1.29039,1.29043
2013.03.22 00:11:00.494,1.29038,1.29042
2013.03.22 00:11:01.034,1.29038,1.29041
2013.03.22 00:11:11.344,1.29037,1.29041
2013.03.22 00:11:19.664,1.29037,1.29041
2013.03.22 00:11:22.657,1.29037,1.29041
2013.03.22 00:11:23.295,1.29036,1.29041
2013.03.22 00:11:24.515,1.29036,1.29041
2013.03.22 00:11:24.635,1.29036,1.2904
2013.03.22 00:11:24.938,1.29035,1.29037
2013.03.22 00:11:25.006,1.29033,1.29036
2013.03.22 00:11:25.075,1.29032,1.29036
2013.03.22 00:11:25.137,1.29031,1.29035
2013.03.22 00:11:25.385,1.29029,1.29033
2013.03.22 00:11:26.056,1.29028,1.29033
2013.03.22 00:11:29.815,1.29028,1.29033
2013.03.22 00:11:33.246,1.29027,1.29034
2013.03.22 00:11:33.555,1.29027,1.29032
2013.03.22 00:11:33.734,1.29026,1.29031
2013.03.22 00:11:34.334,1.29025,1.29028
2013.03.22 00:11:34.636,1.29022,1.29029
2013.03.22 00:11:34.706,1.29024,1.29025
2013.03.22 00:11:35.256,1.2902,1.29023
2013.03.22 00:11:35.805,1.2902,1.29023
2013.03.22 00:11:36.347,1.2902,1.29023
2013.03.22 00:11:37.228,1.29018,1.29022
2013.03.22 00:11:37.445,1.2902,1.29024
2013.03.22 00:11:37.565,1.29022,1.29024
2013.03.22 00:11:37.686,1.29021,1.29026
2013.03.22 00:11:38.105,1.29022,1.29027
2013.03.22 00:11:38.685,1.29023,1.29028
2013.03.22 00:11:39.056,1.29024,1.29028
2013.03.22 00:11:39.245,1.29025,1.29029
2013.03.22 00:11:39.785,1.29028,1.29033
2013.03.22 00:11:40.507,1.29029,1.29034
2013.03.22 00:11:42.355,1.29027,1.29031
2013.03.22 00:11:42.895,1.29026,1.29031
2013.03.22 00:11:43.378,1.29023,1.29028
2013.03.22 00:11:43.448,1.29022,1.29026
2013.03.22 00:11:43.754,1.29021,1.29025
2013.03.22 00:11:44.267,1.29019,1.29024
2013.03.22 00:11:45.815,1.29019,1.29024
2013.03.22 00:11:46.754,1.2902,1.29024
2013.03.22 00:11:51.984,1.29019,1.29024
2013.03.22 00:11:52.954,1.29019,1.29023
2013.03.22 00:11:53.555,1.29019,1.29023
2013.03.22 00:12:01.514,1.29019,1.29023
2013.03.22 00:12:02.055,1.29019,1.29024
2013.03.22 00:12:02.594,1.29019,1.29023
2013.03.22 00:12:09.284,1.29019,1.29025
2013.03.22 00:12:10.387,1.29019,1.29023
2013.03.22 00:12:12.765,1.2902,1.29023
2013.03.22 00:12:13.067,1.29021,1.29024
2013.03.22 00:12:13.135,1.29021,1.29026
2013.03.22 00:12:13.376,1.29022,1.29027
2013.03.22 00:12:13.625,1.29024,1.29027
2013.03.22 00:12:13.744,1.29024,1.29029
2013.03.22 00:12:14.775,1.29025,1.29029
2013.03.22 00:12:15.634,1.29026,1.2903
2013.03.22 00:12:17.716,1.29026,1.29031
2013.03.22 00:12:18.254,1.29026,1.29032
2013.03.22 00:12:21.374,1.2903,1.29035
2013.03.22 00:12:27.249,1.2903,1.29035
2013.03.22 00:12:27.786,1.2903,1.29035
2013.03.22 00:12:28.294,1.29029,1.29033
2013.03.22 00:12:33.929,1.29029,1.29033
2013.03.22 00:12:37.573,1.29028,1.29033
2013.03.22 00:12:39.464,1.29027,1.29032
2013.03.22 00:12:40.391,1.29027,1.2903
2013.03.22 00:12:41.064,1.29028,1.29031
2013.03.22 00:12:43.864,1.29028,1.2903
2013.03.22 00:12:44.424,1.29027,1.2903
2013.03.22 00:13:15.915,1.29028,1.29031
2013.03.22 00:13:19.584,1.29028,1.29032
2013.03.22 00:13:22.724,1.29028,1.29032
2013.03.22 00:13:28.469,1.29028,1.29031
2013.03.22 00:13:29.873,1.29027,1.29031
2013.03.22 00:13:30.424,1.29028,1.29032
2013.03.22 00:13:30.954,1.29027,1.29032
2013.03.22 00:13:33.444,1.29028,1.29032
2013.03.22 00:13:36.579,1.29028,1.29032
2013.03.22 00:13:46.144,1.29029,1.29033
2013.03.22 00:13:46.653,1.29029,1.29033
2013.03.22 00:13:47.164,1.29028,1.29032
2013.03.22 00:13:47.746,1.29029,1.29033
2013.03.22 00:13:54.834,1.29029,1.29033
2013.03.22 00:13:55.374,1.29028,1.29032
2013.03.22 00:13:57.501,1.29028,1.29032
2013.03.22 00:14:03.092,1.29029,1.29034
2013.03.22 00:14:07.284,1.2903,1.29034
2013.03.22 00:14:09.794,1.2903,1.29034
2013.03.22 00:14:14.026,1.2903,1.29033
2013.03.22 00:14:18.585,1.29031,1.29034
2013.03.22 00:14:18.825,1.29031,1.29035
2013.03.22 00:14:19.066,1.29035,1.29037
2013.03.22 00:14:19.366,1.29035,1.29039
2013.03.22 00:14:19.975,1.29038,1.29042
2013.03.22 00:14:20.809,1.29038,1.29042
2013.03.22 00:14:23.876,1.29034,1.29039
2013.03.22 00:14:23.944,1.29035,1.29039
2013.03.22 00:14:24.065,1.29034,1.29039
2013.03.22 00:14:24.664,1.29033,1.29038
2013.03.22 00:14:26.524,1.29033,1.29037
2013.03.22 00:14:27.195,1.29033,1.29038
2013.03.22 00:14:28.174,1.29033,1.29037
2013.03.22 00:14:29.065,1.29033,1.29038
2013.03.22 00:14:30.124,1.29033,1.29038
2013.03.22 00:14:31.823,1.29033,1.29038
2013.03.22 00:14:32.064,1.29035,1.29039
2013.03.22 00:14:32.750,1.29035,1.29039
2013.03.22 00:14:35.174,1.29036,1.2904
2013.03.22 00:14:39.584,1.29036,1.29041
2013.03.22 00:14:45.484,1.29036,1.2904
2013.03.22 00:14:46.055,1.29036,1.29041
2013.03.22 00:14:46.605,1.29036,1.29041
2013.03.22 00:14:47.264,1.29036,1.2904
2013.03.22 00:14:49.145,1.29037,1.29041
2013.03.22 00:14:49.744,1.29036,1.2904
2013.03.22 00:14:51.278,1.29039,1.29042
2013.03.22 00:14:51.405,1.2904,1.29043
2013.03.22 00:14:51.705,1.29043,1.29045
2013.03.22 00:14:52.245,1.29043,1.29046
2013.03.22 00:15:01.244,1.29042,1.29046
2013.03.22 00:15:01.904,1.29038,1.29045
2013.03.22 00:15:02.762,1.29038,1.29043
2013.03.22 00:15:02.838,1.29038,1.29043
2013.03.22 00:15:02.906,1.29038,1.29043
2013.03.22 00:15:02.966,1.2904,1.29043
2013.03.22 00:15:03.205,1.29039,1.29046
2013.03.22 00:15:03.324,1.2904,1.29045
2013.03.22 00:15:03.625,1.29038,1.29043
2013.03.22 00:15:10.765,1.29037,1.29041
2013.03.22 00:15:13.724,1.29037,1.29041
2013.03.22 00:15:15.116,1.29037,1.29041
2013.03.22 00:15:18.525,1.29037,1.29041
2013.03.22 00:15:19.245,1.29037,1.29041
2013.03.22 00:15:21.914,1.29037,1.29041
2013.03.22 00:15:23.170,1.29037,1.29041
2013.03.22 00:15:23.965,1.29037,1.29041
2013.03.22 00:15:24.504,1.29037,1.2904
2013.03.22 00:15:24.625,1.29037,1.2904
2013.03.22 00:15:28.524,1.29037,1.2904
2013.03.22 00:15:33.899,1.29037,1.29041
2013.03.22 00:15:34.324,1.29037,1.29043
2013.03.22 00:15:34.878,1.29038,1.29042
2013.03.22 00:15:35.434,1.29038,1.29042
2013.03.22 00:15:38.154,1.29038,1.29042
2013.03.22 00:15:38.655,1.29038,1.29041
2013.03.22 00:15:43.215,1.29036,1.29041
2013.03.22 00:15:45.007,1.29038,1.29043
2013.03.22 00:15:45.495,1.2904,1.29044
2013.03.22 00:15:45.734,1.2904,1.29045
2013.03.22 00:15:46.454,1.2904,1.29045
2013.03.22 00:15:49.165,1.29041,1.29045
2013.03.22 00:15:50.165,1.29041,1.29046
2013.03.22 00:15:57.194,1.29041,1.29045
2013.03.22 00:15:58.634,1.29041,1.29046
2013.03.22 00:15:59.144,1.29042,1.29047
2013.03.22 00:16:00.154,1.29042,1.29048
2013.03.22 00:16:02.315,1.29042,1.29047
2013.03.22 00:16:02.935,1.29042,1.29047
2013.03.22 00:16:03.295,1.29045,1.2905
2013.03.22 00:16:03.834,1.29046,1.2905
2013.03.22 00:16:08.735,1.29045,1.2905
2013.03.22 00:16:09.284,1.29045,1.2905
2013.03.22 00:16:11.205,1.29045,1.2905
2013.03.22 00:16:15.724,1.29045,1.2905
2013.03.22 00:16:16.264,1.29045,1.2905
2013.03.22 00:16:27.124,1.29046,1.2905
2013.03.22 00:16:29.777,1.29045,1.29049
2013.03.22 00:16:33.196,1.29045,1.29049
2013.03.22 00:16:33.256,1.29043,1.29045
2013.03.22 00:16:33.446,1.29041,1.29045
2013.03.22 00:16:33.864,1.29041,1.29044
2013.03.22 00:16:33.985,1.2904,1.29044
2013.03.22 00:16:34.225,1.29039,1.29043
2013.03.22 00:16:34.465,1.29037,1.2904
2013.03.22 00:16:34.946,1.29037,1.2904
2013.03.22 00:16:35.125,1.29035,1.2904
2013.03.22 00:16:35.487,1.29038,1.29041
2013.03.22 00:16:36.024,1.29037,1.2904
2013.03.22 00:16:36.505,1.2904,1.29043
2013.03.22 00:16:37.044,1.2904,1.29043
2013.03.22 00:16:37.604,1.2904,1.29043
2013.03.22 00:16:38.645,1.2904,1.29044
2013.03.22 00:16:45.354,1.29041,1.29044
2013.03.22 00:16:47.735,1.2904,1.29045
2013.03.22 00:16:48.284,1.2904,1.29045
2013.03.22 00:16:51.814,1.2904,1.29045
2013.03.22 00:16:52.165,1.29039,1.29043
2013.03.22 00:16:52.225,1.29039,1.29043
2013.03.22 00:16:52.779,1.29039,1.29043
2013.03.22 00:16:53.695,1.2904,1.29043
2013.03.22 00:17:09.677,1.29042,1.29045
2013.03.22 00:17:10.038,1.29045,1.29047
2013.03.22 00:17:10.107,1.29045,1.29049
2013.03.22 00:17:10.166,1.29046,1.2905
2013.03.22 00:17:10.707,1.29049,1.29053
2013.03.22 00:17:10.774,1.29049,1.29052
2013.03.22 00:17:11.324,1.29049,1.29052
2013.03.22 00:17:12.664,1.29049,1.29052
2013.03.22 00:17:12.785,1.2905,1.29054
2013.03.22 00:17:14.934,1.2905,1.29053
2013.03.22 00:17:15.415,1.29048,1.29051
2013.03.22 00:17:17.074,1.29048,1.2905
2013.03.22 00:17:19.414,1.29048,1.29051
2013.03.22 00:17:29.285,1.29046,1.29051
2013.03.22 00:17:31.796,1.29047,1.29051
2013.03.22 00:17:33.577,1.29047,1.29052
2013.03.22 00:17:36.965,1.29048,1.29051
2013.03.22 00:17:37.998,1.2905,1.29054
2013.03.22 00:17:38.515,1.2905,1.29054
2013.03.22 00:17:39.765,1.2905,1.29053
2013.03.22 00:17:40.295,1.29051,1.29054
2013.03.22 00:17:41.915,1.2905,1.29053
2013.03.22 00:17:51.195,1.29049,1.29052
2013.03.22 00:17:53.776,1.29047,1.29051
2013.03.22 00:17:54.366,1.29047,1.2905
2013.03.22 00:17:56.646,1.29043,1.29048
2013.03.22 00:17:56.787,1.29043,1.29046
2013.03.22 00:17:56.977,1.2904,1.29044
2013.03.22 00:17:57.166,1.29039,1.29042
2013.03.22 00:17:57.466,1.29035,1.29039
2013.03.22 00:17:57.644,1.29035,1.29039
2013.03.22 00:17:58.005,1.29032,1.29037
2013.03.22 00:17:58.185,1.29033,1.29037
2013.03.22 00:17:58.726,1.29032,1.29036
2013.03.22 00:17:58.966,1.29035,1.29039
2013.03.22 00:17:59.206,1.29036,1.2904
2013.03.22 00:17:59.505,1.29038,1.29044
2013.03.22 00:18:00.094,1.2904,1.29044
2013.03.22 00:18:00.405,1.29041,1.29045
2013.03.22 00:18:00.955,1.29042,1.29046
2013.03.22 00:18:02.585,1.2904,1.29045
2013.03.22 00:18:02.706,1.29039,1.29043
2013.03.22 00:18:03.657,1.2904,1.29043
2013.03.22 00:18:03.786,1.29039,1.29042
2013.03.22 00:18:03.905,1.29036,1.29039
2013.03.22 00:18:03.968,1.29036,1.29039
2013.03.22 00:18:04.107,1.29032,1.29036
2013.03.22 00:18:04.286,1.29029,1.29035
2013.03.22 00:18:04.706,1.29028,1.29032
2013.03.22 00:18:04.945,1.29028,1.2903
2013.03.22 00:18:05.065,1.29028,1.29034
2013.03.22 00:18:05.435,1.29029,1.29034
2013.03.22 00:18:06.828,1.29031,1.29035
2013.03.22 00:18:06.955,1.29033,1.29035
2013.03.22 00:18:07.018,1.29033,1.29036
2013.03.22 00:18:07.205,1.29034,1.29036
2013.03.22 00:18:07.325,1.29033,1.29038
2013.03.22 00:18:07.626,1.29034,1.29039
2013.03.22 00:18:07.815,1.29035,1.29039
2013.03.22 00:18:07.995,1.29036,1.2904
2013.03.22 00:18:08.115,1.29036,1.29041
2013.03.22 00:18:08.717,1.29037,1.29041
2013.03.22 00:18:09.266,1.29038,1.29041
2013.03.22 00:18:11.746,1.29039,1.29041
2013.03.22 00:18:12.285,1.29039,1.29043
2013.03.22 00:18:14.554,1.2904,1.29043
2013.03.22 00:18:19.474,1.29041,1.29043
2013.03.22 00:18:20.015,1.29041,1.29044
2013.03.22 00:18:20.555,1.29042,1.29044
2013.03.22 00:18:20.917,1.29042,1.29045
2013.03.22 00:18:21.165,1.29042,1.29047
2013.03.22 00:18:21.706,1.29044,1.29047
2013.03.22 00:18:21.765,1.29044,1.29049
2013.03.22 00:18:22.007,1.29044,1.2905
2013.03.22 00:18:23.743,1.29045,1.2905
2013.03.22 00:18:25.719,1.29047,1.2905
2013.03.22 00:18:26.025,1.29047,1.29051
2013.03.22 00:18:26.325,1.29048,1.29052
2013.03.22 00:18:26.746,1.29049,1.29053
2013.03.22 00:18:27.108,1.29049,1.29053
2013.03.22 00:18:28.184,1.29049,1.29053
2013.03.22 00:18:28.686,1.29049,1.29054
2013.03.22 00:18:29.354,1.2905,1.29054
2013.03.22 00:18:32.426,1.29051,1.29054
2013.03.22 00:18:32.845,1.29052,1.29055
2013.03.22 00:18:33.385,1.29052,1.29057
2013.03.22 00:18:34.270,1.29053,1.29057
2013.03.22 00:18:34.755,1.29054,1.29058
2013.03.22 00:18:35.305,1.29054,1.29059
2013.03.22 00:18:35.547,1.29056,1.29059
2013.03.22 00:18:35.846,1.29056,1.29061
2013.03.22 00:18:35.966,1.29055,1.2906
2013.03.22 00:18:36.028,1.29053,1.29059
2013.03.22 00:18:36.346,1.29051,1.29054
2013.03.22 00:18:37.029,1.29053,1.29057
2013.03.22 00:18:37.345,1.29051,1.29056
2013.03.22 00:18:37.884,1.29052,1.29055
2013.03.22 00:18:39.094,1.29051,1.29056
2013.03.22 00:18:39.638,1.29048,1.29052
2013.03.22 00:18:39.706,1.29045,1.29048
2013.03.22 00:18:39.826,1.29045,1.29047
2013.03.22 00:18:40.126,1.29044,1.29046
2013.03.22 00:18:40.305,1.29045,1.29048
2013.03.22 00:18:40.486,1.29043,1.29047
2013.03.22 00:18:40.846,1.29044,1.29049
2013.03.22 00:18:41.205,1.29045,1.29049
2013.03.22 00:18:41.388,1.29048,1.29051
2013.03.22 00:18:41.636,1.29046,1.2905
2013.03.22 00:18:42.974,1.29046,1.29052
2013.03.22 00:18:43.116,1.29046,1.29051
2013.03.22 00:18:43.621,1.29047,1.29052
2013.03.22 00:18:44.148,1.29047,1.29051
2013.03.22 00:18:46.804,1.29047,1.29051
2013.03.22 00:18:47.697,1.29047,1.29052
2013.03.22 00:18:48.645,1.29047,1.29051
2013.03.22 00:18:49.235,1.29046,1.29051
2013.03.22 00:18:50.041,1.29046,1.29051
2013.03.22 00:18:54.186,1.29045,1.2905
2013.03.22 00:18:54.724,1.29045,1.29047
2013.03.22 00:18:55.797,1.29044,1.29047
2013.03.22 00:18:56.334,1.2904,1.29044
2013.03.22 00:18:56.836,1.2904,1.29043
2013.03.22 00:18:57.364,1.2904,1.29043
2013.03.22 00:19:00.024,1.29039,1.29044
2013.03.22 00:19:01.060,1.2904,1.29044
2013.03.22 00:19:01.605,1.2904,1.29043
2013.03.22 00:19:02.144,1.2904,1.29043
2013.03.22 00:19:02.684,1.2904,1.29043
2013.03.22 00:19:04.146,1.2904,1.29044
2013.03.22 00:19:04.965,1.29041,1.29044
2013.03.22 00:19:05.089,1.29043,1.29047
2013.03.22 00:19:06.251,1.29046,1.29051
2013.03.22 00:19:06.317,1.29048,1.29051
2013.03.22 00:19:06.445,1.29049,1.29052
2013.03.22 00:19:06.686,1.29047,1.29052
2013.03.22 00:19:08.224,1.29047,1.29051
2013.03.22 00:19:09.154,1.29046,1.2905
2013.03.22 00:19:12.474,1.29046,1.29051
2013.03.22 00:19:19.355,1.29046,1.2905
2013.03.22 00:19:20.314,1.29048,1.29051
2013.03.22 00:19:23.205,1.29048,1.29052
2013.03.22 00:19:23.325,1.2905,1.29053
2013.03.22 00:19:23.446,1.29051,1.29053
2013.03.22 00:19:24.256,1.29054,1.29056
2013.03.22 00:19:24.735,1.29055,1.29059
2013.03.22 00:19:25.287,1.29054,1.29059
2013.03.22 00:19:26.466,1.29054,1.29057
2013.03.22 00:19:26.916,1.29052,1.29056
2013.03.22 00:19:27.464,1.29051,1.29055
2013.03.22 00:19:28.184,1.2905,1.29054
2013.03.22 00:19:28.726,1.2905,1.29053
2013.03.22 00:19:31.665,1.2905,1.29054
2013.03.22 00:19:32.205,1.2905,1.29054
2013.03.22 00:19:32.804,1.2905,1.29055
2013.03.22 00:19:33.634,1.2905,1.29055
2013.03.22 00:19:36.884,1.2905,1.29054
2013.03.22 00:19:37.469,1.29049,1.29053
2013.03.22 00:19:38.435,1.2905,1.29053
2013.03.22 00:19:39.129,1.29049,1.29052
2013.03.22 00:19:39.577,1.29052,1.29055
2013.03.22 00:19:39.705,1.29051,1.29055
2013.03.22 00:19:39.827,1.29053,1.29055
2013.03.22 00:19:39.886,1.29052,1.29055
2013.03.22 00:19:40.007,1.2905,1.29054
2013.03.22 00:19:40.076,1.29049,1.29053
2013.03.22 00:19:40.265,1.29047,1.29052
2013.03.22 00:19:40.808,1.29048,1.29052
2013.03.22 00:19:42.765,1.29048,1.29052
2013.03.22 00:19:43.465,1.29049,1.29053
2013.03.22 00:19:46.555,1.29049,1.29052
2013.03.22 00:19:47.255,1.29049,1.29053
2013.03.22 00:19:53.656,1.29049,1.29054
2013.03.22 00:19:54.215,1.29049,1.29053
2013.03.22 00:20:03.296,1.29049,1.29054
2013.03.22 00:20:13.735,1.29048,1.29052
2013.03.22 00:20:15.261,1.2905,1.29055
2013.03.22 00:20:15.339,1.2905,1.29055
2013.03.22 00:20:16.355,1.2905,1.29056
2013.03.22 00:20:16.890,1.2905,1.29055
2013.03.22 00:20:25.025,1.2905,1.29055
2013.03.22 00:20:25.646,1.2905,1.29055
2013.03.22 00:20:29.690,1.29049,1.29053
2013.03.22 00:20:29.996,1.29045,1.2905
2013.03.22 00:20:30.295,1.29045,1.29048
2013.03.22 00:20:31.375,1.29045,1.29047
2013.03.22 00:20:31.854,1.2904,1.29046
2013.03.22 00:20:32.469,1.2904,1.29046
2013.03.22 00:20:32.845,1.2904,1.29044
2013.03.22 00:20:33.036,1.2904,1.29044
2013.03.22 00:20:33.515,1.29038,1.29041
2013.03.22 00:20:33.995,1.29039,1.29041
2013.03.22 00:20:36.324,1.2904,1.29044
2013.03.22 00:20:39.325,1.2904,1.29044
2013.03.22 00:20:39.507,1.29044,1.29047
2013.03.22 00:20:39.695,1.29046,1.29051
2013.03.22 00:20:39.876,1.2905,1.29051
2013.03.22 00:20:39.946,1.2905,1.29053
2013.03.22 00:20:40.198,1.2905,1.29053
2013.03.22 00:20:40.268,1.29051,1.29054
2013.03.22 00:20:40.458,1.29051,1.29055
2013.03.22 00:20:40.646,1.29055,1.29058
2013.03.22 00:20:40.765,1.29053,1.29056
2013.03.22 00:20:41.304,1.29049,1.29055
2013.03.22 00:20:41.855,1.2905,1.29055
2013.03.22 00:20:42.665,1.2905,1.29055
2013.03.22 00:20:43.205,1.29053,1.29057
2013.03.22 00:20:43.505,1.29055,1.29057
2013.03.22 00:20:43.684,1.29055,1.2906
2013.03.22 00:20:44.226,1.29055,1.29058
2013.03.22 00:20:44.345,1.29054,1.29058
2013.03.22 00:20:44.465,1.29054,1.29057
2013.03.22 00:20:44.705,1.29054,1.29056
2013.03.22 00:20:45.517,1.29052,1.29056
2013.03.22 00:20:46.124,1.2905,1.29056
2013.03.22 00:20:46.956,1.2905,1.29055
2013.03.22 00:20:48.094,1.29046,1.29052
2013.03.22 00:20:48.636,1.29046,1.29051
2013.03.22 00:20:49.174,1.29046,1.29051
2013.03.22 00:20:49.714,1.29046,1.2905
2013.03.22 00:20:49.896,1.29046,1.29049
2013.03.22 00:20:50.196,1.29044,1.2905
2013.03.22 00:20:50.774,1.29044,1.29049
2013.03.22 00:20:51.543,1.29043,1.29048
2013.03.22 00:20:51.766,1.2904,1.29045
2013.03.22 00:20:52.315,1.2904,1.29045
2013.03.22 00:20:52.808,1.2904,1.29044
2013.03.22 00:20:53.175,1.29041,1.29045
2013.03.22 00:20:53.307,1.2904,1.29045
2013.03.22 00:20:53.854,1.2904,1.29045
2013.03.22 00:20:58.415,1.2904,1.29043
2013.03.22 00:20:58.885,1.2904,1.29042
2013.03.22 00:20:59.005,1.2904,1.29043
2013.03.22 00:20:59.125,1.29041,1.29045
2013.03.22 00:20:59.245,1.29042,1.29046
2013.03.22 00:20:59.307,1.29045,1.29047
2013.03.22 00:20:59.617,1.29046,1.2905
2013.03.22 00:20:59.687,1.29046,1.2905
2013.03.22 00:21:00.415,1.29046,1.29051
2013.03.22 00:21:01.341,1.29047,1.29051
2013.03.22 00:21:03.597,1.29049,1.29051
2013.03.22 00:21:03.682,1.29051,1.29056
2013.03.22 00:21:03.816,1.29054,1.29057
2013.03.22 00:21:04.175,1.29052,1.29057
2013.03.22 00:21:05.055,1.29051,1.29056
2013.03.22 00:21:05.595,1.2905,1.29052
2013.03.22 00:21:07.205,1.2905,1.29053
2013.03.22 00:21:07.504,1.2905,1.29053
2013.03.22 00:21:08.133,1.2905,1.29054
2013.03.22 00:21:09.078,1.2905,1.29054
2013.03.22 00:21:10.055,1.29051,1.29054
2013.03.22 00:21:10.174,1.29051,1.29056
2013.03.22 00:21:10.724,1.29052,1.29056
2013.03.22 00:21:10.964,1.29052,1.29057
2013.03.22 00:21:11.504,1.29052,1.29057
2013.03.22 00:21:12.548,1.29053,1.29057
2013.03.22 00:21:13.374,1.29051,1.29056
2013.03.22 00:21:16.396,1.29052,1.29056
2013.03.22 00:21:16.755,1.29049,1.29054
2013.03.22 00:21:18.674,1.2905,1.29054
2013.03.22 00:21:18.795,1.2905,1.29054
2013.03.22 00:21:19.294,1.2905,1.29055
2013.03.22 00:21:19.835,1.29051,1.29056
2013.03.22 00:21:20.804,1.2905,1.29055
2013.03.22 00:21:21.344,1.29049,1.29054
2013.03.22 00:21:21.805,1.2905,1.29054
2013.03.22 00:21:22.555,1.29049,1.29054
2013.03.22 00:21:22.677,1.29048,1.29053
2013.03.22 00:21:22.746,1.29047,1.29051
2013.03.22 00:21:23.047,1.29044,1.29047
2013.03.22 00:21:23.116,1.29042,1.29045
2013.03.22 00:21:23.665,1.2904,1.29044
2013.03.22 00:21:23.725,1.2904,1.29044
2013.03.22 00:21:24.454,1.29039,1.29044
2013.03.22 00:21:24.965,1.29039,1.29042
2013.03.22 00:21:25.356,1.29041,1.29045
2013.03.22 00:21:25.475,1.29043,1.29047
2013.03.22 00:21:25.657,1.29046,1.29049
2013.03.22 00:21:25.726,1.29047,1.29049
2013.03.22 00:21:25.846,1.29047,1.29052
2013.03.22 00:21:26.146,1.29048,1.29053
2013.03.22 00:21:27.255,1.2905,1.29053
2013.03.22 00:21:27.819,1.2905,1.29053
2013.03.22 00:21:28.845,1.2905,1.29054
2013.03.22 00:21:29.573,1.29051,1.29054
2013.03.22 00:21:29.876,1.29048,1.29054
2013.03.22 00:21:31.867,1.29048,1.29053
2013.03.22 00:21:32.045,1.29049,1.29054
2013.03.22 00:21:34.917,1.2905,1.29054
2013.03.22 00:21:35.484,1.2905,1.29054
2013.03.22 00:21:35.905,1.2905,1.29054
2013.03.22 00:21:36.697,1.2905,1.29052
2013.03.22 00:21:36.767,1.29049,1.29051
2013.03.22 00:21:36.837,1.29047,1.29051
2013.03.22 00:21:36.906,1.29045,1.2905
2013.03.22 00:21:37.036,1.29045,1.29049
2013.03.22 00:21:37.576,1.29044,1.29048
2013.03.22 00:21:38.945,1.29041,1.29047
2013.03.22 00:21:39.065,1.2904,1.29045
2013.03.22 00:21:39.125,1.2904,1.29045
2013.03.22 00:21:39.546,1.29039,1.29043
2013.03.22 00:21:39.724,1.29039,1.29041
2013.03.22 00:21:40.265,1.29038,1.29044
2013.03.22 00:21:40.446,1.29037,1.2904
2013.03.22 00:21:40.505,1.29036,1.29039
2013.03.22 00:21:40.865,1.29038,1.29041
2013.03.22 00:21:40.986,1.29039,1.29043
2013.03.22 00:21:41.496,1.29039,1.29043
2013.03.22 00:21:41.856,1.2904,1.29045
2013.03.22 00:21:41.918,1.29041,1.29045
2013.03.22 00:21:44.056,1.2904,1.29045
2013.03.22 00:21:44.117,1.29039,1.29042
2013.03.22 00:21:44.187,1.2904,1.29042
2013.03.22 00:21:44.247,1.29038,1.29042
2013.03.22 00:21:44.675,1.2904,1.29044
2013.03.22 00:21:46.058,1.29037,1.29043
2013.03.22 00:21:46.127,1.29039,1.29042
2013.03.22 00:21:46.376,1.29036,1.2904
2013.03.22 00:21:46.555,1.29036,1.29039
2013.03.22 00:21:47.704,1.29037,1.29039
2013.03.22 00:21:48.946,1.29035,1.2904
2013.03.22 00:21:49.124,1.29036,1.29041
2013.03.22 00:21:51.515,1.29039,1.29041
2013.03.22 00:21:52.147,1.29039,1.29042
2013.03.22 00:21:52.649,1.2904,1.29044
2013.03.22 00:21:53.969,1.2904,1.29044
2013.03.22 00:21:54.477,1.2904,1.29044
2013.03.22 00:21:55.030,1.2904,1.29044
2013.03.22 00:21:56.204,1.29041,1.29043
2013.03.22 00:21:56.916,1.29039,1.29043
2013.03.22 00:21:58.515,1.2904,1.29043
2013.03.22 00:21:59.023,1.2904,1.29043
2013.03.22 00:22:00.345,1.29041,1.29046
2013.03.22 00:22:00.526,1.29044,1.29046
2013.03.22 00:22:00.826,1.29043,1.29048
2013.03.22 00:22:01.006,1.29045,1.29051
2013.03.22 00:22:01.066,1.29045,1.2905
2013.03.22 00:22:01.193,1.29045,1.29048
2013.03.22 00:22:01.377,1.29041,1.29047
2013.03.22 00:22:01.446,1.29041,1.29045
2013.03.22 00:22:01.805,1.2904,1.29045
2013.03.22 00:22:03.054,1.2904,1.29044
2013.03.22 00:22:03.596,1.29039,1.29043
2013.03.22 00:22:04.269,1.29035,1.2904
2013.03.22 00:22:04.945,1.29036,1.2904
2013.03.22 00:22:05.459,1.29036,1.2904
2013.03.22 00:22:07.798,1.29035,1.29038
2013.03.22 00:22:07.866,1.29035,1.29038
2013.03.22 00:22:07.987,1.29034,1.29037
2013.03.22 00:22:09.965,1.29031,1.29036
2013.03.22 00:22:11.026,1.29035,1.29039
2013.03.22 00:22:11.265,1.29037,1.2904
2013.03.22 00:22:11.385,1.29038,1.29042
2013.03.22 00:22:11.927,1.29039,1.29041
2013.03.22 00:22:15.605,1.29039,1.29043
2013.03.22 00:22:20.555,1.29039,1.29042
2013.03.22 00:22:20.916,1.2904,1.29042
2013.03.22 00:22:21.975,1.2904,1.29043
2013.03.22 00:22:22.275,1.2904,1.29043
2013.03.22 00:22:22.812,1.2904,1.29043
2013.03.22 00:22:25.095,1.29041,1.29044
2013.03.22 00:22:25.515,1.29044,1.29046
2013.03.22 00:22:31.685,1.29044,1.29047
2013.03.22 00:22:32.426,1.29043,1.29046
2013.03.22 00:22:34.991,1.29041,1.29044
2013.03.22 00:22:35.535,1.29041,1.29044
2013.03.22 00:22:36.556,1.29041,1.29043
2013.03.22 00:22:38.135,1.29041,1.29044
2013.03.22 00:22:41.175,1.29041,1.29043
2013.03.22 00:22:43.050,1.29041,1.29044
2013.03.22 00:22:43.605,1.2904,1.29044
2013.03.22 00:22:48.487,1.29041,1.29044
2013.03.22 00:22:53.705,1.29041,1.29044
2013.03.22 00:22:54.246,1.29042,1.29045
2013.03.22 00:22:59.935,1.29042,1.29045
2013.03.22 00:23:01.694,1.29042,1.29045
2013.03.22 00:23:02.135,1.29041,1.29044
2013.03.22 00:23:02.675,1.29041,1.29043
2013.03.22 00:23:03.248,1.29041,1.29043
2013.03.22 00:23:17.534,1.29041,1.29043
2013.03.22 00:23:18.545,1.2904,1.29042
2013.03.22 00:23:19.085,1.29037,1.2904
2013.03.22 00:23:19.446,1.29038,1.29042
2013.03.22 00:23:19.624,1.29038,1.29042
2013.03.22 00:23:19.744,1.29038,1.29041
2013.03.22 00:23:20.295,1.29039,1.29042
2013.03.22 00:23:20.827,1.29039,1.29042
2013.03.22 00:23:21.499,1.29039,1.29042
2013.03.22 00:23:22.176,1.29039,1.29042
2013.03.22 00:23:22.986,1.2904,1.29043
2013.03.22 00:23:27.265,1.2904,1.29043
2013.03.22 00:23:31.185,1.29039,1.29043
2013.03.22 00:23:31.869,1.29039,1.29042
2013.03.22 00:23:34.931,1.2904,1.29043
2013.03.22 00:23:37.345,1.2904,1.29042
2013.03.22 00:23:38.344,1.29039,1.29042
2013.03.22 00:23:38.885,1.29039,1.29042
2013.03.22 00:23:47.102,1.29039,1.29042
2013.03.22 00:23:47.615,1.29039,1.29042
2013.03.22 00:23:49.505,1.2904,1.29043
2013.03.22 00:23:51.724,1.2904,1.29044
2013.03.22 00:23:54.675,1.2904,1.29043
2013.03.22 00:23:55.785,1.29039,1.29042
2013.03.22 00:23:56.364,1.2904,1.29042
2013.03.22 00:23:56.875,1.29039,1.29042
2013.03.22 00:23:57.485,1.2904,1.29043
2013.03.22 00:23:58.008,1.29041,1.29043
2013.03.22 00:23:58.076,1.29042,1.29046
2013.03.22 00:23:58.205,1.29043,1.29048
2013.03.22 00:23:58.265,1.29043,1.29048
2013.03.22 00:23:58.325,1.29043,1.29047
2013.03.22 00:23:58.865,1.29041,1.29045
2013.03.22 00:23:59.404,1.29041,1.29045
2013.03.22 00:23:59.911,1.29041,1.29044
2013.03.22 00:24:00.425,1.29041,1.29044
2013.03.22 00:24:03.205,1.29042,1.29045
2013.03.22 00:24:03.504,1.29042,1.29045
2013.03.22 00:24:07.050,1.29041,1.29044
2013.03.22 00:24:08.698,1.29041,1.29043
2013.03.22 00:24:09.285,1.29039,1.29042
2013.03.22 00:24:10.484,1.29041,1.29043
2013.03.22 00:24:11.243,1.2904,1.29043
2013.03.22 00:24:12.597,1.2904,1.29044
2013.03.22 00:24:12.846,1.29042,1.29045
2013.03.22 00:24:13.488,1.29044,1.29047
2013.03.22 00:24:15.418,1.29043,1.29046
2013.03.22 00:24:15.964,1.29043,1.29046
2013.03.22 00:24:16.025,1.29043,1.29045
2013.03.22 00:24:16.804,1.29042,1.29047
2013.03.22 00:24:17.498,1.29042,1.29045
2013.03.22 00:24:22.726,1.29043,1.29045
2013.03.22 00:24:23.277,1.29045,1.29048
2013.03.22 00:24:23.837,1.29045,1.29048
2013.03.22 00:24:25.525,1.29044,1.29046
2013.03.22 00:24:26.175,1.29041,1.29044
2013.03.22 00:24:33.352,1.29041,1.29044
2013.03.22 00:24:36.294,1.29041,1.29044
2013.03.22 00:24:38.385,1.2904,1.29044
2013.03.22 00:24:38.895,1.2904,1.29044
2013.03.22 00:24:40.475,1.29041,1.29045
2013.03.22 00:24:42.087,1.29041,1.29045
2013.03.22 00:24:45.125,1.2904,1.29044
2013.03.22 00:24:51.264,1.29041,1.29044
2013.03.22 00:24:52.614,1.29041,1.29044
2013.03.22 00:24:53.160,1.29041,1.29044
2013.03.22 00:24:53.885,1.29041,1.29044
2013.03.22 00:24:55.637,1.29041,1.29044
2013.03.22 00:24:56.404,1.29041,1.29044
2013.03.22 00:24:58.474,1.29041,1.29045
2013.03.22 00:25:02.446,1.29041,1.29045
2013.03.22 00:25:06.885,1.2904,1.29044
2013.03.22 00:25:07.425,1.29041,1.29043
2013.03.22 00:25:07.994,1.2904,1.29043
2013.03.22 00:25:14.955,1.2904,1.29043
2013.03.22 00:25:15.516,1.2904,1.29042
2013.03.22 00:25:18.455,1.29041,1.29043
2013.03.22 00:25:22.206,1.2904,1.29043
2013.03.22 00:25:22.596,1.2904,1.29043
2013.03.22 00:25:22.776,1.29039,1.29041
2013.03.22 00:25:23.277,1.29041,1.29043
2013.03.22 00:25:23.644,1.29041,1.29044
2013.03.22 00:25:25.040,1.29041,1.29043
2013.03.22 00:25:27.646,1.2904,1.29043
2013.03.22 00:25:28.231,1.29038,1.29042
2013.03.22 00:25:33.735,1.29038,1.29041
2013.03.22 00:25:34.295,1.29038,1.29041
2013.03.22 00:25:45.526,1.29036,1.29038
2013.03.22 00:25:45.646,1.29034,1.29037
2013.03.22 00:25:45.886,1.29033,1.29035
2013.03.22 00:25:46.126,1.2903,1.29033
2013.03.22 00:25:46.186,1.2903,1.29032
2013.03.22 00:25:46.737,1.29028,1.29031
2013.03.22 00:25:47.705,1.29028,1.2903
2013.03.22 00:25:48.245,1.29029,1.29032
2013.03.22 00:25:49.736,1.2903,1.29033
2013.03.22 00:25:49.856,1.2903,1.29034
2013.03.22 00:25:49.916,1.29031,1.29034
2013.03.22 00:25:50.097,1.29032,1.29035
2013.03.22 00:25:50.466,1.29033,1.29036
2013.03.22 00:25:53.816,1.29033,1.29037
2013.03.22 00:25:53.875,1.29034,1.29038
2013.03.22 00:25:54.785,1.29037,1.29041
2013.03.22 00:25:55.287,1.29036,1.29039
2013.03.22 00:25:55.539,1.29034,1.29039
2013.03.22 00:25:56.084,1.29034,1.29038
2013.03.22 00:25:56.746,1.29033,1.29036
2013.03.22 00:25:56.926,1.29035,1.29037
2013.03.22 00:25:57.166,1.29033,1.29037
2013.03.22 00:25:57.705,1.29031,1.29034
2013.03.22 00:25:57.825,1.29033,1.29036
2013.03.22 00:25:57.946,1.29034,1.29037
2013.03.22 00:25:58.686,1.29035,1.29039
2013.03.22 00:25:58.815,1.29037,1.29042
2013.03.22 00:25:59.354,1.29037,1.29042
2013.03.22 00:25:59.785,1.29037,1.29041
2013.03.22 00:26:00.671,1.29037,1.29041
2013.03.22 00:26:01.296,1.29035,1.2904
2013.03.22 00:26:01.656,1.29038,1.29041
2013.03.22 00:26:02.576,1.2904,1.29042
2013.03.22 00:26:02.695,1.2904,1.29044
2013.03.22 00:26:04.696,1.2904,1.29043
2013.03.22 00:26:05.246,1.29042,1.29043
2013.03.22 00:26:05.784,1.29042,1.29045
2013.03.22 00:26:09.856,1.29042,1.29045
2013.03.22 00:26:10.735,1.29041,1.29045
2013.03.22 00:26:11.275,1.29042,1.29045
2013.03.22 00:26:11.787,1.29042,1.29045
2013.03.22 00:26:13.435,1.29042,1.29045
2013.03.22 00:26:17.867,1.29042,1.29045
2013.03.22 00:26:18.105,1.29039,1.29043
2013.03.22 00:26:18.645,1.29039,1.29043
2013.03.22 00:26:20.255,1.29039,1.29044
2013.03.22 00:26:25.475,1.29039,1.29043
2013.03.22 00:26:29.175,1.29041,1.29044
2013.03.22 00:26:29.715,1.29041,1.29044
2013.03.22 00:26:30.277,1.2904,1.29044
2013.03.22 00:26:33.445,1.29039,1.29043
2013.03.22 00:26:37.845,1.29037,1.29043
2013.03.22 00:26:39.898,1.29039,1.29043
2013.03.22 00:26:43.655,1.29039,1.29044
2013.03.22 00:26:44.255,1.29039,1.29044
2013.03.22 00:26:46.445,1.29039,1.29043
2013.03.22 00:26:46.985,1.29039,1.29043
2013.03.22 00:26:48.406,1.29039,1.29043
2013.03.22 00:26:48.466,1.29039,1.29043
2013.03.22 00:26:54.685,1.2904,1.29043
2013.03.22 00:26:58.015,1.2904,1.29043
2013.03.22 00:26:58.135,1.29038,1.29042
2013.03.22 00:26:58.737,1.29039,1.29042
2013.03.22 00:27:03.598,1.29039,1.29042
2013.03.22 00:27:04.345,1.29039,1.29043
2013.03.22 00:27:04.407,1.29037,1.29041
2013.03.22 00:27:06.136,1.29039,1.29043
2013.03.22 00:27:11.155,1.2904,1.29043
2013.03.22 00:27:11.895,1.2904,1.29043
2013.03.22 00:27:12.835,1.2904,1.29043
2013.03.22 00:27:13.375,1.2904,1.29043
2013.03.22 00:27:18.339,1.2904,1.29043
2013.03.22 00:27:40.315,1.29041,1.29045
2013.03.22 00:27:40.855,1.29041,1.29044
2013.03.22 00:27:48.917,1.29042,1.29045
2013.03.22 00:27:52.876,1.29043,1.29046
2013.03.22 00:27:54.956,1.29043,1.29046
2013.03.22 00:28:00.536,1.29041,1.29045
2013.03.22 00:28:07.626,1.29041,1.29045
2013.03.22 00:28:19.815,1.29041,1.29045
2013.03.22 00:28:21.455,1.29038,1.29043
2013.03.22 00:28:22.947,1.29039,1.29043
2013.03.22 00:28:23.486,1.2904,1.29044
2013.03.22 00:28:27.030,1.2904,1.29044
2013.03.22 00:28:27.548,1.2904,1.29043
2013.03.22 00:28:42.585,1.2904,1.29043
2013.03.22 00:28:43.125,1.29038,1.29043
2013.03.22 00:28:45.855,1.29039,1.29044
2013.03.22 00:28:45.976,1.2904,1.29045
2013.03.22 00:28:59.427,1.29041,1.29046
2013.03.22 00:29:12.216,1.29041,1.29045
2013.03.22 00:29:12.277,1.2904,1.29044
2013.03.22 00:29:36.206,1.29042,1.29045
2013.03.22 00:29:36.327,1.29042,1.29045
2013.03.22 00:29:36.686,1.29045,1.29048
2013.03.22 00:29:37.225,1.29045,1.2905
2013.03.22 00:29:37.786,1.29045,1.2905
2013.03.22 00:29:58.697,1.29045,1.2905
2013.03.22 00:30:04.935,1.29047,1.2905
2013.03.22 00:30:05.536,1.29047,1.2905
2013.03.22 00:30:12.165,1.29047,1.2905
2013.03.22 00:30:12.408,1.29047,1.2905
2013.03.22 00:30:12.756,1.2905,1.29052
2013.03.22 00:30:13.315,1.29051,1.29054
2013.03.22 00:30:14.425,1.29051,1.29054
2013.03.22 00:30:15.719,1.29052,1.29055
2013.03.22 00:30:16.445,1.29053,1.29055
2013.03.22 00:30:28.755,1.29052,1.29055
2013.03.22 00:30:29.466,1.29051,1.29055
2013.03.22 00:30:31.545,1.29051,1.29054
2013.03.22 00:30:33.276,1.29051,1.29055
2013.03.22 00:30:35.085,1.29051,1.29054
2013.03.22 00:30:35.525,1.29051,1.29054
2013.03.22 00:30:40.405,1.29051,1.29054
2013.03.22 00:30:42.979,1.29051,1.29055
2013.03.22 00:30:45.155,1.29051,1.29054
2013.03.22 00:30:52.705,1.29052,1.29055
2013.03.22 00:30:55.237,1.29051,1.29055
2013.03.22 00:31:00.516,1.29051,1.29055
2013.03.22 00:31:01.335,1.29051,1.29055
2013.03.22 00:31:04.928,1.29051,1.29055
2013.03.22 00:31:11.975,1.29051,1.29056
2013.03.22 00:31:12.547,1.29051,1.29055
2013.03.22 00:31:14.875,1.29052,1.29055
2013.03.22 00:31:19.946,1.29052,1.29056
2013.03.22 00:31:21.155,1.29053,1.29055
2013.03.22 00:31:29.746,1.29053,1.29055
2013.03.22 00:31:30.425,1.29054,1.29057
2013.03.22 00:31:33.725,1.29054,1.29056
2013.03.22 00:31:34.267,1.29053,1.29056
2013.03.22 00:31:36.675,1.29053,1.29055
2013.03.22 00:31:37.185,1.29054,1.29056
2013.03.22 00:31:42.028,1.29055,1.29057
2013.03.22 00:31:42.587,1.29055,1.29058
2013.03.22 00:31:42.766,1.29056,1.29059
2013.03.22 00:31:43.067,1.29058,1.2906
2013.03.22 00:31:43.906,1.29057,1.2906
2013.03.22 00:31:44.278,1.29055,1.29057
2013.03.22 00:31:44.516,1.29053,1.29057
2013.03.22 00:31:44.696,1.29055,1.29058
2013.03.22 00:31:45.057,1.29057,1.29061
2013.03.22 00:31:45.241,1.29056,1.29059
2013.03.22 00:31:45.307,1.29056,1.29057
2013.03.22 00:31:45.427,1.29053,1.29057
2013.03.22 00:31:45.966,1.29053,1.29057
2013.03.22 00:32:00.262,1.29055,1.29057
2013.03.22 00:32:00.805,1.29054,1.29057
2013.03.22 00:32:04.226,1.29053,1.29057
2013.03.22 00:32:04.534,1.29055,1.29057
2013.03.22 00:32:04.857,1.29057,1.29059
2013.03.22 00:32:05.405,1.29057,1.2906
2013.03.22 00:32:06.016,1.29058,1.29061
2013.03.22 00:32:06.576,1.29057,1.29063
2013.03.22 00:32:07.128,1.29058,1.29063
2013.03.22 00:32:07.666,1.29058,1.29063
2013.03.22 00:32:08.187,1.29058,1.29063
2013.03.22 00:32:08.726,1.29059,1.29063
2013.03.22 00:32:09.266,1.29059,1.29063
2013.03.22 00:32:10.548,1.2906,1.29063
2013.03.22 00:32:14.406,1.2906,1.29064
2013.03.22 00:32:15.085,1.2906,1.29064
2013.03.22 00:32:17.566,1.2906,1.29063
2013.03.22 00:32:18.087,1.29058,1.29061
2013.03.22 00:32:18.207,1.29058,1.2906
2013.03.22 00:32:18.266,1.29055,1.2906
2013.03.22 00:32:18.626,1.29054,1.29056
2013.03.22 00:32:19.047,1.29055,1.29059
2013.03.22 00:32:19.226,1.29056,1.29061
2013.03.22 00:32:19.767,1.29057,1.29061
2013.03.22 00:32:21.216,1.29058,1.29061
2013.03.22 00:32:21.776,1.2906,1.29062
2013.03.22 00:32:22.429,1.2906,1.29061
2013.03.22 00:32:27.722,1.29059,1.29062
2013.03.22 00:32:32.456,1.2906,1.29061
2013.03.22 00:32:33.000,1.2906,1.29062
2013.03.22 00:32:42.035,1.2906,1.29061
2013.03.22 00:32:42.436,1.2906,1.29062
2013.03.22 00:32:46.296,1.2906,1.29062
2013.03.22 00:33:01.716,1.2906,1.29063
2013.03.22 00:33:03.276,1.29061,1.29065
2013.03.22 00:33:04.779,1.29062,1.29065
2013.03.22 00:33:05.147,1.29061,1.29063
2013.03.22 00:33:05.387,1.29061,1.29066
2013.03.22 00:33:05.509,1.29065,1.29068
2013.03.22 00:33:05.638,1.29065,1.2907
2013.03.22 00:33:05.708,1.29069,1.29071
2013.03.22 00:33:05.776,1.29069,1.29072
2013.03.22 00:33:05.836,1.29068,1.29073
2013.03.22 00:33:05.897,1.29069,1.29073
2013.03.22 00:33:06.326,1.29068,1.29073
2013.03.22 00:33:06.686,1.29067,1.29069
2013.03.22 00:33:06.987,1.29066,1.29069
2013.03.22 00:33:07.526,1.29066,1.29068
2013.03.22 00:33:08.532,1.29065,1.29068
2013.03.22 00:33:10.677,1.29063,1.29068
2013.03.22 00:33:11.938,1.29062,1.29068
2013.03.22 00:33:19.126,1.29062,1.29066
2013.03.22 00:33:21.346,1.29062,1.29065
2013.03.22 00:33:21.645,1.29058,1.29063
2013.03.22 00:33:22.762,1.29059,1.29063
2013.03.22 00:33:23.275,1.2906,1.29064
2013.03.22 00:33:24.006,1.2906,1.29065
2013.03.22 00:33:24.547,1.29059,1.29065
2013.03.22 00:33:25.227,1.29062,1.29065
2013.03.22 00:33:25.407,1.29065,1.29066
2013.03.22 00:33:25.526,1.29065,1.2907
2013.03.22 00:33:26.067,1.29068,1.29073
2013.03.22 00:33:26.487,1.29066,1.2907
2013.03.22 00:33:26.727,1.29066,1.29071
2013.03.22 00:33:26.787,1.29067,1.29071
2013.03.22 00:33:27.830,1.29067,1.29072
2013.03.22 00:33:28.386,1.29068,1.29071
2013.03.22 00:33:29.265,1.29067,1.29071
2013.03.22 00:33:30.027,1.29067,1.29071
2013.03.22 00:33:31.105,1.29067,1.29071
2013.03.22 00:33:39.116,1.29068,1.29071
2013.03.22 00:33:39.476,1.29071,1.29073
2013.03.22 00:33:40.525,1.2907,1.29073
2013.03.22 00:33:42.426,1.2907,1.29073
2013.03.22 00:33:54.266,1.2907,1.29073
2013.03.22 00:33:54.813,1.2907,1.29073
2013.03.22 00:33:55.755,1.29071,1.29073
2013.03.22 00:33:55.937,1.29073,1.29075
2013.03.22 00:33:57.849,1.29074,1.29079
2013.03.22 00:33:57.977,1.29078,1.29081
2013.03.22 00:33:58.157,1.29079,1.29084
2013.03.22 00:33:58.287,1.2908,1.29086
2013.03.22 00:33:58.645,1.29081,1.29087
2013.03.22 00:33:58.886,1.29084,1.29087
2013.03.22 00:33:59.426,1.29085,1.29089
2013.03.22 00:33:59.965,1.29085,1.29088
2013.03.22 00:34:00.505,1.29085,1.29088
2013.03.22 00:34:01.032,1.29085,1.29088
2013.03.22 00:34:02.700,1.29084,1.29086
2013.03.22 00:34:03.006,1.29081,1.29085
2013.03.22 00:34:03.526,1.29081,1.29085
2013.03.22 00:34:04.065,1.29081,1.29085
2013.03.22 00:34:04.186,1.29081,1.29085
2013.03.22 00:34:04.319,1.2908,1.29084
2013.03.22 00:34:04.446,1.29079,1.29084
2013.03.22 00:34:04.996,1.29078,1.29083
2013.03.22 00:34:05.297,1.29078,1.29082
2013.03.22 00:34:05.666,1.29077,1.29082
2013.03.22 00:34:06.247,1.29076,1.29081
2013.03.22 00:34:09.516,1.29075,1.2908
2013.03.22 00:34:11.916,1.29074,1.2908
2013.03.22 00:34:11.976,1.29073,1.29079
2013.03.22 00:34:14.906,1.29071,1.29075
2013.03.22 00:34:15.455,1.29071,1.29074
2013.03.22 00:34:15.965,1.29071,1.29074
2013.03.22 00:34:19.555,1.29069,1.29074
2013.03.22 00:34:20.095,1.29069,1.29074
2013.03.22 00:34:23.656,1.29069,1.29074
2013.03.22 00:34:25.831,1.29069,1.29071
2013.03.22 00:34:26.018,1.29067,1.2907
2013.03.22 00:34:26.143,1.29066,1.29069
2013.03.22 00:34:26.696,1.29068,1.29071
2013.03.22 00:34:27.176,1.29068,1.29073
2013.03.22 00:34:28.360,1.29072,1.29076
2013.03.22 00:34:28.427,1.29073,1.29076
2013.03.22 00:34:28.546,1.29075,1.29079
2013.03.22 00:34:28.606,1.29075,1.2908
2013.03.22 00:34:28.667,1.29075,1.29083
2013.03.22 00:34:28.787,1.29078,1.29082
2013.03.22 00:34:29.327,1.29079,1.29084
2013.03.22 00:34:30.737,1.29081,1.29085
2013.03.22 00:34:30.856,1.29083,1.29086
2013.03.22 00:34:31.037,1.29085,1.29087
2013.03.22 00:34:31.097,1.29085,1.29088
2013.03.22 00:34:31.457,1.29085,1.2909
2013.03.22 00:34:31.996,1.29088,1.29093
2013.03.22 00:34:32.535,1.29088,1.29093
2013.03.22 00:34:33.075,1.29086,1.29091
2013.03.22 00:34:34.176,1.29086,1.29092
2013.03.22 00:34:36.508,1.29086,1.29092
2013.03.22 00:34:37.136,1.29089,1.29092
2013.03.22 00:34:37.675,1.29088,1.29093
2013.03.22 00:34:38.625,1.29089,1.29093
2013.03.22 00:34:39.187,1.29088,1.29093
2013.03.22 00:34:39.796,1.29088,1.29093
2013.03.22 00:34:40.403,1.29088,1.29093
2013.03.22 00:34:41.007,1.29088,1.29092
2013.03.22 00:34:41.366,1.29087,1.29091
2013.03.22 00:34:41.426,1.29087,1.29092
2013.03.22 00:34:41.606,1.29088,1.29093
2013.03.22 00:34:41.786,1.2909,1.29095
2013.03.22 00:34:42.026,1.2909,1.29096
2013.03.22 00:34:42.896,1.2909,1.29096
2013.03.22 00:34:43.558,1.2909,1.29095
2013.03.22 00:34:44.503,1.2909,1.29096
2013.03.22 00:34:44.867,1.2909,1.29095
2013.03.22 00:34:44.926,1.29092,1.29096
2013.03.22 00:34:45.260,1.29095,1.29099
2013.03.22 00:34:45.335,1.29097,1.29103
2013.03.22 00:34:45.408,1.29097,1.29103
2013.03.22 00:34:45.716,1.29099,1.29105
2013.03.22 00:34:45.847,1.291,1.29105
2013.03.22 00:34:46.489,1.291,1.29105
2013.03.22 00:34:47.036,1.29101,1.29106
2013.03.22 00:34:47.396,1.291,1.29105
2013.03.22 00:34:47.517,1.29097,1.29101
2013.03.22 00:34:47.577,1.29097,1.29101
2013.03.22 00:34:47.876,1.29096,1.29101
2013.03.22 00:34:48.377,1.29096,1.291
2013.03.22 00:34:48.497,1.29096,1.29099
2013.03.22 00:34:49.277,1.29095,1.29097
2013.03.22 00:34:49.578,1.2909,1.29095
2013.03.22 00:34:49.648,1.2909,1.29092
2013.03.22 00:34:49.769,1.29088,1.29092
2013.03.22 00:34:49.839,1.29086,1.29089
2013.03.22 00:34:49.969,1.29086,1.29089
2013.03.22 00:34:50.457,1.29086,1.2909
2013.03.22 00:34:51.477,1.29086,1.29091
2013.03.22 00:34:52.026,1.29086,1.29091
2013.03.22 00:34:52.208,1.29085,1.2909
2013.03.22 00:34:52.580,1.29085,1.29089
2013.03.22 00:34:53.081,1.29084,1.29088
2013.03.22 00:34:53.149,1.29083,1.29088
2013.03.22 00:34:53.337,1.29082,1.29087
2013.03.22 00:34:53.915,1.29081,1.29086
2013.03.22 00:34:54.427,1.2908,1.29085
2013.03.22 00:34:55.657,1.29078,1.29083
2013.03.22 00:34:55.837,1.29078,1.29083
2013.03.22 00:34:56.477,1.29077,1.29082
2013.03.22 00:34:57.086,1.29077,1.29082
2013.03.22 00:34:57.626,1.29078,1.29083
2013.03.22 00:34:57.746,1.29077,1.29082
2013.03.22 00:34:58.985,1.29077,1.29082
2013.03.22 00:34:59.497,1.29077,1.29082
2013.03.22 00:34:59.738,1.29078,1.29082
2013.03.22 00:34:59.920,1.2908,1.29085
2013.03.22 00:35:00.466,1.29081,1.29086
2013.03.22 00:35:01.042,1.29081,1.29086
2013.03.22 00:35:02.006,1.29081,1.29086
2013.03.22 00:35:02.248,1.29081,1.29086
2013.03.22 00:35:02.366,1.2908,1.29085
2013.03.22 00:35:02.787,1.2908,1.29084
2013.03.22 00:35:03.326,1.29077,1.2908
2013.03.22 00:35:03.386,1.29077,1.29082
2013.03.22 00:35:03.446,1.29077,1.29084
2013.03.22 00:35:03.507,1.29078,1.29083
2013.03.22 00:35:03.867,1.29081,1.29086
2013.03.22 00:35:04.406,1.29082,1.29086
2013.03.22 00:35:04.945,1.29082,1.29086
2013.03.22 00:35:05.497,1.29084,1.29086
2013.03.22 00:35:07.886,1.29083,1.29086
2013.03.22 00:35:08.426,1.29083,1.29086
2013.03.22 00:35:08.728,1.29082,1.29089
2013.03.22 00:35:08.978,1.29085,1.29087
2013.03.22 00:35:09.516,1.29086,1.29088
2013.03.22 00:35:10.288,1.29087,1.29089
2013.03.22 00:35:11.977,1.29087,1.29092
2013.03.22 00:35:12.516,1.29087,1.29091
2013.03.22 00:35:13.046,1.29087,1.29091
2013.03.22 00:35:14.886,1.29087,1.29091
2013.03.22 00:35:17.357,1.29087,1.29091
2013.03.22 00:35:18.459,1.29087,1.29091
2013.03.22 00:35:21.391,1.2909,1.29092
2013.03.22 00:35:21.519,1.2909,1.29093
2013.03.22 00:35:22.066,1.2909,1.29094
2013.03.22 00:35:22.657,1.2909,1.29094
2013.03.22 00:35:23.200,1.2909,1.29094
2013.03.22 00:35:23.906,1.2909,1.29094
2013.03.22 00:35:25.116,1.2909,1.29094
2013.03.22 00:35:28.206,1.29091,1.29094
2013.03.22 00:35:29.736,1.29091,1.29094
2013.03.22 00:35:30.546,1.29091,1.29094
2013.03.22 00:35:31.168,1.29091,1.29094
2013.03.22 00:35:34.343,1.29092,1.29094
2013.03.22 00:35:34.408,1.29092,1.29096
2013.03.22 00:35:34.546,1.29092,1.29096
2013.03.22 00:35:36.067,1.29094,1.291
2013.03.22 00:35:36.368,1.29095,1.29101
2013.03.22 00:35:36.996,1.29098,1.29104
2013.03.22 00:35:37.506,1.29099,1.29103
2013.03.22 00:35:38.056,1.29099,1.29103
2013.03.22 00:35:38.650,1.29099,1.29104
2013.03.22 00:35:39.198,1.29102,1.29105
2013.03.22 00:35:39.676,1.291,1.29104
2013.03.22 00:35:40.216,1.291,1.29104
2013.03.22 00:35:47.716,1.29101,1.29105
2013.03.22 00:35:48.257,1.29101,1.29104
2013.03.22 00:35:50.918,1.29101,1.29105
2013.03.22 00:35:52.226,1.29101,1.29106
2013.03.22 00:35:53.619,1.29103,1.29106
2013.03.22 00:35:53.687,1.29103,1.29107
2013.03.22 00:35:54.236,1.29102,1.29107
2013.03.22 00:35:54.746,1.29102,1.29107
2013.03.22 00:35:54.808,1.29105,1.2911
2013.03.22 00:35:55.166,1.29105,1.29109
2013.03.22 00:35:55.227,1.29105,1.2911
2013.03.22 00:35:55.587,1.29109,1.29112
2013.03.22 00:35:55.648,1.29109,1.29114
2013.03.22 00:35:56.068,1.29109,1.29113
2013.03.22 00:35:56.575,1.29107,1.29114
2013.03.22 00:35:57.697,1.29107,1.29111
2013.03.22 00:35:58.056,1.29103,1.2911
2013.03.22 00:35:58.298,1.29103,1.29109
2013.03.22 00:35:58.969,1.29103,1.29109
2013.03.22 00:35:59.888,1.29103,1.29107
2013.03.22 00:36:00.727,1.29104,1.29109
2013.03.22 00:36:01.245,1.29104,1.29109
2013.03.22 00:36:01.908,1.29104,1.29109
2013.03.22 00:36:01.984,1.29104,1.2911
2013.03.22 00:36:02.057,1.29105,1.29111
2013.03.22 00:36:02.597,1.29109,1.29114
2013.03.22 00:36:04.442,1.29108,1.29114
2013.03.22 00:36:04.577,1.29108,1.29115
2013.03.22 00:36:04.641,1.29111,1.29116
2013.03.22 00:36:04.947,1.29108,1.2912
2013.03.22 00:36:05.083,1.29112,1.29117
2013.03.22 00:36:05.147,1.29112,1.29118
2013.03.22 00:36:05.268,1.29113,1.29118
2013.03.22 00:36:05.626,1.29116,1.29122
2013.03.22 00:36:06.201,1.29116,1.2912
2013.03.22 00:36:07.307,1.29114,1.29118
2013.03.22 00:36:07.846,1.29112,1.29115
2013.03.22 00:36:08.086,1.29111,1.29115
2013.03.22 00:36:08.266,1.29111,1.29114
2013.03.22 00:36:08.626,1.29109,1.29112
2013.03.22 00:36:08.686,1.29108,1.29112
2013.03.22 00:36:09.988,1.29107,1.29113
2013.03.22 00:36:11.556,1.29107,1.29112
2013.03.22 00:36:12.110,1.29109,1.29112
2013.03.22 00:36:13.498,1.2911,1.29114
2013.03.22 00:36:13.986,1.2911,1.29116
2013.03.22 00:36:14.516,1.2911,1.29116
2013.03.22 00:36:15.996,1.2911,1.29115
2013.03.22 00:36:16.488,1.2911,1.29113
2013.03.22 00:36:18.980,1.29113,1.29116
2013.03.22 00:36:19.238,1.29112,1.29115
2013.03.22 00:36:19.357,1.29112,1.29115
2013.03.22 00:36:19.476,1.29112,1.29114
2013.03.22 00:36:20.016,1.29111,1.29113
2013.03.22 00:36:20.944,1.29111,1.29113
2013.03.22 00:36:21.068,1.29109,1.29113
2013.03.22 00:36:21.139,1.2911,1.29112
2013.03.22 00:36:21.687,1.29109,1.29111
2013.03.22 00:36:23.767,1.29106,1.29108
2013.03.22 00:36:24.377,1.29106,1.29108
2013.03.22 00:36:26.236,1.29106,1.29108
2013.03.22 00:36:28.368,1.29102,1.29108
2013.03.22 00:36:28.616,1.29101,1.29105
2013.03.22 00:36:29.161,1.29099,1.29103
2013.03.22 00:36:29.716,1.291,1.29103
2013.03.22 00:36:29.778,1.29101,1.29103
2013.03.22 00:36:29.846,1.29101,1.29103
2013.03.22 00:36:30.387,1.29099,1.29101
2013.03.22 00:36:30.507,1.29097,1.291
2013.03.22 00:36:31.046,1.29097,1.291
2013.03.22 00:36:31.558,1.29097,1.291
2013.03.22 00:36:32.287,1.29096,1.29099
2013.03.22 00:36:32.527,1.29095,1.29098
2013.03.22 00:36:33.068,1.29096,1.29099
2013.03.22 00:36:34.689,1.29098,1.291
2013.03.22 00:36:34.818,1.29099,1.291
2013.03.22 00:36:35.297,1.29101,1.29105
2013.03.22 00:36:35.357,1.29102,1.29105
2013.03.22 00:36:35.716,1.29102,1.29107
2013.03.22 00:36:35.957,1.29104,1.29107
2013.03.22 00:36:36.883,1.29107,1.2911
2013.03.22 00:36:37.007,1.29107,1.29111
2013.03.22 00:36:37.187,1.29109,1.29114
2013.03.22 00:36:37.991,1.29109,1.29114
2013.03.22 00:36:38.516,1.29108,1.29113
2013.03.22 00:36:41.607,1.29109,1.29112
2013.03.22 00:36:47.866,1.29108,1.29112
2013.03.22 00:36:48.723,1.29106,1.2911
2013.03.22 00:36:48.797,1.29105,1.29109
2013.03.22 00:36:51.627,1.29105,1.29109
2013.03.22 00:36:55.919,1.29105,1.29109
2013.03.22 00:36:57.700,1.29105,1.29109
2013.03.22 00:36:57.828,1.29105,1.2911
2013.03.22 00:36:58.187,1.29106,1.29112
2013.03.22 00:36:58.487,1.29107,1.29114
2013.03.22 00:36:58.957,1.29106,1.29113
2013.03.22 00:36:59.496,1.29106,1.29112
2013.03.22 00:37:00.240,1.29106,1.29111
2013.03.22 00:37:05.986,1.29107,1.29112
2013.03.22 00:37:06.536,1.29107,1.29111
2013.03.22 00:37:11.105,1.29106,1.29111
2013.03.22 00:37:12.126,1.29106,1.29111
2013.03.22 00:37:15.097,1.2911,1.29114
2013.03.22 00:37:16.525,1.2911,1.29114
2013.03.22 00:37:17.967,1.2911,1.29114
2013.03.22 00:37:21.025,1.2911,1.29114
2013.03.22 00:37:23.488,1.2911,1.29113
2013.03.22 00:37:24.007,1.2911,1.29113
2013.03.22 00:37:24.187,1.2911,1.29115
2013.03.22 00:37:24.548,1.2911,1.29115
2013.03.22 00:37:25.087,1.29111,1.29116
2013.03.22 00:37:25.633,1.29111,1.29115
2013.03.22 00:37:27.467,1.29111,1.29114
2013.03.22 00:37:27.946,1.2911,1.29115
2013.03.22 00:37:29.897,1.29111,1.29115
2013.03.22 00:37:31.066,1.29111,1.29114
2013.03.22 00:37:32.869,1.29111,1.29114
2013.03.22 00:37:33.457,1.29111,1.29117
2013.03.22 00:37:33.540,1.29113,1.29117
2013.03.22 00:37:33.791,1.29116,1.29121
2013.03.22 00:37:34.097,1.29117,1.29123
2013.03.22 00:37:34.157,1.29118,1.29124
2013.03.22 00:37:38.406,1.29117,1.29121
2013.03.22 00:37:38.467,1.29116,1.29119
2013.03.22 00:37:38.647,1.29115,1.29117
2013.03.22 00:37:38.827,1.29112,1.29116
2013.03.22 00:37:39.186,1.2911,1.29115
2013.03.22 00:37:39.246,1.2911,1.29115
2013.03.22 00:37:39.821,1.29111,1.29117
2013.03.22 00:37:40.007,1.29115,1.29119
2013.03.22 00:37:40.187,1.29116,1.2912
2013.03.22 00:37:40.501,1.29117,1.29123
2013.03.22 00:37:41.039,1.29117,1.29123
2013.03.22 00:37:41.556,1.29117,1.29123
2013.03.22 00:37:41.806,1.29117,1.29123
2013.03.22 00:37:42.577,1.2912,1.29123
2013.03.22 00:37:42.936,1.2912,1.29124
2013.03.22 00:37:43.486,1.2912,1.29124
2013.03.22 00:37:44.031,1.2912,1.29124
2013.03.22 00:37:45.957,1.29119,1.29123
2013.03.22 00:37:46.636,1.29117,1.29122
2013.03.22 00:37:47.166,1.29117,1.29121
2013.03.22 00:37:48.369,1.29117,1.29121
2013.03.22 00:37:48.906,1.29117,1.29121
2013.03.22 00:37:50.007,1.29117,1.29123
2013.03.22 00:37:50.365,1.29118,1.29123
2013.03.22 00:37:51.085,1.29117,1.29123
2013.03.22 00:37:53.185,1.29121,1.29123
2013.03.22 00:37:53.726,1.29122,1.29125
2013.03.22 00:37:54.776,1.29122,1.29125
2013.03.22 00:37:54.899,1.29121,1.29124
2013.03.22 00:37:56.255,1.2912,1.29124
2013.03.22 00:37:57.936,1.2912,1.29123
2013.03.22 00:37:58.506,1.2912,1.29124
2013.03.22 00:38:01.439,1.2912,1.29122
2013.03.22 00:38:02.635,1.29119,1.29121
2013.03.22 00:38:02.886,1.29118,1.29124
2013.03.22 00:38:03.668,1.2912,1.29124
2013.03.22 00:38:03.916,1.29121,1.29126
2013.03.22 00:38:04.456,1.2912,1.29124
2013.03.22 00:38:04.696,1.29119,1.29124
2013.03.22 00:38:08.484,1.29119,1.29124
2013.03.22 00:38:08.726,1.29119,1.29125
2013.03.22 00:38:09.028,1.2912,1.29127
2013.03.22 00:38:09.147,1.2912,1.29126
2013.03.22 00:38:11.126,1.29119,1.29124
2013.03.22 00:38:11.606,1.29121,1.29127
2013.03.22 00:38:12.146,1.29125,1.2913
2013.03.22 00:38:12.205,1.29125,1.29129
2013.03.22 00:38:12.736,1.29125,1.2913
2013.03.22 00:38:13.397,1.29125,1.2913
2013.03.22 00:38:13.826,1.29125,1.29129
2013.03.22 00:38:14.188,1.29124,1.29128
2013.03.22 00:38:14.546,1.29121,1.29125
2013.03.22 00:38:15.095,1.29121,1.29126
2013.03.22 00:38:19.446,1.29121,1.29125
2013.03.22 00:38:23.498,1.29121,1.29126
2013.03.22 00:38:24.016,1.2912,1.29125
2013.03.22 00:38:28.076,1.29119,1.29124
2013.03.22 00:38:28.699,1.29118,1.29122
2013.03.22 00:38:30.026,1.29118,1.29122
2013.03.22 00:38:30.565,1.29116,1.2912
2013.03.22 00:38:31.106,1.29116,1.2912
2013.03.22 00:38:32.077,1.29115,1.29118
2013.03.22 00:38:32.256,1.29115,1.29119
2013.03.22 00:38:33.146,1.29115,1.29119
2013.03.22 00:38:33.926,1.29115,1.29119
2013.03.22 00:38:34.819,1.29115,1.2912
2013.03.22 00:38:35.226,1.29115,1.29119
2013.03.22 00:38:36.756,1.29115,1.2912
2013.03.22 00:38:37.296,1.29116,1.29121
2013.03.22 00:38:38.797,1.2912,1.29123
2013.03.22 00:38:39.326,1.2912,1.29123
2013.03.22 00:38:40.072,1.2912,1.29123
2013.03.22 00:38:40.739,1.2912,1.29123
2013.03.22 00:38:43.545,1.29119,1.29123
2013.03.22 00:38:44.955,1.29119,1.29123
2013.03.22 00:38:45.598,1.29119,1.29123
2013.03.22 00:38:46.146,1.29119,1.29123
2013.03.22 00:38:46.806,1.29119,1.29124
2013.03.22 00:38:47.411,1.29119,1.29124
2013.03.22 00:38:49.416,1.29119,1.29124
2013.03.22 00:38:56.560,1.29119,1.29123
2013.03.22 00:38:57.160,1.29118,1.29122
2013.03.22 00:39:06.106,1.29118,1.29122
2013.03.22 00:39:07.236,1.29119,1.29123
2013.03.22 00:39:12.307,1.29118,1.29122
2013.03.22 00:39:12.996,1.29118,1.29122
2013.03.22 00:39:14.500,1.29117,1.29123
2013.03.22 00:39:15.045,1.29117,1.29123
2013.03.22 00:39:15.676,1.29117,1.29124
2013.03.22 00:39:16.327,1.2912,1.29124
2013.03.22 00:39:16.898,1.29121,1.29124
2013.03.22 00:39:18.525,1.29118,1.29124
2013.03.22 00:39:19.026,1.29118,1.29124
2013.03.22 00:39:19.805,1.2912,1.29124
2013.03.22 00:39:22.247,1.2912,1.29123
2013.03.22 00:39:25.186,1.2912,1.29124
2013.03.22 00:39:25.696,1.2912,1.29124
2013.03.22 00:39:27.416,1.2912,1.29124
2013.03.22 00:39:28.016,1.2912,1.29125
2013.03.22 00:39:28.076,1.2912,1.29125
2013.03.22 00:39:28.597,1.2912,1.29124
2013.03.22 00:39:29.136,1.29118,1.29123
2013.03.22 00:39:29.773,1.29119,1.29123
2013.03.22 00:39:30.555,1.29119,1.29123
2013.03.22 00:39:31.095,1.29119,1.29123
2013.03.22 00:39:39.526,1.29118,1.29122
2013.03.22 00:39:41.695,1.29118,1.29121
2013.03.22 00:39:42.448,1.29118,1.2912
2013.03.22 00:39:42.626,1.29116,1.2912
2013.03.22 00:39:43.046,1.29116,1.29121
2013.03.22 00:39:43.586,1.29118,1.29122
2013.03.22 00:39:43.945,1.2912,1.29124
2013.03.22 00:39:46.326,1.29122,1.29126
2013.03.22 00:39:46.568,1.29123,1.29126
2013.03.22 00:39:46.986,1.29124,1.2913
2013.03.22 00:39:47.046,1.29125,1.2913
2013.03.22 00:39:47.586,1.29125,1.29128
2013.03.22 00:39:49.668,1.29125,1.29128
2013.03.22 00:39:50.205,1.29125,1.29131
2013.03.22 00:39:50.571,1.29128,1.29131
2013.03.22 00:39:50.640,1.29129,1.29132
2013.03.22 00:39:50.887,1.29131,1.29135
2013.03.22 00:39:51.459,1.29131,1.29135
2013.03.22 00:39:52.099,1.29131,1.29135
2013.03.22 00:39:52.698,1.29131,1.29135
2013.03.22 00:39:54.307,1.29131,1.29135
2013.03.22 00:39:54.857,1.29131,1.29137
2013.03.22 00:39:57.706,1.29133,1.29136
2013.03.22 00:39:57.887,1.29132,1.29137
2013.03.22 00:39:57.946,1.29134,1.29139
2013.03.22 00:39:58.487,1.29135,1.2914
2013.03.22 00:40:00.186,1.29135,1.2914
2013.03.22 00:40:00.731,1.29132,1.29137
2013.03.22 00:40:00.976,1.29131,1.29135
2013.03.22 00:40:06.188,1.29131,1.29133
2013.03.22 00:40:06.307,1.29129,1.29132
2013.03.22 00:40:06.668,1.29128,1.29132
2013.03.22 00:40:06.728,1.29127,1.29131
2013.03.22 00:40:06.787,1.29126,1.2913
2013.03.22 00:40:07.727,1.29126,1.29129
2013.03.22 00:40:07.804,1.29124,1.29127
2013.03.22 00:40:07.927,1.29125,1.29131
2013.03.22 00:40:08.046,1.29126,1.29132
2013.03.22 00:40:08.547,1.29126,1.29132
2013.03.22 00:40:09.097,1.29126,1.29132
2013.03.22 00:40:09.721,1.29126,1.29131
2013.03.22 00:40:13.356,1.29127,1.29132
2013.03.22 00:40:13.416,1.29127,1.29132
2013.03.22 00:40:13.536,1.29128,1.29133
2013.03.22 00:40:13.960,1.2913,1.29135
2013.03.22 00:40:14.957,1.2913,1.29134
2013.03.22 00:40:18.586,1.29131,1.29134
2013.03.22 00:40:19.137,1.2913,1.29133
2013.03.22 00:40:19.786,1.2913,1.29133
2013.03.22 00:40:20.967,1.2913,1.29134
2013.03.22 00:40:21.026,1.2913,1.29135
2013.03.22 00:40:21.577,1.2913,1.29134
2013.03.22 00:40:21.778,1.2913,1.29133
2013.03.22 00:40:24.486,1.29129,1.29133
2013.03.22 00:40:25.666,1.29129,1.29133
2013.03.22 00:40:31.032,1.29129,1.29133
2013.03.22 00:40:32.826,1.29129,1.29133
2013.03.22 00:40:37.596,1.29129,1.29132
2013.03.22 00:40:39.708,1.29128,1.29131
2013.03.22 00:40:39.837,1.29126,1.29129
2013.03.22 00:40:43.667,1.29127,1.29129
2013.03.22 00:40:44.150,1.29126,1.29128
2013.03.22 00:40:46.617,1.29126,1.29128
2013.03.22 00:40:47.038,1.29124,1.29128
2013.03.22 00:40:47.227,1.29122,1.29125
2013.03.22 00:40:47.346,1.2912,1.29123
2013.03.22 00:40:47.647,1.29115,1.29122
2013.03.22 00:40:48.333,1.29116,1.29119
2013.03.22 00:40:50.186,1.29117,1.29121
2013.03.22 00:40:50.307,1.29118,1.29122
2013.03.22 00:40:50.749,1.2912,1.29123
2013.03.22 00:40:56.146,1.2912,1.29124
2013.03.22 00:40:56.815,1.29119,1.29123
2013.03.22 00:40:57.947,1.29118,1.2912
2013.03.22 00:40:58.188,1.29116,1.29119
2013.03.22 00:41:00.486,1.29116,1.2912
2013.03.22 00:41:02.177,1.29119,1.29121
2013.03.22 00:41:02.537,1.2912,1.29125
2013.03.22 00:41:02.717,1.29121,1.29125
2013.03.22 00:41:03.257,1.29121,1.29125
2013.03.22 00:41:03.677,1.29122,1.29125
2013.03.22 00:41:04.352,1.29123,1.29125
2013.03.22 00:41:04.656,1.2912,1.29122
2013.03.22 00:41:06.047,1.29117,1.29122
2013.03.22 00:41:07.126,1.29118,1.29123
2013.03.22 00:41:10.006,1.29118,1.29122
2013.03.22 00:41:10.686,1.29118,1.29123
2013.03.22 00:41:11.107,1.2912,1.29124
2013.03.22 00:41:19.521,1.2912,1.29124
2013.03.22 00:41:20.113,1.29119,1.29125
2013.03.22 00:41:20.637,1.29119,1.29123
2013.03.22 00:41:21.177,1.29119,1.29123
2013.03.22 00:41:21.716,1.2912,1.29125
2013.03.22 00:41:21.777,1.2912,1.29125
2013.03.22 00:41:27.797,1.2912,1.29125
2013.03.22 00:41:28.927,1.29119,1.29124
2013.03.22 00:41:30.497,1.29119,1.29124
2013.03.22 00:41:31.096,1.29119,1.29123
2013.03.22 00:41:33.096,1.29119,1.29123
2013.03.22 00:41:35.397,1.29119,1.29123
2013.03.22 00:41:36.028,1.2912,1.29124
2013.03.22 00:41:36.576,1.29119,1.29123
2013.03.22 00:41:39.947,1.29118,1.29122
2013.03.22 00:41:40.307,1.29117,1.2912
2013.03.22 00:41:41.357,1.29117,1.2912
2013.03.22 00:41:41.896,1.29117,1.2912
2013.03.22 00:41:42.590,1.29121,1.29123
2013.03.22 00:41:42.673,1.29121,1.29125
2013.03.22 00:41:43.218,1.29123,1.29125
2013.03.22 00:41:43.336,1.29123,1.29125
2013.03.22 00:41:44.007,1.29123,1.29125
2013.03.22 00:41:44.467,1.29124,1.29126
2013.03.22 00:41:45.007,1.29124,1.29126
2013.03.22 00:41:45.516,1.29122,1.29125
2013.03.22 00:41:47.132,1.29121,1.29125
2013.03.22 00:41:47.376,1.29123,1.29126
2013.03.22 00:41:48.956,1.29123,1.29127
2013.03.22 00:41:49.457,1.29122,1.29127
2013.03.22 00:41:50.487,1.29121,1.29126
2013.03.22 00:41:50.546,1.29118,1.29123
2013.03.22 00:41:51.341,1.29118,1.29123
2013.03.22 00:41:51.887,1.29119,1.29123
2013.03.22 00:41:52.007,1.2912,1.29123
2013.03.22 00:41:52.145,1.29121,1.29126
2013.03.22 00:41:52.208,1.29121,1.29126
2013.03.22 00:41:52.627,1.29126,1.29128
2013.03.22 00:41:53.346,1.29126,1.2913
2013.03.22 00:41:54.657,1.29126,1.29131
2013.03.22 00:41:57.117,1.29126,1.29131
2013.03.22 00:41:57.536,1.29126,1.29129
2013.03.22 00:41:58.087,1.29125,1.29129
2013.03.22 00:42:01.484,1.29125,1.29129
2013.03.22 00:42:08.428,1.29123,1.29126
2013.03.22 00:42:08.549,1.29122,1.29125
2013.03.22 00:42:11.686,1.29121,1.29126
2013.03.22 00:42:13.087,1.2912,1.29126
2013.03.22 00:42:15.956,1.2912,1.29126
2013.03.22 00:42:17.019,1.29121,1.29125
2013.03.22 00:42:18.988,1.29124,1.29126
2013.03.22 00:42:20.201,1.29126,1.29128
2013.03.22 00:42:20.387,1.29126,1.2913
2013.03.22 00:42:22.506,1.29126,1.2913
2013.03.22 00:42:23.046,1.29125,1.29129
2013.03.22 00:42:25.688,1.29125,1.2913
2013.03.22 00:42:25.878,1.29126,1.2913
2013.03.22 00:42:25.998,1.29129,1.29133
2013.03.22 00:42:26.417,1.29132,1.29136
2013.03.22 00:42:26.597,1.29132,1.29138
2013.03.22 00:42:26.777,1.29132,1.29135
2013.03.22 00:42:26.849,1.2913,1.29135
2013.03.22 00:42:27.397,1.29129,1.29133
2013.03.22 00:42:27.936,1.29129,1.29133
2013.03.22 00:42:33.639,1.29129,1.29134
2013.03.22 00:42:35.341,1.29129,1.29133
2013.03.22 00:42:36.088,1.29129,1.29133
2013.03.22 00:42:36.447,1.29131,1.29135
2013.03.22 00:42:36.807,1.29131,1.29136
2013.03.22 00:42:40.910,1.29134,1.29138
2013.03.22 00:42:44.706,1.29132,1.29135
2013.03.22 00:42:45.369,1.29131,1.29134
2013.03.22 00:42:49.318,1.29131,1.29134
2013.03.22 00:42:50.024,1.2913,1.29134
2013.03.22 00:42:51.697,1.2913,1.29134
2013.03.22 00:42:57.976,1.2913,1.29134
2013.03.22 00:42:58.486,1.2913,1.29134
2013.03.22 00:42:59.527,1.2913,1.29135
2013.03.22 00:43:00.590,1.2913,1.29135
2013.03.22 00:43:01.208,1.29131,1.29136
2013.03.22 00:43:01.966,1.29132,1.29135
2013.03.22 00:43:02.502,1.29131,1.29135
2013.03.22 00:43:03.046,1.29131,1.29135
2013.03.22 00:43:13.417,1.29131,1.29135
2013.03.22 00:43:14.836,1.2913,1.29135
2013.03.22 00:43:20.582,1.2913,1.29134
2013.03.22 00:43:22.457,1.2913,1.29134
2013.03.22 00:43:22.577,1.29129,1.29134
2013.03.22 00:43:26.706,1.29128,1.29134
2013.03.22 00:43:27.236,1.29128,1.29133
2013.03.22 00:43:27.476,1.29128,1.29133
2013.03.22 00:43:28.017,1.29128,1.29132
2013.03.22 00:43:28.996,1.29128,1.29132
2013.03.22 00:43:29.506,1.29128,1.29134
2013.03.22 00:43:33.146,1.2913,1.29133
2013.03.22 00:43:33.767,1.2913,1.29135
2013.03.22 00:43:37.727,1.2913,1.29134
2013.03.22 00:43:38.348,1.29129,1.29134
2013.03.22 00:43:47.932,1.29129,1.29133
2013.03.22 00:43:48.480,1.29129,1.29132
2013.03.22 00:43:49.027,1.29129,1.29135
2013.03.22 00:43:50.567,1.29129,1.29134
2013.03.22 00:43:53.137,1.2913,1.29135
2013.03.22 00:43:53.676,1.2913,1.29135
2013.03.22 00:43:54.359,1.2913,1.29135
2013.03.22 00:43:55.136,1.2913,1.29135
2013.03.22 00:44:04.437,1.29131,1.29135
2013.03.22 00:44:05.033,1.29129,1.29132
2013.03.22 00:44:05.937,1.2913,1.29133
2013.03.22 00:44:06.001,1.2913,1.29135
2013.03.22 00:44:07.360,1.2913,1.29135
2013.03.22 00:44:08.478,1.2913,1.29134
2013.03.22 00:44:10.396,1.29129,1.29134
2013.03.22 00:44:12.256,1.29128,1.29134
2013.03.22 00:44:30.687,1.2913,1.29135
2013.03.22 00:44:37.436,1.2913,1.29135
2013.03.22 00:44:47.637,1.2913,1.29135
2013.03.22 00:44:47.699,1.29132,1.29135
2013.03.22 00:44:48.057,1.29134,1.2914
2013.03.22 00:44:49.016,1.29134,1.2914
2013.03.22 00:44:49.558,1.29134,1.29136
2013.03.22 00:44:49.857,1.29134,1.29139
2013.03.22 00:44:52.287,1.29134,1.29136
2013.03.22 00:44:52.407,1.29131,1.29135
2013.03.22 00:44:53.187,1.2913,1.29134
2013.03.22 00:44:53.725,1.2913,1.29134
2013.03.22 00:44:58.790,1.29129,1.29134
2013.03.22 00:45:01.548,1.29129,1.29134
2013.03.22 00:45:02.256,1.29129,1.29134
2013.03.22 00:45:12.207,1.29129,1.29134
2013.03.22 00:45:23.479,1.29129,1.29134
2013.03.22 00:45:24.197,1.29129,1.29134
2013.03.22 00:45:34.516,1.29129,1.29134
2013.03.22 00:45:35.787,1.29129,1.29134
2013.03.22 00:45:36.306,1.29129,1.29134
2013.03.22 00:45:36.746,1.29129,1.29134
2013.03.22 00:45:42.516,1.29129,1.29134
2013.03.22 00:45:43.218,1.29129,1.29134
2013.03.22 00:45:43.707,1.29129,1.29135
2013.03.22 00:45:46.386,1.29131,1.29138
2013.03.22 00:45:46.696,1.29132,1.29138
2013.03.22 00:45:48.238,1.29132,1.29138
2013.03.22 00:45:48.537,1.29132,1.29137
2013.03.22 00:45:49.077,1.29132,1.29138
2013.03.22 00:45:49.198,1.29133,1.29138
2013.03.22 00:45:49.438,1.29134,1.29139
2013.03.22 00:45:49.946,1.29134,1.2914
2013.03.22 00:45:55.147,1.29135,1.29138
2013.03.22 00:45:55.388,1.29134,1.29136
2013.03.22 00:45:55.518,1.29133,1.29135
2013.03.22 00:45:55.637,1.29132,1.29137
2013.03.22 00:45:55.957,1.29132,1.29137
2013.03.22 00:45:56.946,1.29132,1.29137
2013.03.22 00:45:57.517,1.29132,1.29137
2013.03.22 00:45:58.237,1.29132,1.29137
2013.03.22 00:45:59.227,1.29132,1.29137
2013.03.22 00:46:00.248,1.29133,1.29138
2013.03.22 00:46:01.756,1.29133,1.29138
2013.03.22 00:46:02.498,1.29132,1.29138
2013.03.22 00:46:03.046,1.29132,1.29138
2013.03.22 00:46:03.756,1.29132,1.29137
2013.03.22 00:46:05.327,1.29132,1.29136
2013.03.22 00:46:05.508,1.29134,1.29138
2013.03.22 00:46:06.047,1.29134,1.2914
2013.03.22 00:46:08.429,1.29134,1.29138
2013.03.22 00:46:08.676,1.29131,1.29137
2013.03.22 00:46:09.576,1.29131,1.29136
2013.03.22 00:46:09.877,1.29134,1.29138
2013.03.22 00:46:09.997,1.29134,1.29139
2013.03.22 00:46:10.627,1.29135,1.2914
2013.03.22 00:46:11.417,1.29135,1.29139
2013.03.22 00:46:11.536,1.29135,1.29138
2013.03.22 00:46:12.628,1.29133,1.29137
2013.03.22 00:46:12.747,1.29132,1.29137
2013.03.22 00:46:13.466,1.29132,1.29135
2013.03.22 00:46:14.107,1.2913,1.29135
2013.03.22 00:46:14.378,1.2913,1.29135
2013.03.22 00:46:14.437,1.29133,1.29135
2013.03.22 00:46:14.678,1.29134,1.29136
2013.03.22 00:46:14.738,1.29134,1.29139
2013.03.22 00:46:16.528,1.29135,1.29138
2013.03.22 00:46:17.087,1.29134,1.29139
2013.03.22 00:46:19.269,1.29134,1.29139
2013.03.22 00:46:20.389,1.29134,1.29139
2013.03.22 00:46:20.644,1.29132,1.29135
2013.03.22 00:46:20.947,1.29131,1.29135
2013.03.22 00:46:21.977,1.29128,1.29136
2013.03.22 00:46:22.588,1.29129,1.29134
2013.03.22 00:46:23.107,1.29128,1.29133
2013.03.22 00:46:23.227,1.29125,1.2913
2013.03.22 00:46:23.907,1.29125,1.2913
2013.03.22 00:46:24.900,1.29125,1.29129
2013.03.22 00:46:27.089,1.29125,1.29129
2013.03.22 00:46:31.007,1.29125,1.29128
2013.03.22 00:46:31.187,1.29124,1.29126
2013.03.22 00:46:31.249,1.29124,1.29125
2013.03.22 00:46:31.728,1.29123,1.29125
2013.03.22 00:46:31.970,1.29122,1.29125
2013.03.22 00:46:33.001,1.29121,1.29124
2013.03.22 00:46:33.562,1.2912,1.29123
2013.03.22 00:46:34.338,1.29117,1.2912
2013.03.22 00:46:34.457,1.29116,1.29119
2013.03.22 00:46:34.996,1.29115,1.29118
2013.03.22 00:46:36.738,1.29115,1.29118
2013.03.22 00:46:36.917,1.2911,1.29116
2013.03.22 00:46:37.037,1.29111,1.29115
2013.03.22 00:46:37.097,1.29111,1.29114
2013.03.22 00:46:41.032,1.29108,1.29112
2013.03.22 00:46:41.348,1.29109,1.29113
2013.03.22 00:46:41.661,1.29109,1.29115
2013.03.22 00:46:41.788,1.29107,1.29113
2013.03.22 00:46:42.278,1.29108,1.29113
2013.03.22 00:46:44.797,1.29107,1.29113
2013.03.22 00:46:45.319,1.29109,1.29114
2013.03.22 00:46:47.337,1.29109,1.29114
2013.03.22 00:46:47.877,1.29111,1.29115
2013.03.22 00:46:48.237,1.29111,1.29115
2013.03.22 00:46:48.947,1.29111,1.29115
2013.03.22 00:46:49.620,1.29111,1.29114
2013.03.22 00:46:49.748,1.29108,1.29113
2013.03.22 00:46:50.227,1.29108,1.29111
2013.03.22 00:46:50.707,1.2911,1.29113
2013.03.22 00:46:51.008,1.29113,1.29116
2013.03.22 00:46:51.188,1.29115,1.29119
2013.03.22 00:46:51.667,1.29116,1.29121
2013.03.22 00:46:52.209,1.29115,1.29119
2013.03.22 00:46:53.048,1.29114,1.29119
2013.03.22 00:46:53.124,1.29114,1.29117
2013.03.22 00:46:55.817,1.29111,1.29114
2013.03.22 00:46:57.218,1.29111,1.29116
2013.03.22 00:46:57.340,1.29109,1.29113
2013.03.22 00:46:57.589,1.29107,1.2911
2013.03.22 00:46:57.947,1.29106,1.2911
2013.03.22 00:46:58.307,1.29104,1.29109
2013.03.22 00:46:58.728,1.29105,1.2911
2013.03.22 00:46:59.640,1.29105,1.2911
2013.03.22 00:46:59.947,1.29105,1.29109
2013.03.22 00:47:01.227,1.29105,1.29109
2013.03.22 00:47:01.428,1.29105,1.2911
2013.03.22 00:47:01.547,1.29105,1.2911
2013.03.22 00:47:02.718,1.29104,1.29109
2013.03.22 00:47:03.244,1.29104,1.2911
2013.03.22 00:47:03.865,1.29104,1.29109
2013.03.22 00:47:06.077,1.29104,1.29109
2013.03.22 00:47:13.157,1.29104,1.29108
2013.03.22 00:47:17.227,1.29104,1.29109
2013.03.22 00:47:17.794,1.29105,1.29109
2013.03.22 00:47:22.766,1.29106,1.29109
2013.03.22 00:47:22.827,1.29106,1.29109
2013.03.22 00:47:22.890,1.29108,1.29112
2013.03.22 00:47:23.016,1.29108,1.29114
2013.03.22 00:47:27.379,1.29109,1.29114
2013.03.22 00:47:28.198,1.2911,1.29112
2013.03.22 00:47:28.438,1.29109,1.29112
2013.03.22 00:47:28.677,1.2911,1.29114
2013.03.22 00:47:29.606,1.2911,1.29114
2013.03.22 00:47:37.027,1.2911,1.29114
2013.03.22 00:47:39.736,1.2911,1.29113
2013.03.22 00:47:43.977,1.2911,1.29113
2013.03.22 00:47:49.447,1.2911,1.29114
2013.03.22 00:47:50.118,1.2911,1.29113
2013.03.22 00:47:50.778,1.29109,1.29113
2013.03.22 00:47:51.350,1.29108,1.29113
2013.03.22 00:47:52.946,1.29108,1.29113
2013.03.22 00:47:54.048,1.29109,1.29113
2013.03.22 00:47:55.607,1.29108,1.29113
2013.03.22 00:47:56.258,1.29108,1.29112
2013.03.22 00:48:00.886,1.29108,1.29112
2013.03.22 00:48:05.637,1.29108,1.29113
2013.03.22 00:48:07.367,1.29108,1.2911
2013.03.22 00:48:08.140,1.29104,1.2911
2013.03.22 00:48:08.448,1.29102,1.29106
2013.03.22 00:48:09.490,1.29103,1.29106
2013.03.22 00:48:09.797,1.29104,1.29109
2013.03.22 00:48:10.099,1.29107,1.2911
2013.03.22 00:48:10.288,1.29107,1.29112
2013.03.22 00:48:10.798,1.29106,1.2911
2013.03.22 00:48:11.558,1.29106,1.29112
2013.03.22 00:48:16.014,1.29106,1.29112
2013.03.22 00:48:18.167,1.29106,1.29112
2013.03.22 00:48:18.708,1.29107,1.29112
2013.03.22 00:48:20.408,1.29108,1.29113
2013.03.22 00:48:20.719,1.2911,1.29115
2013.03.22 00:48:21.497,1.29111,1.29115
2013.03.22 00:48:22.737,1.2911,1.29114
2013.03.22 00:48:23.159,1.29107,1.29113
2013.03.22 00:48:29.266,1.29106,1.29112
2013.03.22 00:48:29.989,1.29106,1.29111
2013.03.22 00:48:37.208,1.29106,1.2911
2013.03.22 00:48:39.437,1.29105,1.2911
2013.03.22 00:48:39.557,1.29105,1.2911
2013.03.22 00:48:40.787,1.29105,1.29109
2013.03.22 00:48:40.847,1.29105,1.29106
2013.03.22 00:48:40.969,1.29101,1.29106
2013.03.22 00:48:41.527,1.291,1.29105
2013.03.22 00:48:42.104,1.291,1.29104
2013.03.22 00:48:47.483,1.291,1.29103
2013.03.22 00:48:47.668,1.29097,1.29102
2013.03.22 00:48:47.727,1.29096,1.29102
2013.03.22 00:48:47.969,1.29096,1.291
2013.03.22 00:48:48.292,1.29095,1.29097
2013.03.22 00:48:48.598,1.29091,1.29095
2013.03.22 00:48:49.117,1.29091,1.29095
2013.03.22 00:48:50.037,1.29091,1.29096
2013.03.22 00:48:50.398,1.29093,1.29099
2013.03.22 00:48:50.758,1.29095,1.29099
2013.03.22 00:48:50.938,1.29095,1.29099
2013.03.22 00:48:51.607,1.29095,1.29099
2013.03.22 00:48:51.728,1.29095,1.29098
2013.03.22 00:48:52.389,1.29092,1.29097
2013.03.22 00:48:55.088,1.29092,1.29097
2013.03.22 00:48:55.207,1.29094,1.29099
2013.03.22 00:48:55.717,1.29095,1.29098
2013.03.22 00:48:56.258,1.29094,1.29098
2013.03.22 00:48:57.227,1.29095,1.291
2013.03.22 00:48:57.993,1.29096,1.291
2013.03.22 00:48:58.498,1.29095,1.29099
2013.03.22 00:48:59.947,1.29095,1.291
2013.03.22 00:49:01.667,1.29094,1.29099
2013.03.22 00:49:02.437,1.29095,1.29098
2013.03.22 00:49:02.982,1.29093,1.29098
2013.03.22 00:49:07.321,1.29094,1.29097
2013.03.22 00:49:07.567,1.29095,1.29098
2013.03.22 00:49:07.628,1.29096,1.291
2013.03.22 00:49:08.058,1.29094,1.29098
2013.03.22 00:49:09.907,1.29095,1.29098
2013.03.22 00:49:10.447,1.29095,1.29099
2013.03.22 00:49:10.988,1.29094,1.29098
2013.03.22 00:49:11.048,1.29094,1.29096
2013.03.22 00:49:11.587,1.29093,1.29096
2013.03.22 00:49:14.957,1.29093,1.29097
2013.03.22 00:49:15.740,1.29095,1.29099
2013.03.22 00:49:16.761,1.29095,1.29099
2013.03.22 00:49:16.887,1.29096,1.29099
2013.03.22 00:49:17.428,1.29096,1.29099
2013.03.22 00:49:19.126,1.29095,1.29098
2013.03.22 00:49:19.427,1.29092,1.29097
2013.03.22 00:49:19.968,1.29092,1.29095
2013.03.22 00:49:20.027,1.29092,1.29095
2013.03.22 00:49:24.657,1.29092,1.29096
2013.03.22 00:49:26.587,1.29093,1.29095
2013.03.22 00:49:26.711,1.29094,1.29098
2013.03.22 00:49:26.902,1.29095,1.29098
2013.03.22 00:49:27.148,1.29097,1.291
2013.03.22 00:49:27.988,1.291,1.29101
2013.03.22 00:49:28.109,1.291,1.29104
2013.03.22 00:49:29.058,1.29099,1.29104
2013.03.22 00:49:29.987,1.29099,1.29104
2013.03.22 00:49:30.487,1.291,1.29104
2013.03.22 00:49:37.438,1.291,1.29103
2013.03.22 00:49:38.069,1.291,1.29103
2013.03.22 00:49:40.648,1.291,1.29103
2013.03.22 00:49:41.008,1.29101,1.29104
2013.03.22 00:49:41.572,1.29102,1.29105
2013.03.22 00:49:42.129,1.29102,1.29105
2013.03.22 00:49:42.699,1.29103,1.29105
2013.03.22 00:49:43.461,1.29103,1.29105
2013.03.22 00:49:43.768,1.29103,1.29107
2013.03.22 00:49:44.247,1.29105,1.2911
2013.03.22 00:49:44.787,1.29105,1.29108
2013.03.22 00:49:46.491,1.29103,1.29107
2013.03.22 00:49:46.750,1.29101,1.29105
2013.03.22 00:49:47.057,1.29101,1.29104
2013.03.22 00:49:47.617,1.29101,1.29105
2013.03.22 00:49:47.918,1.29102,1.29105
2013.03.22 00:49:48.098,1.29105,1.29108
2013.03.22 00:49:48.607,1.29105,1.29108
2013.03.22 00:49:49.617,1.29105,1.29108
2013.03.22 00:49:53.548,1.29105,1.29108
2013.03.22 00:49:55.647,1.29106,1.29108
2013.03.22 00:49:56.198,1.29106,1.29108
2013.03.22 00:49:56.497,1.29107,1.29108
2013.03.22 00:49:57.427,1.29105,1.29108
2013.03.22 00:49:58.718,1.29106,1.29108
2013.03.22 00:49:59.199,1.29107,1.2911
2013.03.22 00:49:59.559,1.2911,1.29112
2013.03.22 00:49:59.739,1.29108,1.29111
2013.03.22 00:50:00.277,1.29106,1.2911
2013.03.22 00:50:02.147,1.29106,1.29108
2013.03.22 00:50:02.468,1.29103,1.29107
2013.03.22 00:50:02.829,1.29105,1.2911
2013.03.22 00:50:02.887,1.29106,1.2911
2013.03.22 00:50:03.430,1.29105,1.29108
2013.03.22 00:50:04.568,1.29105,1.29108
2013.03.22 00:50:05.857,1.29105,1.29108
2013.03.22 00:50:06.512,1.29104,1.29108
2013.03.22 00:50:07.112,1.29104,1.29108
2013.03.22 00:50:07.658,1.29105,1.29109
2013.03.22 00:50:08.447,1.29106,1.29109
2013.03.22 00:50:09.618,1.29106,1.29111
2013.03.22 00:50:09.979,1.29107,1.29112
2013.03.22 00:50:10.159,1.29107,1.29111
2013.03.22 00:50:13.509,1.29105,1.2911
2013.03.22 00:50:15.137,1.29106,1.2911
2013.03.22 00:50:16.287,1.29106,1.2911
2013.03.22 00:50:23.487,1.29106,1.29108
2013.03.22 00:50:26.577,1.29106,1.29109
2013.03.22 00:50:27.158,1.29105,1.29108
2013.03.22 00:50:28.758,1.29106,1.29109
2013.03.22 00:50:29.317,1.29106,1.2911
2013.03.22 00:50:30.777,1.29105,1.29109
2013.03.22 00:50:39.038,1.29106,1.29109
2013.03.22 00:50:39.567,1.29106,1.2911
2013.03.22 00:50:40.226,1.29106,1.2911
2013.03.22 00:50:47.418,1.29106,1.29108
2013.03.22 00:50:47.957,1.29104,1.29107
2013.03.22 00:50:48.517,1.29104,1.29107
2013.03.22 00:50:52.207,1.29102,1.29106
2013.03.22 00:50:52.328,1.29102,1.29105
2013.03.22 00:50:52.628,1.29101,1.29103
2013.03.22 00:50:52.869,1.29098,1.29101
2013.03.22 00:50:53.398,1.29097,1.291
2013.03.22 00:50:55.267,1.29096,1.291
2013.03.22 00:50:58.858,1.29099,1.29101
2013.03.22 00:50:59.279,1.29097,1.291
2013.03.22 00:50:59.407,1.29096,1.291
2013.03.22 00:51:01.767,1.29096,1.291
2013.03.22 00:51:01.948,1.29094,1.29098
2013.03.22 00:51:02.068,1.29093,1.29095
2013.03.22 00:51:02.127,1.2909,1.29095
2013.03.22 00:51:02.949,1.29092,1.29095
2013.03.22 00:51:03.637,1.29093,1.29095
2013.03.22 00:51:04.612,1.29093,1.29097
2013.03.22 00:51:05.130,1.29095,1.29097
2013.03.22 00:51:05.657,1.29095,1.29098
2013.03.22 00:51:07.927,1.29095,1.29098
2013.03.22 00:51:08.242,1.29094,1.29097
2013.03.22 00:51:08.828,1.29093,1.29097
2013.03.22 00:51:21.135,1.29095,1.29098
2013.03.22 00:51:21.400,1.29094,1.29097
2013.03.22 00:51:22.071,1.29095,1.29097
2013.03.22 00:51:23.608,1.29095,1.29097
2013.03.22 00:51:24.127,1.29094,1.29096
2013.03.22 00:51:25.547,1.29094,1.29096
2013.03.22 00:51:26.058,1.29094,1.29096
2013.03.22 00:51:26.519,1.29091,1.29095
2013.03.22 00:51:26.758,1.2909,1.29092
2013.03.22 00:51:26.818,1.2909,1.29092
2013.03.22 00:51:27.009,1.29085,1.2909
2013.03.22 00:51:27.547,1.29085,1.2909
2013.03.22 00:51:28.067,1.29085,1.2909
2013.03.22 00:51:29.142,1.29086,1.29091
2013.03.22 00:51:29.220,1.2909,1.29093
2013.03.22 00:51:29.289,1.29091,1.29094
2013.03.22 00:51:29.590,1.29089,1.29093
2013.03.22 00:51:30.928,1.29089,1.29092
2013.03.22 00:51:31.727,1.29089,1.29091
2013.03.22 00:51:32.847,1.29088,1.29091
2013.03.22 00:51:33.388,1.29089,1.29091
2013.03.22 00:51:41.438,1.29089,1.29092
2013.03.22 00:51:41.997,1.29089,1.29092
2013.03.22 00:51:45.188,1.29089,1.29092
2013.03.22 00:51:47.119,1.29087,1.29091
2013.03.22 00:51:47.598,1.29085,1.29089
2013.03.22 00:51:47.899,1.29084,1.29088
2013.03.22 00:51:49.141,1.29084,1.29087
2013.03.22 00:51:50.579,1.29085,1.29089
2013.03.22 00:51:52.549,1.29085,1.29088
2013.03.22 00:51:52.980,1.29084,1.29086
2013.03.22 00:51:53.162,1.29081,1.29085
2013.03.22 00:51:53.230,1.2908,1.29083
2013.03.22 00:51:53.650,1.29079,1.29082
2013.03.22 00:51:53.721,1.29077,1.2908
2013.03.22 00:51:55.307,1.29077,1.29082
2013.03.22 00:51:58.717,1.29078,1.29082
2013.03.22 00:51:59.608,1.29079,1.29082
2013.03.22 00:52:00.250,1.29079,1.29083
2013.03.22 00:52:03.207,1.29079,1.29083
2013.03.22 00:52:03.747,1.29079,1.29083
2013.03.22 00:52:04.297,1.29079,1.29083
2013.03.22 00:52:08.707,1.29079,1.29083
2013.03.22 00:52:09.248,1.2908,1.29083
2013.03.22 00:52:10.167,1.2908,1.29083
2013.03.22 00:52:10.709,1.2908,1.29083
2013.03.22 00:52:11.308,1.29081,1.29083
2013.03.22 00:52:11.609,1.2908,1.29085
2013.03.22 00:52:12.764,1.29082,1.29084
2013.03.22 00:52:14.097,1.29082,1.29085
2013.03.22 00:52:19.257,1.29083,1.29086
2013.03.22 00:52:40.641,1.29086,1.29089
2013.03.22 00:52:44.908,1.29085,1.29089
2013.03.22 00:52:45.031,1.29085,1.29088
2013.03.22 00:52:45.578,1.29085,1.2909
2013.03.22 00:52:51.868,1.29085,1.29089
2013.03.22 00:52:52.359,1.29084,1.29089
2013.03.22 00:52:52.478,1.29085,1.2909
2013.03.22 00:52:53.048,1.29085,1.2909
2013.03.22 00:52:53.598,1.29085,1.29089
2013.03.22 00:52:55.168,1.29085,1.29087
2013.03.22 00:52:55.293,1.29084,1.29087
2013.03.22 00:52:55.539,1.29082,1.29087
2013.03.22 00:52:55.597,1.29081,1.29087
2013.03.22 00:52:56.077,1.2908,1.29086
2013.03.22 00:52:56.599,1.2908,1.29085
2013.03.22 00:52:57.507,1.29079,1.29084
2013.03.22 00:53:01.898,1.29078,1.29083
2013.03.22 00:53:02.019,1.29078,1.29081
2013.03.22 00:53:03.277,1.29075,1.29078
2013.03.22 00:53:04.128,1.29075,1.29081
2013.03.22 00:53:04.428,1.29078,1.29081
2013.03.22 00:53:04.792,1.29078,1.29082
2013.03.22 00:53:05.040,1.2908,1.29082
2013.03.22 00:53:05.228,1.29081,1.29085
2013.03.22 00:53:05.288,1.29079,1.29084
2013.03.22 00:53:06.582,1.29077,1.29082
2013.03.22 00:53:06.648,1.29077,1.29083
2013.03.22 00:53:07.152,1.29078,1.29083
2013.03.22 00:53:08.507,1.29078,1.29083
2013.03.22 00:53:10.968,1.29078,1.29083
2013.03.22 00:53:13.850,1.29078,1.29083
2013.03.22 00:53:15.347,1.29078,1.29083
2013.03.22 00:53:15.919,1.29078,1.29082
2013.03.22 00:53:16.440,1.29078,1.29082
2013.03.22 00:53:18.777,1.29078,1.29082
2013.03.22 00:53:22.799,1.29079,1.29082
2013.03.22 00:53:23.157,1.29079,1.29083
2013.03.22 00:53:23.638,1.29081,1.29083
2013.03.22 00:53:23.819,1.29078,1.29082
2013.03.22 00:53:24.297,1.29077,1.29082
2013.03.22 00:53:24.878,1.29076,1.29081
2013.03.22 00:53:29.533,1.29077,1.29082
2013.03.22 00:53:29.781,1.29079,1.29081
2013.03.22 00:53:30.149,1.29079,1.29083
2013.03.22 00:53:30.388,1.2908,1.29084
2013.03.22 00:53:30.447,1.29079,1.29085
2013.03.22 00:53:30.627,1.29077,1.29085
2013.03.22 00:53:31.167,1.29078,1.29083
2013.03.22 00:53:42.337,1.29077,1.29082
2013.03.22 00:53:45.125,1.29076,1.29081
2013.03.22 00:53:49.588,1.29076,1.29081
2013.03.22 00:53:55.028,1.29076,1.2908
2013.03.22 00:54:04.623,1.29073,1.29077
2013.03.22 00:54:04.928,1.2907,1.29074
2013.03.22 00:54:05.048,1.29066,1.29073
2013.03.22 00:54:05.587,1.29067,1.29072
2013.03.22 00:54:06.128,1.29067,1.29072
2013.03.22 00:54:06.668,1.29066,1.29071
2013.03.22 00:54:07.215,1.29066,1.29071
2013.03.22 00:54:08.670,1.29069,1.29071
2013.03.22 00:54:08.909,1.29066,1.2907
2013.03.22 00:54:09.447,1.29065,1.2907
2013.03.22 00:54:09.869,1.29066,1.29072
2013.03.22 00:54:10.901,1.29068,1.29072
2013.03.22 00:54:11.388,1.29066,1.2907
2013.03.22 00:54:11.507,1.29065,1.2907
2013.03.22 00:54:12.008,1.29065,1.2907
2013.03.22 00:54:12.528,1.29065,1.2907
2013.03.22 00:54:12.712,1.29066,1.29071
2013.03.22 00:54:14.917,1.29066,1.29071
2013.03.22 00:54:15.556,1.29066,1.29071
2013.03.22 00:54:16.058,1.29066,1.29071
2013.03.22 00:54:17.897,1.29066,1.29071
2013.03.22 00:54:18.138,1.29065,1.29069
2013.03.22 00:54:18.438,1.29061,1.29066
2013.03.22 00:54:18.559,1.2906,1.29064
2013.03.22 00:54:18.798,1.29058,1.29063
2013.03.22 00:54:19.277,1.29058,1.29062
2013.03.22 00:54:19.640,1.29059,1.29063
2013.03.22 00:54:19.710,1.29061,1.29063
2013.03.22 00:54:19.778,1.29062,1.29064
2013.03.22 00:54:20.018,1.29061,1.29066
2013.03.22 00:54:20.537,1.29062,1.29066
2013.03.22 00:54:20.947,1.29066,1.29069
2013.03.22 00:54:21.128,1.29063,1.29068
2013.03.22 00:54:21.188,1.29063,1.29068
2013.03.22 00:54:21.430,1.29061,1.29064
2013.03.22 00:54:21.669,1.29059,1.29063
2013.03.22 00:54:21.908,1.29058,1.29062
2013.03.22 00:54:22.088,1.29056,1.29062
2013.03.22 00:54:22.328,1.29056,1.29061
2013.03.22 00:54:24.708,1.29058,1.29063
2013.03.22 00:54:25.257,1.29058,1.29063
2013.03.22 00:54:26.338,1.29058,1.29062
2013.03.22 00:54:26.879,1.29058,1.29063
2013.03.22 00:54:27.418,1.29057,1.29061
2013.03.22 00:54:27.659,1.29058,1.29065
2013.03.22 00:54:29.152,1.29063,1.29065
2013.03.22 00:54:29.219,1.29063,1.29066
2013.03.22 00:54:29.398,1.29065,1.29069
2013.03.22 00:54:29.468,1.29067,1.29072
2013.03.22 00:54:29.540,1.29069,1.29072
2013.03.22 00:54:29.719,1.29068,1.29072
2013.03.22 00:54:29.778,1.29067,1.29071
2013.03.22 00:54:30.288,1.29065,1.2907
2013.03.22 00:54:32.500,1.29065,1.29071
2013.03.22 00:54:32.627,1.29065,1.29069
2013.03.22 00:54:32.988,1.29062,1.29065
2013.03.22 00:54:33.108,1.29061,1.29064
2013.03.22 00:54:34.249,1.29061,1.29065
2013.03.22 00:54:34.309,1.29059,1.29065
2013.03.22 00:54:35.147,1.2906,1.29066
2013.03.22 00:54:35.687,1.2906,1.29065
2013.03.22 00:54:39.319,1.2906,1.29065
2013.03.22 00:54:39.379,1.29062,1.29067
2013.03.22 00:54:39.499,1.29064,1.29067
2013.03.22 00:54:39.798,1.29066,1.29071
2013.03.22 00:54:40.278,1.29067,1.29072
2013.03.22 00:54:40.917,1.29068,1.29072
2013.03.22 00:54:42.071,1.29066,1.29072
2013.03.22 00:54:42.703,1.29067,1.29072
2013.03.22 00:54:43.207,1.29067,1.29072
2013.03.22 00:54:45.777,1.29066,1.29071
2013.03.22 00:54:46.299,1.29066,1.29072
2013.03.22 00:54:48.498,1.29067,1.29071
2013.03.22 00:54:50.281,1.29067,1.29071
2013.03.22 00:54:51.337,1.29067,1.29072
2013.03.22 00:54:54.007,1.29067,1.29072
2013.03.22 00:54:54.724,1.29068,1.29072
2013.03.22 00:54:56.228,1.29067,1.29072
2013.03.22 00:54:58.678,1.29068,1.29072
2013.03.22 00:55:00.169,1.2907,1.29073
2013.03.22 00:55:00.230,1.29071,1.29074
2013.03.22 00:55:00.300,1.29072,1.29077
2013.03.22 00:55:00.489,1.29074,1.29077
2013.03.22 00:55:00.549,1.29077,1.29081
2013.03.22 00:55:00.609,1.29077,1.29082
2013.03.22 00:55:00.668,1.29077,1.29081
2013.03.22 00:55:00.730,1.29076,1.2908
2013.03.22 00:55:00.969,1.29075,1.29081
2013.03.22 00:55:01.471,1.2908,1.29081
2013.03.22 00:55:01.838,1.2908,1.29085
2013.03.22 00:55:02.388,1.2908,1.29085
2013.03.22 00:55:02.928,1.29082,1.29087
2013.03.22 00:55:03.467,1.29082,1.29087
2013.03.22 00:55:04.127,1.29082,1.29087
2013.03.22 00:55:04.908,1.29081,1.29087
2013.03.22 00:55:05.269,1.29081,1.29085
2013.03.22 00:55:05.387,1.29081,1.29085
2013.03.22 00:55:05.571,1.29081,1.29082
2013.03.22 00:55:06.178,1.29078,1.29081
2013.03.22 00:55:06.300,1.29076,1.2908
2013.03.22 00:55:06.974,1.29077,1.29081
2013.03.22 00:55:07.058,1.29077,1.29081
2013.03.22 00:55:07.608,1.29077,1.29081
2013.03.22 00:55:08.029,1.2908,1.29084
2013.03.22 00:55:08.149,1.29081,1.29085
2013.03.22 00:55:08.508,1.2908,1.29083
2013.03.22 00:55:08.649,1.29082,1.29083
2013.03.22 00:55:09.197,1.29082,1.29085
2013.03.22 00:55:11.060,1.29082,1.29084
2013.03.22 00:55:11.608,1.29081,1.29084
2013.03.22 00:55:12.158,1.29082,1.29084
2013.03.22 00:55:12.577,1.2908,1.29084
2013.03.22 00:55:12.638,1.2908,1.29084
2013.03.22 00:55:12.818,1.2908,1.29084
2013.03.22 00:55:12.999,1.2908,1.29084
2013.03.22 00:55:13.257,1.2908,1.29083
2013.03.22 00:55:13.798,1.2908,1.29083
2013.03.22 00:55:15.388,1.2908,1.29083
2013.03.22 00:55:15.929,1.2908,1.29083
2013.03.22 00:55:16.467,1.29082,1.29085
2013.03.22 00:55:16.908,1.29081,1.29084
2013.03.22 00:55:17.468,1.29082,1.29085
2013.03.22 00:55:18.007,1.29082,1.29085
2013.03.22 00:55:18.517,1.29081,1.29084
2013.03.22 00:55:19.047,1.29082,1.29085
2013.03.22 00:55:19.985,1.29082,1.29085
2013.03.22 00:55:20.190,1.29081,1.29085
2013.03.22 00:55:20.309,1.29081,1.29084
2013.03.22 00:55:20.668,1.29079,1.29083
2013.03.22 00:55:22.417,1.29079,1.29083
2013.03.22 00:55:23.118,1.29079,1.29084
2013.03.22 00:55:23.668,1.29079,1.29084
2013.03.22 00:55:25.397,1.29077,1.29084
2013.03.22 00:55:25.978,1.29078,1.29084
2013.03.22 00:55:26.559,1.29077,1.29084
2013.03.22 00:55:27.397,1.29078,1.29083
2013.03.22 00:55:28.494,1.29078,1.29083
2013.03.22 00:55:28.998,1.29078,1.29083
2013.03.22 00:55:29.538,1.29078,1.29083
2013.03.22 00:55:30.148,1.29078,1.29083
2013.03.22 00:55:30.578,1.29078,1.29083
2013.03.22 00:55:32.318,1.29078,1.29083
2013.03.22 00:55:33.078,1.29078,1.29083
2013.03.22 00:55:33.617,1.29078,1.29083
2013.03.22 00:55:34.477,1.29078,1.29083
2013.03.22 00:55:36.129,1.29078,1.29083
2013.03.22 00:55:37.787,1.29078,1.29083
2013.03.22 00:55:39.288,1.29078,1.29084
2013.03.22 00:55:39.827,1.29078,1.29082
2013.03.22 00:55:40.168,1.29078,1.29083
2013.03.22 00:55:40.708,1.29078,1.29084
2013.03.22 00:55:44.518,1.29078,1.29084
2013.03.22 00:55:45.020,1.29078,1.29083
2013.03.22 00:55:45.959,1.29079,1.29084
2013.03.22 00:55:46.737,1.29079,1.29084
2013.03.22 00:55:48.068,1.29079,1.29083
2013.03.22 00:55:49.597,1.29079,1.29083
2013.03.22 00:55:50.257,1.29079,1.29084
2013.03.22 00:55:51.230,1.29079,1.29083
2013.03.22 00:55:51.837,1.29079,1.29083
2013.03.22 00:55:52.257,1.29079,1.29083
2013.03.22 00:55:52.797,1.29079,1.29082
2013.03.22 00:55:53.648,1.29079,1.29082
2013.03.22 00:56:05.474,1.29078,1.29082
2013.03.22 00:56:07.688,1.29079,1.29084
2013.03.22 00:56:11.849,1.29076,1.29081
2013.03.22 00:56:12.027,1.29076,1.2908
2013.03.22 00:56:12.570,1.29076,1.2908
2013.03.22 00:56:13.280,1.29076,1.2908
2013.03.22 00:56:17.139,1.29077,1.2908
2013.03.22 00:56:17.728,1.29076,1.2908
2013.03.22 00:56:18.267,1.29077,1.2908
2013.03.22 00:56:19.508,1.29076,1.2908
2013.03.22 00:56:20.498,1.29075,1.2908
2013.03.22 00:56:20.858,1.29075,1.29079
2013.03.22 00:56:21.038,1.29074,1.29078
2013.03.22 00:56:21.460,1.29073,1.29075
2013.03.22 00:56:22.969,1.29072,1.29075
2013.03.22 00:56:25.168,1.29072,1.29075
2013.03.22 00:56:25.767,1.2907,1.29075
2013.03.22 00:56:26.317,1.29071,1.29075
2013.03.22 00:56:27.128,1.29071,1.29076
2013.03.22 00:56:30.999,1.29071,1.29075
2013.03.22 00:56:31.499,1.29071,1.29075
2013.03.22 00:56:32.458,1.29071,1.29075
2013.03.22 00:56:36.317,1.29071,1.29075
2013.03.22 00:56:38.598,1.29073,1.29076
2013.03.22 00:56:41.178,1.29072,1.29075
2013.03.22 00:56:42.937,1.29071,1.29075
