Time,Bid,Ask
2013.03.06 00:00:00.568,1.30472,1.3048
2013.03.06 00:00:00.878,1.30472,1.3048
2013.03.06 00:00:02.158,1.30475,1.3048
2013.03.06 00:00:03.438,1.30475,1.30481
2013.03.06 00:00:04.907,1.30476,1.30482
2013.03.06 00:00:06.119,1.30476,1.30483
2013.03.06 00:00:10.078,1.30478,1.30483
2013.03.06 00:00:10.138,1.30478,1.30483
2013.03.06 00:00:10.560,1.30478,1.30484
2013.03.06 00:00:12.098,1.30478,1.30485
2013.03.06 00:00:12.346,1.30478,1.30486
2013.03.06 00:00:12.470,1.30478,1.30486
2013.03.06 00:00:12.710,1.30478,1.30485
2013.03.06 00:00:12.829,1.30479,1.30485
2013.03.06 00:00:13.069,1.30479,1.30485
2013.03.06 00:00:13.369,1.30478,1.30485
2013.03.06 00:00:13.430,1.30478,1.30485
2013.03.06 00:00:13.853,1.30477,1.30483
2013.03.06 00:00:13.921,1.30477,1.30483
2013.03.06 00:00:14.220,1.30475,1.30482
2013.03.06 00:00:14.748,1.30474,1.30482
2013.03.06 00:00:18.659,1.30474,1.30482
2013.03.06 00:00:22.389,1.30474,1.30482
2013.03.06 00:00:23.190,1.30474,1.30482
2013.03.06 00:00:26.350,1.30475,1.30482
2013.03.06 00:00:28.339,1.30474,1.30481
2013.03.06 00:00:28.579,1.30473,1.30481
2013.03.06 00:00:29.189,1.30476,1.30482
2013.03.06 00:00:31.358,1.30476,1.30483
2013.03.06 00:00:31.898,1.30475,1.30481
2013.03.06 00:00:33.429,1.30474,1.3048
2013.03.06 00:00:35.219,1.30476,1.30482
2013.03.06 00:00:51.390,1.30475,1.3048
2013.03.06 00:00:53.109,1.30475,1.3048
2013.03.06 00:00:56.059,1.30475,1.30483
2013.03.06 00:00:56.180,1.3048,1.30483
2013.03.06 00:00:56.361,1.30481,1.30486
2013.03.06 00:00:56.660,1.30481,1.30486
2013.03.06 00:00:57.022,1.30481,1.30484
2013.03.06 00:00:57.571,1.30479,1.30485
2013.03.06 00:00:57.632,1.30479,1.30485
2013.03.06 00:00:58.180,1.30479,1.30483
2013.03.06 00:01:00.909,1.30479,1.30485
2013.03.06 00:01:01.210,1.30481,1.30486
2013.03.06 00:01:01.750,1.30481,1.30486
2013.03.06 00:01:19.850,1.30479,1.30484
2013.03.06 00:01:20.351,1.3048,1.30484
2013.03.06 00:01:20.890,1.30479,1.30484
2013.03.06 00:01:24.139,1.30478,1.30485
2013.03.06 00:01:24.259,1.30479,1.30483
2013.03.06 00:01:27.007,1.30478,1.30484
2013.03.06 00:01:27.171,1.30478,1.30484
2013.03.06 00:01:27.289,1.30478,1.30484
2013.03.06 00:01:27.590,1.3048,1.30487
2013.03.06 00:01:27.890,1.30479,1.30484
2013.03.06 00:01:44.939,1.30478,1.30484
2013.03.06 00:02:00.209,1.30478,1.30484
2013.03.06 00:02:08.089,1.30478,1.30484
2013.03.06 00:02:24.779,1.30478,1.30485
2013.03.06 00:02:38.711,1.30476,1.30483
2013.03.06 00:02:41.190,1.30477,1.30483
2013.03.06 00:02:50.431,1.30475,1.30483
2013.03.06 00:02:50.940,1.30476,1.30483
2013.03.06 00:02:53.169,1.30476,1.30483
2013.03.06 00:02:57.260,1.30476,1.30483
2013.03.06 00:02:57.853,1.30476,1.30483
2013.03.06 00:03:01.020,1.30476,1.30483
2013.03.06 00:03:14.850,1.30476,1.30483
2013.03.06 00:03:19.844,1.30476,1.30483
2013.03.06 00:03:20.379,1.30476,1.30483
2013.03.06 00:03:43.184,1.30476,1.30483
2013.03.06 00:03:45.929,1.30478,1.30485
2013.03.06 00:03:46.231,1.30482,1.30486
2013.03.06 00:03:46.301,1.30482,1.30488
2013.03.06 00:03:46.420,1.30483,1.30488
2013.03.06 00:03:46.659,1.30484,1.3049
2013.03.06 00:03:47.201,1.30484,1.30491
2013.03.06 00:03:50.842,1.30484,1.3049
2013.03.06 00:03:52.186,1.30484,1.3049
2013.03.06 00:03:53.210,1.30484,1.30491
2013.03.06 00:03:53.270,1.30484,1.30491
2013.03.06 00:03:55.441,1.30485,1.30491
2013.03.06 00:03:55.513,1.30484,1.3049
2013.03.06 00:03:57.402,1.30483,1.30489
2013.03.06 00:03:57.472,1.30479,1.30486
2013.03.06 00:03:57.670,1.30479,1.30485
2013.03.06 00:03:57.922,1.30477,1.30485
2013.03.06 00:03:57.990,1.30477,1.30483
2013.03.06 00:03:58.230,1.30473,1.30481
2013.03.06 00:03:58.471,1.30472,1.30479
2013.03.06 00:03:59.013,1.30474,1.30481
2013.03.06 00:04:00.560,1.30474,1.30481
2013.03.06 00:04:01.100,1.30472,1.30479
2013.03.06 00:04:23.841,1.30474,1.30481
2013.03.06 00:04:29.320,1.30475,1.30481
2013.03.06 00:04:29.859,1.30475,1.30481
2013.03.06 00:04:44.081,1.30475,1.30482
2013.03.06 00:04:48.369,1.30475,1.30482
2013.03.06 00:04:53.979,1.30475,1.30482
2013.03.06 00:04:54.529,1.30475,1.30482
2013.03.06 00:04:55.040,1.30475,1.30482
2013.03.06 00:04:59.097,1.30475,1.30482
2013.03.06 00:05:30.719,1.30475,1.30483
2013.03.06 00:05:33.122,1.30477,1.30484
2013.03.06 00:05:33.709,1.30477,1.30485
2013.03.06 00:05:34.329,1.30477,1.30485
2013.03.06 00:05:34.874,1.30477,1.30485
2013.03.06 00:05:36.219,1.30477,1.30485
2013.03.06 00:05:36.760,1.30477,1.30485
2013.03.06 00:05:37.303,1.30477,1.30485
2013.03.06 00:05:39.481,1.30477,1.30484
2013.03.06 00:05:39.540,1.30477,1.30482
2013.03.06 00:05:40.092,1.30476,1.30482
2013.03.06 00:06:06.231,1.30476,1.30482
2013.03.06 00:06:06.372,1.30477,1.30483
2013.03.06 00:06:14.050,1.30477,1.30483
2013.03.06 00:06:14.350,1.30474,1.30481
2013.03.06 00:06:14.651,1.30474,1.3048
2013.03.06 00:06:15.170,1.30474,1.30481
2013.03.06 00:06:26.860,1.30473,1.3048
2013.03.06 00:06:27.102,1.30471,1.30475
2013.03.06 00:06:27.171,1.30468,1.30474
2013.03.06 00:06:29.139,1.30468,1.30472
2013.03.06 00:06:30.020,1.30466,1.30472
2013.03.06 00:06:30.974,1.30465,1.30471
2013.03.06 00:06:31.099,1.30466,1.30472
2013.03.06 00:06:31.279,1.30465,1.30472
2013.03.06 00:06:31.639,1.30465,1.30472
2013.03.06 00:06:32.199,1.30465,1.30471
2013.03.06 00:06:33.260,1.30465,1.3047
2013.03.06 00:06:33.799,1.30464,1.30471
2013.03.06 00:06:39.340,1.30464,1.30471
2013.03.06 00:06:42.459,1.30464,1.30471
2013.03.06 00:06:43.152,1.30466,1.30472
2013.03.06 00:06:43.860,1.30466,1.30472
2013.03.06 00:06:54.502,1.30467,1.30472
2013.03.06 00:06:55.051,1.30468,1.30474
2013.03.06 00:06:57.120,1.30468,1.30474
2013.03.06 00:06:58.184,1.30468,1.30474
2013.03.06 00:06:58.502,1.3047,1.30477
2013.03.06 00:06:59.049,1.30471,1.30478
2013.03.06 00:06:59.821,1.30471,1.30479
2013.03.06 00:07:00.580,1.30473,1.30478
2013.03.06 00:07:00.939,1.30473,1.30479
2013.03.06 00:07:03.588,1.30474,1.3048
2013.03.06 00:07:03.662,1.30474,1.30481
2013.03.06 00:07:06.830,1.30474,1.30481
2013.03.06 00:07:08.220,1.30474,1.30481
2013.03.06 00:07:09.531,1.30474,1.30481
2013.03.06 00:07:11.890,1.30475,1.3048
2013.03.06 00:07:12.010,1.30475,1.30482
2013.03.06 00:07:15.220,1.30475,1.30482
2013.03.06 00:07:15.769,1.30473,1.30482
2013.03.06 00:07:16.192,1.30475,1.30484
2013.03.06 00:07:16.749,1.30475,1.30483
2013.03.06 00:07:24.170,1.30475,1.30483
2013.03.06 00:07:39.080,1.30475,1.30482
2013.03.06 00:07:39.743,1.30475,1.30483
2013.03.06 00:08:16.326,1.30476,1.30484
2013.03.06 00:08:24.199,1.30475,1.30484
2013.03.06 00:08:48.579,1.30476,1.30483
2013.03.06 00:08:49.133,1.30476,1.30484
2013.03.06 00:08:50.760,1.30478,1.30484
2013.03.06 00:08:55.349,1.30477,1.30484
2013.03.06 00:08:55.529,1.30476,1.30483
2013.03.06 00:09:16.201,1.30476,1.30483
2013.03.06 00:09:19.929,1.30476,1.30483
2013.03.06 00:09:24.409,1.30475,1.30483
2013.03.06 00:09:25.514,1.30476,1.30484
2013.03.06 00:09:25.760,1.30476,1.30484
2013.03.06 00:09:37.630,1.30478,1.30485
2013.03.06 00:09:41.081,1.30478,1.30486
2013.03.06 00:09:44.049,1.30478,1.30486
2013.03.06 00:09:44.600,1.30478,1.30486
2013.03.06 00:09:45.570,1.30481,1.30486
2013.03.06 00:09:45.931,1.30484,1.30492
2013.03.06 00:09:46.051,1.30486,1.30492
2013.03.06 00:09:46.580,1.30486,1.30492
2013.03.06 00:09:48.381,1.30484,1.30492
2013.03.06 00:09:48.979,1.30484,1.30492
2013.03.06 00:09:51.271,1.30486,1.30492
2013.03.06 00:09:56.272,1.30486,1.30493
2013.03.06 00:09:57.721,1.30486,1.30493
2013.03.06 00:10:00.269,1.30485,1.30492
2013.03.06 00:10:00.393,1.30486,1.30494
2013.03.06 00:10:00.580,1.3049,1.30496
2013.03.06 00:10:00.702,1.3049,1.30496
2013.03.06 00:10:00.830,1.3049,1.30499
2013.03.06 00:10:01.010,1.30489,1.30497
2013.03.06 00:10:01.371,1.30491,1.30499
2013.03.06 00:10:01.431,1.30493,1.30499
2013.03.06 00:10:01.552,1.30493,1.30499
2013.03.06 00:10:01.672,1.30495,1.30502
2013.03.06 00:10:02.393,1.30495,1.30502
2013.03.06 00:10:02.520,1.30495,1.30501
2013.03.06 00:10:02.900,1.30493,1.30501
2013.03.06 00:10:06.919,1.30494,1.30501
2013.03.06 00:10:08.773,1.30496,1.30501
2013.03.06 00:10:09.081,1.30499,1.30502
2013.03.06 00:10:09.442,1.30499,1.30503
2013.03.06 00:10:11.071,1.30498,1.30506
2013.03.06 00:10:11.190,1.30499,1.30505
2013.03.06 00:10:11.813,1.30499,1.30505
2013.03.06 00:10:12.062,1.30498,1.30503
2013.03.06 00:10:12.372,1.30497,1.30501
2013.03.06 00:10:12.742,1.30495,1.30501
2013.03.06 00:10:13.290,1.30495,1.30501
2013.03.06 00:10:13.810,1.30492,1.305
2013.03.06 00:10:14.321,1.30492,1.305
2013.03.06 00:10:14.565,1.30492,1.30497
2013.03.06 00:10:14.692,1.30489,1.30496
2013.03.06 00:10:15.062,1.30486,1.30492
2013.03.06 00:10:15.124,1.30486,1.3049
2013.03.06 00:10:15.313,1.30481,1.30487
2013.03.06 00:10:15.622,1.30477,1.30484
2013.03.06 00:10:15.930,1.30479,1.30485
2013.03.06 00:10:17.359,1.30479,1.30484
2013.03.06 00:10:17.480,1.30479,1.30484
2013.03.06 00:10:17.539,1.30479,1.30486
2013.03.06 00:10:17.721,1.30481,1.30488
2013.03.06 00:10:17.840,1.30481,1.30488
2013.03.06 00:10:17.900,1.30481,1.30488
2013.03.06 00:10:18.649,1.30479,1.30486
2013.03.06 00:10:19.629,1.30479,1.30486
2013.03.06 00:10:22.970,1.3048,1.30487
2013.03.06 00:10:23.031,1.3048,1.30487
2013.03.06 00:10:24.620,1.3048,1.30487
2013.03.06 00:10:24.860,1.3048,1.30486
2013.03.06 00:10:26.923,1.30483,1.3049
2013.03.06 00:10:27.111,1.30483,1.3049
2013.03.06 00:10:40.902,1.30482,1.3049
2013.03.06 00:10:44.989,1.30483,1.3049
2013.03.06 00:10:46.210,1.30483,1.3049
2013.03.06 00:10:46.572,1.30483,1.3049
2013.03.06 00:10:47.190,1.30483,1.3049
2013.03.06 00:10:47.251,1.30484,1.30491
2013.03.06 00:10:47.312,1.30484,1.30491
2013.03.06 00:10:47.383,1.30485,1.30491
2013.03.06 00:10:47.930,1.30486,1.30492
2013.03.06 00:10:49.660,1.30485,1.30492
2013.03.06 00:10:49.781,1.30484,1.3049
2013.03.06 00:10:49.911,1.30484,1.3049
2013.03.06 00:10:50.456,1.30484,1.3049
2013.03.06 00:11:07.160,1.30484,1.30492
2013.03.06 00:11:07.931,1.30484,1.30492
2013.03.06 00:11:16.726,1.30484,1.30492
2013.03.06 00:11:42.590,1.30483,1.3049
2013.03.06 00:11:49.771,1.30483,1.3049
2013.03.06 00:12:01.601,1.30484,1.3049
2013.03.06 00:12:05.320,1.30483,1.3049
2013.03.06 00:12:05.687,1.30483,1.30488
2013.03.06 00:12:15.170,1.30483,1.30488
2013.03.06 00:12:15.351,1.30481,1.30488
2013.03.06 00:12:15.473,1.30478,1.30485
2013.03.06 00:12:15.602,1.30476,1.30481
2013.03.06 00:12:16.021,1.30473,1.30481
2013.03.06 00:12:20.110,1.30472,1.3048
2013.03.06 00:12:40.650,1.30473,1.30481
2013.03.06 00:12:42.091,1.3047,1.30477
2013.03.06 00:12:42.571,1.30469,1.30475
2013.03.06 00:12:42.690,1.30469,1.30476
2013.03.06 00:12:44.752,1.30471,1.30475
2013.03.06 00:12:45.180,1.30471,1.30478
2013.03.06 00:12:45.951,1.3047,1.30477
2013.03.06 00:12:52.171,1.3047,1.30477
2013.03.06 00:12:52.290,1.3047,1.30477
2013.03.06 00:12:52.871,1.30472,1.30479
2013.03.06 00:12:56.731,1.30472,1.3048
2013.03.06 00:12:56.850,1.30472,1.3048
2013.03.06 00:12:58.731,1.30472,1.3048
2013.03.06 00:13:02.593,1.30472,1.3048
2013.03.06 00:13:02.900,1.30473,1.30482
2013.03.06 00:13:08.400,1.30473,1.30482
2013.03.06 00:13:17.634,1.30471,1.30478
2013.03.06 00:13:17.704,1.3047,1.30478
2013.03.06 00:13:18.010,1.30469,1.30475
2013.03.06 00:13:18.190,1.30468,1.30473
2013.03.06 00:13:18.490,1.30465,1.30471
2013.03.06 00:13:19.040,1.30464,1.30471
2013.03.06 00:13:25.781,1.30465,1.30471
2013.03.06 00:13:30.182,1.30465,1.30471
2013.03.06 00:13:41.151,1.30465,1.30472
2013.03.06 00:13:47.505,1.30464,1.30471
2013.03.06 00:13:49.651,1.30464,1.30471
2013.03.06 00:13:52.077,1.30464,1.30471
2013.03.06 00:13:59.260,1.30464,1.30471
2013.03.06 00:13:59.321,1.30465,1.30472
2013.03.06 00:14:11.733,1.30464,1.30471
2013.03.06 00:14:26.242,1.30465,1.30473
2013.03.06 00:14:30.370,1.30465,1.30472
2013.03.06 00:14:32.390,1.30465,1.30472
2013.03.06 00:14:46.371,1.30465,1.30472
2013.03.06 00:14:48.521,1.30464,1.30471
2013.03.06 00:14:53.301,1.30466,1.30471
2013.03.06 00:14:57.529,1.30464,1.30471
2013.03.06 00:15:01.295,1.30466,1.30473
2013.03.06 00:15:01.601,1.30466,1.30473
2013.03.06 00:15:03.312,1.30466,1.30471
2013.03.06 00:15:04.292,1.30466,1.30471
2013.03.06 00:15:05.650,1.30466,1.30471
2013.03.06 00:15:09.363,1.30466,1.30471
2013.03.06 00:15:13.170,1.30466,1.30471
2013.03.06 00:15:13.731,1.30465,1.30471
2013.03.06 00:15:16.448,1.30467,1.30471
2013.03.06 00:15:18.681,1.30467,1.30471
2013.03.06 00:15:19.701,1.30465,1.30471
2013.03.06 00:15:24.698,1.30465,1.30471
2013.03.06 00:15:35.210,1.30467,1.30473
2013.03.06 00:15:37.968,1.30467,1.30472
2013.03.06 00:15:38.529,1.30467,1.30473
2013.03.06 00:15:40.480,1.30467,1.30474
2013.03.06 00:15:42.302,1.30467,1.30475
2013.03.06 00:15:42.361,1.30469,1.30475
2013.03.06 00:15:42.482,1.30471,1.30478
2013.03.06 00:15:42.541,1.30472,1.30479
2013.03.06 00:15:42.662,1.30472,1.30481
2013.03.06 00:15:43.031,1.30475,1.30483
2013.03.06 00:15:43.211,1.30475,1.30483
2013.03.06 00:15:49.952,1.30476,1.30483
2013.03.06 00:15:50.253,1.3048,1.30487
2013.03.06 00:15:50.562,1.30482,1.3049
2013.03.06 00:15:50.622,1.30482,1.30491
2013.03.06 00:15:51.163,1.30487,1.30492
2013.03.06 00:16:02.210,1.30485,1.30492
2013.03.06 00:16:02.331,1.30485,1.30492
2013.03.06 00:16:02.690,1.30485,1.30493
2013.03.06 00:16:09.149,1.30487,1.30493
2013.03.06 00:16:09.715,1.30487,1.30493
2013.03.06 00:16:10.878,1.30488,1.30495
2013.03.06 00:16:11.001,1.30488,1.30495
2013.03.06 00:16:11.361,1.30488,1.30497
2013.03.06 00:16:11.545,1.30491,1.30498
2013.03.06 00:16:11.672,1.30492,1.305
2013.03.06 00:16:11.731,1.30492,1.305
2013.03.06 00:16:12.272,1.30491,1.30499
2013.03.06 00:16:12.510,1.30495,1.305
2013.03.06 00:16:12.978,1.30496,1.305
2013.03.06 00:16:14.211,1.30495,1.305
2013.03.06 00:16:14.841,1.30495,1.305
2013.03.06 00:16:15.351,1.30495,1.30501
2013.03.06 00:16:22.152,1.30495,1.30501
2013.03.06 00:16:29.091,1.30495,1.30501
2013.03.06 00:16:32.953,1.30495,1.30502
2013.03.06 00:16:42.091,1.30495,1.30502
2013.03.06 00:16:45.287,1.30495,1.30501
2013.03.06 00:16:49.328,1.30494,1.30502
2013.03.06 00:16:49.404,1.30494,1.30502
2013.03.06 00:16:49.851,1.30494,1.305
2013.03.06 00:16:50.091,1.30495,1.305
2013.03.06 00:16:55.991,1.30493,1.30501
2013.03.06 00:16:56.530,1.30495,1.30501
2013.03.06 00:17:01.985,1.30495,1.30502
2013.03.06 00:17:09.240,1.30495,1.30501
2013.03.06 00:17:11.901,1.30495,1.30501
2013.03.06 00:17:12.150,1.30494,1.30501
2013.03.06 00:17:14.320,1.30494,1.30501
2013.03.06 00:17:29.041,1.30494,1.30501
2013.03.06 00:17:34.671,1.30494,1.30501
2013.03.06 00:17:37.422,1.30494,1.30501
2013.03.06 00:17:43.290,1.30494,1.30502
2013.03.06 00:17:43.885,1.30494,1.30501
2013.03.06 00:17:54.090,1.30494,1.30502
2013.03.06 00:17:55.301,1.30494,1.30502
2013.03.06 00:17:56.097,1.30492,1.305
2013.03.06 00:17:56.640,1.30491,1.305
2013.03.06 00:18:01.020,1.30491,1.30499
2013.03.06 00:18:01.561,1.3049,1.30496
2013.03.06 00:18:01.992,1.30488,1.30494
2013.03.06 00:18:02.110,1.30488,1.30494
2013.03.06 00:18:03.931,1.30488,1.30494
2013.03.06 00:18:04.480,1.30489,1.30495
2013.03.06 00:18:09.131,1.30488,1.30494
2013.03.06 00:18:12.021,1.30488,1.30494
2013.03.06 00:18:12.323,1.30488,1.30494
2013.03.06 00:18:12.452,1.30487,1.30492
2013.03.06 00:18:12.631,1.30485,1.30492
2013.03.06 00:18:12.813,1.30484,1.3049
2013.03.06 00:18:15.264,1.30485,1.30492
2013.03.06 00:18:15.331,1.30485,1.30492
2013.03.06 00:18:16.283,1.30485,1.30494
2013.03.06 00:18:18.121,1.30485,1.30494
2013.03.06 00:18:18.670,1.30485,1.30494
2013.03.06 00:18:21.091,1.30485,1.30494
2013.03.06 00:18:21.271,1.30485,1.30494
2013.03.06 00:18:22.001,1.30485,1.30492
2013.03.06 00:18:33.937,1.30485,1.30493
2013.03.06 00:18:41.242,1.30485,1.30493
2013.03.06 00:18:53.552,1.30485,1.30493
2013.03.06 00:18:54.242,1.30485,1.30494
2013.03.06 00:18:54.751,1.30485,1.30493
2013.03.06 00:18:55.711,1.30485,1.30493
2013.03.06 00:19:01.108,1.30485,1.30493
2013.03.06 00:19:14.042,1.30484,1.30493
2013.03.06 00:19:14.591,1.30484,1.30493
2013.03.06 00:19:17.965,1.30484,1.30493
2013.03.06 00:19:21.081,1.30484,1.30493
2013.03.06 00:19:23.597,1.30484,1.30491
2013.03.06 00:19:23.662,1.30483,1.3049
2013.03.06 00:19:24.021,1.30483,1.30489
2013.03.06 00:19:24.262,1.30483,1.30489
2013.03.06 00:19:32.931,1.30481,1.30489
2013.03.06 00:19:38.531,1.30483,1.30489
2013.03.06 00:19:38.591,1.30483,1.30489
2013.03.06 00:19:39.262,1.30482,1.30489
2013.03.06 00:19:41.181,1.30481,1.30489
2013.03.06 00:19:48.662,1.30481,1.30489
2013.03.06 00:19:51.801,1.30482,1.30489
2013.03.06 00:19:54.091,1.30482,1.30489
2013.03.06 00:20:10.012,1.30481,1.30489
2013.03.06 00:20:10.783,1.30481,1.30489
2013.03.06 00:20:12.093,1.30483,1.30491
2013.03.06 00:20:12.603,1.30483,1.30491
2013.03.06 00:20:41.182,1.30483,1.30489
2013.03.06 00:20:42.571,1.30483,1.3049
2013.03.06 00:20:43.147,1.30484,1.30491
2013.03.06 00:20:43.672,1.30484,1.30493
2013.03.06 00:20:47.277,1.30485,1.30493
2013.03.06 00:20:49.606,1.30485,1.30493
2013.03.06 00:21:02.183,1.30484,1.30493
2013.03.06 00:21:08.154,1.30484,1.30493
2013.03.06 00:21:13.332,1.30484,1.30492
2013.03.06 00:21:14.613,1.30484,1.30493
2013.03.06 00:21:15.301,1.30485,1.30493
2013.03.06 00:21:16.041,1.30485,1.30493
2013.03.06 00:21:20.612,1.30484,1.30493
2013.03.06 00:21:21.331,1.30484,1.30493
2013.03.06 00:22:02.790,1.30484,1.30492
2013.03.06 00:22:03.573,1.30484,1.3049
2013.03.06 00:22:04.262,1.30484,1.3049
2013.03.06 00:22:04.444,1.30483,1.30488
2013.03.06 00:22:04.752,1.30482,1.30486
2013.03.06 00:22:06.752,1.30482,1.30486
2013.03.06 00:22:07.172,1.30479,1.30484
2013.03.06 00:22:07.353,1.3048,1.30486
2013.03.06 00:22:07.533,1.30483,1.3049
2013.03.06 00:22:07.902,1.30483,1.3049
2013.03.06 00:22:10.631,1.30483,1.3049
2013.03.06 00:22:18.696,1.30483,1.3049
2013.03.06 00:22:20.451,1.30483,1.30488
2013.03.06 00:22:23.024,1.30483,1.30489
2013.03.06 00:22:24.371,1.30483,1.30488
2013.03.06 00:22:25.985,1.30483,1.30489
2013.03.06 00:22:30.616,1.30483,1.3049
2013.03.06 00:22:30.744,1.30484,1.30491
2013.03.06 00:22:32.082,1.30487,1.30493
2013.03.06 00:22:33.235,1.30487,1.30493
2013.03.06 00:22:43.652,1.30487,1.30494
2013.03.06 00:22:45.112,1.30488,1.30495
2013.03.06 00:22:45.174,1.30489,1.30495
2013.03.06 00:22:45.363,1.30492,1.30499
2013.03.06 00:22:45.422,1.30493,1.305
2013.03.06 00:22:45.671,1.30493,1.30501
2013.03.06 00:22:58.282,1.30495,1.30502
2013.03.06 00:23:10.765,1.30497,1.30502
2013.03.06 00:23:10.954,1.30498,1.30505
2013.03.06 00:23:11.083,1.30498,1.30504
2013.03.06 00:23:12.752,1.30498,1.30505
2013.03.06 00:23:19.382,1.30496,1.30505
2013.03.06 00:23:19.502,1.30495,1.30503
2013.03.06 00:23:19.862,1.30496,1.30503
2013.03.06 00:23:26.722,1.30495,1.30503
2013.03.06 00:23:57.202,1.30495,1.30503
2013.03.06 00:24:10.165,1.30496,1.30504
2013.03.06 00:24:12.751,1.30496,1.30504
2013.03.06 00:24:21.543,1.30496,1.30502
2013.03.06 00:24:21.602,1.30494,1.30502
2013.03.06 00:25:21.560,1.30493,1.30502
2013.03.06 00:25:47.366,1.30493,1.30501
2013.03.06 00:25:48.081,1.30493,1.30501
2013.03.06 00:26:16.272,1.30495,1.30503
2013.03.06 00:26:16.513,1.30498,1.30503
2013.03.06 00:26:17.472,1.30496,1.30504
2013.03.06 00:26:19.182,1.30499,1.30504
2013.03.06 00:26:19.243,1.305,1.30506
2013.03.06 00:26:19.423,1.30501,1.30507
2013.03.06 00:26:19.494,1.30503,1.30509
2013.03.06 00:26:19.682,1.30503,1.30509
2013.03.06 00:26:20.982,1.30503,1.30509
2013.03.06 00:26:22.262,1.30503,1.30509
2013.03.06 00:26:49.543,1.30503,1.30509
2013.03.06 00:26:50.063,1.30502,1.30509
2013.03.06 00:26:50.602,1.30502,1.30508
2013.03.06 00:26:56.164,1.30501,1.30508
2013.03.06 00:27:02.118,1.30501,1.30508
2013.03.06 00:27:08.112,1.30501,1.30508
2013.03.06 00:27:13.903,1.30502,1.3051
2013.03.06 00:27:17.082,1.30503,1.3051
2013.03.06 00:27:27.074,1.30506,1.30512
2013.03.06 00:27:27.263,1.30508,1.30514
2013.03.06 00:27:27.384,1.30508,1.30514
2013.03.06 00:27:27.505,1.30507,1.30514
2013.03.06 00:27:27.814,1.30506,1.30513
2013.03.06 00:27:28.182,1.30504,1.30512
2013.03.06 00:27:30.303,1.30505,1.30512
2013.03.06 00:27:31.384,1.30503,1.30509
2013.03.06 00:27:31.922,1.30502,1.30509
2013.03.06 00:27:33.802,1.30503,1.30509
2013.03.06 00:27:35.953,1.30502,1.30509
2013.03.06 00:27:45.983,1.30504,1.3051
2013.03.06 00:27:46.042,1.30505,1.30509
2013.03.06 00:27:47.983,1.30504,1.30511
2013.03.06 00:27:48.522,1.30504,1.30509
2013.03.06 00:27:49.062,1.30504,1.30509
2013.03.06 00:27:54.832,1.30504,1.30509
2013.03.06 00:28:01.853,1.30503,1.30509
2013.03.06 00:28:09.782,1.30504,1.30511
2013.03.06 00:28:11.658,1.30504,1.30511
2013.03.06 00:28:11.823,1.30504,1.30511
2013.03.06 00:28:16.331,1.30504,1.30511
2013.03.06 00:28:16.765,1.30506,1.30513
2013.03.06 00:28:16.893,1.30507,1.30513
2013.03.06 00:28:23.133,1.30506,1.30513
2013.03.06 00:28:23.262,1.30506,1.30513
2013.03.06 00:28:23.982,1.30505,1.30513
2013.03.06 00:28:26.332,1.30505,1.30513
2013.03.06 00:28:28.752,1.30505,1.30513
2013.03.06 00:28:30.963,1.30505,1.30512
2013.03.06 00:28:35.693,1.30505,1.30512
2013.03.06 00:28:43.560,1.30504,1.30512
2013.03.06 00:28:47.942,1.30505,1.30512
2013.03.06 00:28:50.573,1.30505,1.30513
2013.03.06 00:28:50.821,1.30505,1.30513
2013.03.06 00:29:01.713,1.30504,1.30511
2013.03.06 00:29:02.218,1.30504,1.30511
2013.03.06 00:29:03.082,1.30504,1.30511
2013.03.06 00:29:03.612,1.30504,1.30511
2013.03.06 00:29:04.146,1.30504,1.30511
2013.03.06 00:29:05.832,1.30504,1.30511
2013.03.06 00:29:10.762,1.30504,1.30512
2013.03.06 00:29:12.562,1.30504,1.30513
2013.03.06 00:29:12.863,1.30504,1.30513
2013.03.06 00:29:13.873,1.30504,1.3051
2013.03.06 00:29:14.433,1.30503,1.3051
2013.03.06 00:29:19.465,1.30503,1.3051
2013.03.06 00:29:19.783,1.30503,1.3051
2013.03.06 00:29:19.843,1.30503,1.3051
2013.03.06 00:29:21.187,1.30502,1.30508
2013.03.06 00:29:21.673,1.30502,1.30508
2013.03.06 00:29:22.332,1.30504,1.3051
2013.03.06 00:29:22.882,1.30504,1.3051
2013.03.06 00:29:24.331,1.30504,1.3051
2013.03.06 00:29:25.342,1.30504,1.3051
2013.03.06 00:29:27.492,1.30504,1.3051
2013.03.06 00:29:28.055,1.30504,1.3051
2013.03.06 00:29:29.003,1.30504,1.3051
2013.03.06 00:29:31.724,1.30504,1.30511
2013.03.06 00:29:32.452,1.30504,1.30511
2013.03.06 00:29:32.632,1.30504,1.30511
2013.03.06 00:29:34.033,1.30504,1.30511
2013.03.06 00:29:34.514,1.30504,1.30508
2013.03.06 00:29:35.479,1.30503,1.30509
2013.03.06 00:29:35.793,1.30505,1.30512
2013.03.06 00:29:35.913,1.30508,1.30513
2013.03.06 00:29:35.973,1.30508,1.30515
2013.03.06 00:29:36.093,1.30507,1.30514
2013.03.06 00:29:36.214,1.30506,1.30512
2013.03.06 00:29:37.544,1.30506,1.30512
2013.03.06 00:29:39.473,1.30505,1.30512
2013.03.06 00:29:39.654,1.30504,1.30511
2013.03.06 00:29:39.837,1.30509,1.30515
2013.03.06 00:29:40.202,1.30509,1.30515
2013.03.06 00:29:40.722,1.30509,1.30515
2013.03.06 00:29:41.234,1.30509,1.30515
2013.03.06 00:29:41.773,1.30509,1.30515
2013.03.06 00:29:42.854,1.30509,1.30515
2013.03.06 00:29:43.393,1.3051,1.30514
2013.03.06 00:29:43.702,1.30509,1.30513
2013.03.06 00:29:43.834,1.30509,1.30513
2013.03.06 00:29:44.672,1.30509,1.30513
2013.03.06 00:29:45.173,1.30508,1.30512
2013.03.06 00:29:45.354,1.30505,1.3051
2013.03.06 00:29:45.543,1.30504,1.3051
2013.03.06 00:29:46.094,1.30504,1.30509
2013.03.06 00:29:47.945,1.30505,1.3051
2013.03.06 00:29:49.653,1.30506,1.3051
2013.03.06 00:29:49.955,1.3051,1.30514
2013.03.06 00:29:50.084,1.30507,1.30513
2013.03.06 00:29:50.566,1.30507,1.30513
2013.03.06 00:29:50.782,1.30506,1.30513
2013.03.06 00:29:51.302,1.30506,1.30513
2013.03.06 00:29:51.543,1.30507,1.30513
2013.03.06 00:29:51.843,1.30506,1.30514
2013.03.06 00:29:52.635,1.3051,1.30516
2013.03.06 00:29:55.473,1.30509,1.30515
2013.03.06 00:29:56.047,1.30508,1.30515
2013.03.06 00:30:00.163,1.30508,1.30515
2013.03.06 00:30:01.264,1.30507,1.30515
2013.03.06 00:30:02.104,1.30507,1.30515
2013.03.06 00:30:03.503,1.30507,1.30515
2013.03.06 00:30:04.397,1.30509,1.30517
2013.03.06 00:30:04.607,1.30511,1.30518
2013.03.06 00:30:04.853,1.30511,1.30518
2013.03.06 00:30:05.179,1.3051,1.30517
2013.03.06 00:30:05.724,1.3051,1.30517
2013.03.06 00:30:06.084,1.3051,1.30517
2013.03.06 00:30:07.343,1.3051,1.30516
2013.03.06 00:30:09.806,1.3051,1.30515
2013.03.06 00:30:10.265,1.30507,1.30512
2013.03.06 00:30:10.335,1.30504,1.3051
2013.03.06 00:30:10.523,1.30502,1.3051
2013.03.06 00:30:10.824,1.305,1.30509
2013.03.06 00:30:11.184,1.305,1.30507
2013.03.06 00:30:11.483,1.305,1.30507
2013.03.06 00:30:11.903,1.30502,1.30509
2013.03.06 00:30:12.224,1.305,1.3051
2013.03.06 00:30:12.473,1.305,1.30509
2013.03.06 00:30:13.013,1.305,1.30507
2013.03.06 00:30:13.762,1.30501,1.30508
2013.03.06 00:30:13.844,1.30501,1.30508
2013.03.06 00:30:14.453,1.30501,1.30509
2013.03.06 00:30:15.080,1.305,1.30508
2013.03.06 00:30:15.656,1.305,1.30507
2013.03.06 00:30:18.002,1.305,1.30509
2013.03.06 00:30:18.134,1.30501,1.30509
2013.03.06 00:30:18.673,1.30501,1.30508
2013.03.06 00:30:19.035,1.30504,1.30511
2013.03.06 00:30:19.104,1.30505,1.30513
2013.03.06 00:30:19.163,1.30505,1.30513
2013.03.06 00:30:19.705,1.30506,1.30512
2013.03.06 00:30:20.013,1.30506,1.30513
2013.03.06 00:30:20.523,1.30506,1.30514
2013.03.06 00:30:20.883,1.30509,1.30515
2013.03.06 00:30:21.003,1.30509,1.30515
2013.03.06 00:30:21.183,1.30509,1.30516
2013.03.06 00:30:21.304,1.30509,1.30518
2013.03.06 00:30:21.928,1.30512,1.30518
2013.03.06 00:30:22.233,1.30512,1.30518
2013.03.06 00:30:22.473,1.30512,1.30519
2013.03.06 00:30:22.784,1.30512,1.3052
2013.03.06 00:30:23.262,1.30519,1.30527
2013.03.06 00:30:23.393,1.30518,1.30527
2013.03.06 00:30:23.753,1.3052,1.30528
2013.03.06 00:30:23.994,1.30521,1.3053
2013.03.06 00:30:24.234,1.30523,1.3053
2013.03.06 00:30:24.652,1.30522,1.30528
2013.03.06 00:30:24.952,1.30522,1.3053
2013.03.06 00:30:25.192,1.30522,1.3053
2013.03.06 00:30:25.704,1.30522,1.3053
2013.03.06 00:30:26.248,1.30522,1.30531
2013.03.06 00:30:26.795,1.30522,1.30531
2013.03.06 00:30:26.864,1.30524,1.30533
2013.03.06 00:30:26.923,1.30524,1.30534
2013.03.06 00:30:26.982,1.30526,1.30534
2013.03.06 00:30:27.462,1.30527,1.30535
2013.03.06 00:30:27.945,1.3053,1.30536
2013.03.06 00:30:28.475,1.30528,1.30535
2013.03.06 00:30:29.092,1.30528,1.30536
2013.03.06 00:30:29.153,1.30528,1.30535
2013.03.06 00:30:30.674,1.30528,1.30535
2013.03.06 00:30:32.013,1.30528,1.30534
2013.03.06 00:30:33.178,1.30527,1.30534
2013.03.06 00:30:33.724,1.30526,1.30534
2013.03.06 00:30:34.274,1.30526,1.30533
2013.03.06 00:30:34.703,1.30526,1.30533
2013.03.06 00:30:36.264,1.30526,1.30532
2013.03.06 00:30:37.533,1.30526,1.30532
2013.03.06 00:30:37.593,1.30526,1.30532
2013.03.06 00:30:38.253,1.30526,1.30532
2013.03.06 00:30:39.239,1.30526,1.30532
2013.03.06 00:30:43.023,1.30525,1.30532
2013.03.06 00:30:45.453,1.30525,1.30532
2013.03.06 00:30:50.353,1.30525,1.30532
2013.03.06 00:30:51.023,1.30524,1.3053
2013.03.06 00:30:51.099,1.30524,1.30532
2013.03.06 00:30:51.743,1.30524,1.30533
2013.03.06 00:30:52.282,1.30526,1.30533
2013.03.06 00:30:53.055,1.30527,1.30535
2013.03.06 00:30:53.129,1.30528,1.30535
2013.03.06 00:30:53.683,1.30529,1.30535
2013.03.06 00:30:53.877,1.30529,1.30537
2013.03.06 00:30:54.263,1.30529,1.30537
2013.03.06 00:30:55.045,1.30528,1.30535
2013.03.06 00:30:55.233,1.30528,1.30534
2013.03.06 00:30:56.983,1.30527,1.30534
2013.03.06 00:31:02.094,1.30526,1.30533
2013.03.06 00:31:12.962,1.30524,1.30531
2013.03.06 00:31:21.453,1.30524,1.30531
2013.03.06 00:31:23.264,1.30524,1.30531
2013.03.06 00:31:28.393,1.30524,1.30532
2013.03.06 00:31:33.304,1.30523,1.30529
2013.03.06 00:31:33.373,1.30523,1.30529
2013.03.06 00:31:33.673,1.30524,1.3053
2013.03.06 00:31:33.733,1.30524,1.3053
2013.03.06 00:31:35.313,1.30524,1.30531
2013.03.06 00:31:35.616,1.30525,1.30534
2013.03.06 00:31:35.686,1.30526,1.30534
2013.03.06 00:31:36.063,1.30526,1.30534
2013.03.06 00:31:36.673,1.30525,1.30532
2013.03.06 00:31:36.793,1.30524,1.30531
2013.03.06 00:31:36.913,1.30524,1.30531
2013.03.06 00:31:37.035,1.30524,1.30531
2013.03.06 00:31:37.402,1.30526,1.30533
2013.03.06 00:31:40.003,1.30526,1.30534
2013.03.06 00:31:40.193,1.30526,1.30535
2013.03.06 00:31:40.616,1.30529,1.30537
2013.03.06 00:31:41.164,1.30529,1.30536
2013.03.06 00:31:41.712,1.30529,1.30536
2013.03.06 00:31:42.174,1.30529,1.30536
2013.03.06 00:31:42.694,1.30529,1.30536
2013.03.06 00:31:45.002,1.3053,1.30536
2013.03.06 00:31:45.543,1.30531,1.30536
2013.03.06 00:31:46.433,1.30536,1.30545
2013.03.06 00:31:46.564,1.30539,1.30548
2013.03.06 00:31:46.624,1.30539,1.30547
2013.03.06 00:31:46.684,1.30539,1.30544
2013.03.06 00:31:46.821,1.30535,1.30541
2013.03.06 00:31:47.123,1.30532,1.30538
2013.03.06 00:31:47.306,1.30533,1.30539
2013.03.06 00:31:47.624,1.30533,1.3054
2013.03.06 00:31:47.744,1.30532,1.30538
2013.03.06 00:31:48.283,1.30531,1.30537
2013.03.06 00:31:48.403,1.30531,1.30537
2013.03.06 00:31:48.583,1.30532,1.3054
2013.03.06 00:31:49.123,1.30533,1.30542
2013.03.06 00:31:49.544,1.30535,1.30542
2013.03.06 00:31:49.862,1.30535,1.30542
2013.03.06 00:31:50.380,1.30532,1.30539
2013.03.06 00:31:50.781,1.30532,1.30538
2013.03.06 00:31:51.334,1.30532,1.30538
2013.03.06 00:31:52.263,1.30531,1.30538
2013.03.06 00:31:52.823,1.3053,1.30537
2013.03.06 00:31:53.256,1.30531,1.30538
2013.03.06 00:31:53.593,1.30531,1.30538
2013.03.06 00:31:54.061,1.30531,1.30538
2013.03.06 00:31:54.583,1.30531,1.30538
2013.03.06 00:31:55.434,1.30532,1.30538
2013.03.06 00:31:56.608,1.30533,1.30539
2013.03.06 00:31:57.163,1.30533,1.30539
2013.03.06 00:31:57.794,1.30532,1.30539
2013.03.06 00:31:59.173,1.30532,1.30539
2013.03.06 00:32:00.813,1.30533,1.30539
2013.03.06 00:32:01.815,1.30532,1.3054
2013.03.06 00:32:02.344,1.30532,1.3054
2013.03.06 00:32:03.453,1.30531,1.3054
2013.03.06 00:32:09.346,1.30533,1.30537
2013.03.06 00:32:09.884,1.30532,1.30536
2013.03.06 00:32:17.313,1.30532,1.30536
2013.03.06 00:32:17.617,1.30525,1.30534
2013.03.06 00:32:18.605,1.30525,1.30532
2013.03.06 00:32:19.745,1.30524,1.30531
2013.03.06 00:32:20.253,1.30526,1.30531
2013.03.06 00:32:20.443,1.30526,1.30534
2013.03.06 00:32:20.563,1.30526,1.30534
2013.03.06 00:32:21.102,1.30526,1.30534
2013.03.06 00:32:22.576,1.30529,1.30534
2013.03.06 00:32:23.239,1.30529,1.30535
2013.03.06 00:32:23.376,1.30529,1.30535
2013.03.06 00:32:23.683,1.30528,1.30536
2013.03.06 00:32:24.286,1.30529,1.30538
2013.03.06 00:32:28.751,1.30531,1.30538
2013.03.06 00:32:34.804,1.30532,1.30538
2013.03.06 00:32:36.450,1.30532,1.30538
2013.03.06 00:32:36.675,1.30531,1.30538
2013.03.06 00:32:39.382,1.30532,1.30539
2013.03.06 00:32:39.623,1.30532,1.30539
2013.03.06 00:32:42.263,1.30532,1.30538
2013.03.06 00:32:42.854,1.30532,1.30537
2013.03.06 00:32:43.153,1.30531,1.30537
2013.03.06 00:32:43.724,1.30531,1.30537
2013.03.06 00:32:47.560,1.30531,1.30538
2013.03.06 00:32:51.512,1.30531,1.30538
2013.03.06 00:32:56.038,1.30531,1.30538
2013.03.06 00:32:56.963,1.30531,1.30539
2013.03.06 00:32:57.024,1.30532,1.30538
2013.03.06 00:32:57.084,1.30533,1.3054
2013.03.06 00:32:57.144,1.30534,1.30543
2013.03.06 00:32:57.503,1.30535,1.30543
2013.03.06 00:32:57.563,1.30535,1.30542
2013.03.06 00:32:58.481,1.30534,1.30541
2013.03.06 00:33:02.263,1.30534,1.3054
2013.03.06 00:33:14.093,1.30533,1.3054
2013.03.06 00:33:23.230,1.30532,1.30536
2013.03.06 00:33:24.242,1.30532,1.3054
2013.03.06 00:33:25.540,1.30532,1.30539
2013.03.06 00:33:31.853,1.30532,1.30539
2013.03.06 00:33:34.282,1.30532,1.30539
2013.03.06 00:33:37.485,1.30532,1.30539
2013.03.06 00:33:40.215,1.30532,1.30538
2013.03.06 00:33:40.852,1.30532,1.30538
2013.03.06 00:33:41.636,1.3053,1.30535
2013.03.06 00:33:41.704,1.3053,1.30535
2013.03.06 00:33:41.763,1.3053,1.30535
2013.03.06 00:33:41.946,1.30524,1.30532
2013.03.06 00:33:42.194,1.30524,1.30532
2013.03.06 00:33:42.551,1.30524,1.30532
2013.03.06 00:33:43.063,1.30524,1.30532
2013.03.06 00:33:44.062,1.30524,1.30531
2013.03.06 00:33:46.052,1.30524,1.30531
2013.03.06 00:33:46.753,1.30522,1.30529
2013.03.06 00:33:46.813,1.30522,1.30529
2013.03.06 00:33:47.057,1.30521,1.30529
2013.03.06 00:33:47.609,1.30523,1.30531
2013.03.06 00:33:48.573,1.30522,1.30531
2013.03.06 00:33:49.582,1.30522,1.30529
2013.03.06 00:33:53.074,1.30523,1.30529
2013.03.06 00:33:53.372,1.30523,1.30531
2013.03.06 00:33:57.343,1.30524,1.30531
2013.03.06 00:33:59.302,1.30523,1.30531
2013.03.06 00:33:59.744,1.30523,1.30529
2013.03.06 00:33:59.996,1.3052,1.30525
2013.03.06 00:34:00.304,1.3052,1.30528
2013.03.06 00:34:00.663,1.30522,1.3053
2013.03.06 00:34:00.783,1.30523,1.3053
2013.03.06 00:34:01.573,1.30523,1.3053
2013.03.06 00:34:04.083,1.30525,1.30532
2013.03.06 00:34:04.782,1.30525,1.30532
2013.03.06 00:34:05.292,1.30525,1.30532
2013.03.06 00:34:11.272,1.30524,1.30532
2013.03.06 00:34:11.692,1.30523,1.3053
2013.03.06 00:34:21.803,1.30524,1.30532
2013.03.06 00:34:25.547,1.30524,1.3053
2013.03.06 00:34:26.103,1.30523,1.30531
2013.03.06 00:34:27.054,1.30521,1.30529
2013.03.06 00:34:27.268,1.3052,1.30526
2013.03.06 00:34:27.335,1.3052,1.30526
2013.03.06 00:34:27.693,1.30523,1.3053
2013.03.06 00:34:57.222,1.30523,1.3053
2013.03.06 00:34:57.947,1.30523,1.3053
2013.03.06 00:34:59.673,1.30523,1.30531
2013.03.06 00:35:11.424,1.30527,1.30534
2013.03.06 00:35:11.804,1.30527,1.30534
2013.03.06 00:35:16.182,1.30529,1.30534
2013.03.06 00:35:22.214,1.30529,1.30535
2013.03.06 00:35:22.335,1.30528,1.30535
2013.03.06 00:35:23.485,1.30531,1.30538
2013.03.06 00:35:23.843,1.30532,1.3054
2013.03.06 00:35:30.562,1.30534,1.30539
2013.03.06 00:35:30.622,1.30534,1.30539
2013.03.06 00:35:33.083,1.30533,1.30539
2013.03.06 00:35:34.193,1.30534,1.30539
2013.03.06 00:35:35.043,1.30534,1.30539
2013.03.06 00:35:37.182,1.30535,1.30539
2013.03.06 00:35:37.855,1.30535,1.30539
2013.03.06 00:35:40.234,1.30535,1.30539
2013.03.06 00:35:40.473,1.30533,1.30539
2013.03.06 00:35:41.323,1.30532,1.30539
2013.03.06 00:35:50.033,1.30532,1.30539
2013.03.06 00:35:50.732,1.30531,1.30539
2013.03.06 00:35:55.123,1.30531,1.30539
2013.03.06 00:36:02.234,1.30532,1.30537
2013.03.06 00:36:02.503,1.30531,1.30535
2013.03.06 00:36:02.692,1.30531,1.30535
2013.03.06 00:36:03.277,1.30531,1.30535
2013.03.06 00:36:04.353,1.30529,1.30535
2013.03.06 00:36:05.013,1.30529,1.30537
2013.03.06 00:36:05.519,1.30529,1.30538
2013.03.06 00:36:05.643,1.30529,1.30538
2013.03.06 00:36:05.773,1.30529,1.30538
2013.03.06 00:36:14.383,1.30532,1.30539
2013.03.06 00:36:15.484,1.30531,1.30539
2013.03.06 00:36:22.433,1.30532,1.30538
2013.03.06 00:36:25.014,1.30532,1.30539
2013.03.06 00:36:26.554,1.30532,1.30538
2013.03.06 00:36:27.334,1.3053,1.30536
2013.03.06 00:36:27.637,1.30534,1.30538
2013.03.06 00:36:27.704,1.30537,1.30542
2013.03.06 00:36:27.764,1.30537,1.30545
2013.03.06 00:36:27.824,1.30538,1.30545
2013.03.06 00:36:27.884,1.30538,1.30547
2013.03.06 00:36:28.244,1.30539,1.30548
2013.03.06 00:36:28.365,1.30541,1.30549
2013.03.06 00:36:28.722,1.30541,1.3055
2013.03.06 00:36:29.255,1.30541,1.3055
2013.03.06 00:36:35.984,1.30541,1.30547
2013.03.06 00:36:37.389,1.3054,1.30547
2013.03.06 00:36:37.515,1.3054,1.30545
2013.03.06 00:36:37.763,1.30537,1.30544
2013.03.06 00:36:38.123,1.30536,1.30544
2013.03.06 00:36:43.946,1.30537,1.30545
2013.03.06 00:36:44.014,1.30538,1.30547
2013.03.06 00:36:44.074,1.30539,1.30548
2013.03.06 00:36:46.214,1.3054,1.30548
2013.03.06 00:36:46.763,1.3054,1.30549
2013.03.06 00:36:47.724,1.3054,1.30546
2013.03.06 00:36:47.783,1.3054,1.30549
2013.03.06 00:36:48.505,1.30544,1.30548
2013.03.06 00:36:48.633,1.30544,1.30555
2013.03.06 00:36:49.183,1.30544,1.30551
2013.03.06 00:36:49.624,1.30543,1.30549
2013.03.06 00:36:49.743,1.30542,1.30549
2013.03.06 00:36:52.013,1.30541,1.30546
2013.03.06 00:36:52.078,1.30541,1.30546
2013.03.06 00:36:52.143,1.30541,1.30546
2013.03.06 00:37:05.275,1.30541,1.30547
2013.03.06 00:37:05.463,1.30541,1.30547
2013.03.06 00:37:08.774,1.3054,1.30547
2013.03.06 00:37:08.893,1.30541,1.30548
2013.03.06 00:37:09.193,1.30541,1.30548
2013.03.06 00:37:09.313,1.30541,1.30546
2013.03.06 00:37:10.303,1.30541,1.30546
2013.03.06 00:37:10.664,1.3054,1.30544
2013.03.06 00:37:10.855,1.30538,1.30544
2013.03.06 00:37:10.924,1.30537,1.30542
2013.03.06 00:37:11.043,1.30537,1.30543
2013.03.06 00:37:12.734,1.30537,1.30542
2013.03.06 00:37:13.945,1.30537,1.30541
2013.03.06 00:37:14.016,1.30537,1.30542
2013.03.06 00:37:14.220,1.30535,1.30545
2013.03.06 00:37:14.522,1.30533,1.30549
2013.03.06 00:37:14.824,1.30538,1.30547
2013.03.06 00:37:16.193,1.3054,1.30546
2013.03.06 00:37:19.033,1.3054,1.30547
2013.03.06 00:37:19.723,1.30541,1.30548
2013.03.06 00:37:22.824,1.30543,1.30548
2013.03.06 00:37:23.063,1.30544,1.30549
2013.03.06 00:37:23.183,1.30544,1.3055
2013.03.06 00:37:24.094,1.30551,1.30557
2013.03.06 00:37:24.454,1.30548,1.30554
2013.03.06 00:37:24.515,1.30548,1.30554
2013.03.06 00:37:24.584,1.30548,1.30552
2013.03.06 00:37:25.101,1.30542,1.30549
2013.03.06 00:37:25.293,1.30542,1.30548
2013.03.06 00:37:26.124,1.30542,1.30549
2013.03.06 00:37:26.244,1.30542,1.30549
2013.03.06 00:37:33.594,1.30543,1.30549
2013.03.06 00:37:49.934,1.30542,1.30548
2013.03.06 00:37:49.993,1.30545,1.3055
2013.03.06 00:37:50.055,1.30545,1.30553
2013.03.06 00:37:50.238,1.30545,1.30552
2013.03.06 00:37:50.545,1.30543,1.30548
2013.03.06 00:37:51.063,1.30543,1.30548
2013.03.06 00:37:54.984,1.30546,1.3055
2013.03.06 00:37:55.104,1.30546,1.30554
2013.03.06 00:37:55.162,1.30546,1.30554
2013.03.06 00:37:55.500,1.30546,1.30553
2013.03.06 00:37:58.673,1.30546,1.30553
2013.03.06 00:37:58.854,1.30546,1.30549
2013.03.06 00:37:59.393,1.30543,1.30548
2013.03.06 00:38:03.114,1.30543,1.30549
2013.03.06 00:38:04.954,1.30543,1.30548
2013.03.06 00:38:16.016,1.30543,1.30548
2013.03.06 00:38:30.254,1.30541,1.30547
2013.03.06 00:38:31.384,1.30541,1.30545
2013.03.06 00:38:31.624,1.30541,1.30545
2013.03.06 00:38:31.760,1.30541,1.30544
2013.03.06 00:38:32.004,1.30537,1.30542
2013.03.06 00:38:32.063,1.30537,1.3054
2013.03.06 00:38:32.244,1.30534,1.3054
2013.03.06 00:38:32.833,1.30537,1.3054
2013.03.06 00:38:36.224,1.30535,1.3054
2013.03.06 00:38:41.743,1.30535,1.3054
2013.03.06 00:38:42.043,1.30536,1.30544
2013.03.06 00:38:43.434,1.30538,1.30543
2013.03.06 00:38:43.614,1.30541,1.30547
2013.03.06 00:38:44.214,1.30542,1.30549
2013.03.06 00:38:44.772,1.30543,1.3055
2013.03.06 00:38:45.014,1.30544,1.30548
2013.03.06 00:38:45.443,1.30543,1.30548
2013.03.06 00:38:46.003,1.30543,1.3055
2013.03.06 00:38:46.759,1.30542,1.30549
2013.03.06 00:38:47.443,1.30542,1.30549
2013.03.06 00:38:47.984,1.30545,1.30551
2013.03.06 00:38:48.055,1.30546,1.30554
2013.03.06 00:38:48.174,1.30549,1.30556
2013.03.06 00:38:48.355,1.3055,1.30556
2013.03.06 00:38:49.614,1.30552,1.30558
2013.03.06 00:38:51.073,1.30552,1.30558
2013.03.06 00:38:53.035,1.30554,1.3056
2013.03.06 00:38:53.163,1.30555,1.3056
2013.03.06 00:38:53.728,1.30553,1.3056
2013.03.06 00:38:54.253,1.30553,1.3056
2013.03.06 00:38:54.565,1.30558,1.30565
2013.03.06 00:38:54.625,1.3056,1.30567
2013.03.06 00:38:54.695,1.30562,1.30567
2013.03.06 00:38:54.766,1.30565,1.30575
2013.03.06 00:38:55.076,1.30571,1.30578
2013.03.06 00:38:55.216,1.30576,1.3058
2013.03.06 00:38:55.295,1.30579,1.30582
2013.03.06 00:38:55.493,1.30578,1.30582
2013.03.06 00:38:55.566,1.30578,1.30582
2013.03.06 00:38:55.838,1.30578,1.30585
2013.03.06 00:38:56.093,1.30577,1.30584
2013.03.06 00:38:56.526,1.30574,1.3058
2013.03.06 00:38:56.653,1.30574,1.30581
2013.03.06 00:38:57.667,1.30574,1.30581
2013.03.06 00:38:58.204,1.30574,1.30581
2013.03.06 00:38:58.387,1.30579,1.30581
2013.03.06 00:38:58.574,1.30579,1.30583
2013.03.06 00:38:59.113,1.30579,1.30583
2013.03.06 00:39:01.064,1.30577,1.30583
2013.03.06 00:39:01.124,1.30576,1.30583
2013.03.06 00:39:01.305,1.30575,1.30582
2013.03.06 00:39:01.364,1.30574,1.30582
2013.03.06 00:39:01.483,1.30574,1.30582
2013.03.06 00:39:01.784,1.30573,1.30582
2013.03.06 00:39:02.873,1.30573,1.30581
2013.03.06 00:39:03.473,1.30572,1.30579
2013.03.06 00:39:04.004,1.30573,1.30579
2013.03.06 00:39:06.054,1.30573,1.3058
2013.03.06 00:39:06.413,1.30573,1.30581
2013.03.06 00:39:06.593,1.30573,1.30581
2013.03.06 00:39:08.435,1.30573,1.30581
2013.03.06 00:39:08.803,1.30573,1.30581
2013.03.06 00:39:09.307,1.30573,1.30581
2013.03.06 00:39:11.322,1.30576,1.30583
2013.03.06 00:39:11.414,1.30583,1.3059
2013.03.06 00:39:11.485,1.30583,1.30589
2013.03.06 00:39:11.546,1.30583,1.30589
2013.03.06 00:39:11.853,1.30583,1.30589
2013.03.06 00:39:12.574,1.30584,1.30589
2013.03.06 00:39:13.495,1.30584,1.30595
2013.03.06 00:39:13.893,1.30583,1.30591
2013.03.06 00:39:15.443,1.30583,1.3059
2013.03.06 00:39:17.184,1.30581,1.30589
2013.03.06 00:39:17.425,1.30581,1.30587
2013.03.06 00:39:17.486,1.30582,1.30586
2013.03.06 00:39:17.676,1.30579,1.30585
2013.03.06 00:39:17.747,1.30579,1.30585
2013.03.06 00:39:18.054,1.30583,1.3059
2013.03.06 00:39:18.413,1.30585,1.30592
2013.03.06 00:39:19.033,1.30585,1.30598
2013.03.06 00:39:20.460,1.30586,1.306
2013.03.06 00:39:20.536,1.30589,1.30598
2013.03.06 00:39:20.844,1.30591,1.30598
2013.03.06 00:39:22.070,1.30592,1.30599
2013.03.06 00:39:22.553,1.30592,1.30599
2013.03.06 00:39:23.935,1.30591,1.30599
2013.03.06 00:39:24.923,1.30589,1.30598
2013.03.06 00:39:25.166,1.30587,1.30598
2013.03.06 00:39:25.484,1.30581,1.30591
2013.03.06 00:39:25.544,1.30582,1.3059
2013.03.06 00:39:26.094,1.30581,1.30587
2013.03.06 00:39:27.634,1.30581,1.30585
2013.03.06 00:39:27.695,1.30581,1.30585
2013.03.06 00:39:28.554,1.30581,1.30585
2013.03.06 00:39:28.853,1.30581,1.30586
2013.03.06 00:39:32.564,1.30579,1.30584
2013.03.06 00:39:32.625,1.30578,1.30583
2013.03.06 00:39:32.688,1.30577,1.30584
2013.03.06 00:39:32.935,1.30578,1.30583
2013.03.06 00:39:33.473,1.30575,1.30584
2013.03.06 00:39:34.253,1.30575,1.30583
2013.03.06 00:39:34.313,1.30575,1.30583
2013.03.06 00:39:34.862,1.30574,1.30581
2013.03.06 00:39:37.986,1.30577,1.30582
2013.03.06 00:39:38.053,1.30577,1.30583
2013.03.06 00:39:38.114,1.30577,1.30583
2013.03.06 00:39:38.473,1.30577,1.30583
2013.03.06 00:39:42.996,1.30576,1.30581
2013.03.06 00:39:43.363,1.30573,1.30579
2013.03.06 00:39:45.364,1.30574,1.30579
2013.03.06 00:39:45.844,1.30577,1.30582
2013.03.06 00:39:46.535,1.30574,1.30583
2013.03.06 00:39:46.894,1.30577,1.30584
2013.03.06 00:39:47.843,1.30576,1.30584
2013.03.06 00:39:47.903,1.30577,1.30583
2013.03.06 00:39:48.263,1.30577,1.30583
2013.03.06 00:39:48.384,1.30576,1.30583
2013.03.06 00:39:48.925,1.30576,1.30582
2013.03.06 00:39:49.283,1.30576,1.30583
2013.03.06 00:39:49.524,1.30578,1.30584
2013.03.06 00:39:49.823,1.3058,1.30586
2013.03.06 00:39:49.945,1.30581,1.30588
2013.03.06 00:39:50.074,1.30583,1.3059
2013.03.06 00:39:50.194,1.30583,1.30591
2013.03.06 00:39:50.615,1.30586,1.30591
2013.03.06 00:39:50.734,1.30586,1.30591
2013.03.06 00:39:51.493,1.30583,1.30589
2013.03.06 00:39:53.414,1.30582,1.30588
2013.03.06 00:39:53.725,1.30579,1.30585
2013.03.06 00:39:54.033,1.30577,1.30583
2013.03.06 00:39:54.943,1.30579,1.30586
2013.03.06 00:39:55.184,1.3058,1.30586
2013.03.06 00:39:55.304,1.30581,1.30589
2013.03.06 00:39:55.364,1.30581,1.30589
2013.03.06 00:39:57.413,1.30583,1.30589
2013.03.06 00:39:59.159,1.30583,1.30589
2013.03.06 00:39:59.862,1.30583,1.30589
2013.03.06 00:40:00.166,1.3058,1.30583
2013.03.06 00:40:00.234,1.30577,1.30583
2013.03.06 00:40:00.353,1.30577,1.30583
2013.03.06 00:40:00.476,1.30575,1.30583
2013.03.06 00:40:00.853,1.30575,1.30582
2013.03.06 00:40:01.417,1.30575,1.30582
2013.03.06 00:40:02.533,1.30575,1.30582
2013.03.06 00:40:02.906,1.30575,1.30582
2013.03.06 00:40:03.213,1.30578,1.30584
2013.03.06 00:40:03.693,1.30578,1.30586
2013.03.06 00:40:05.853,1.3058,1.30587
2013.03.06 00:40:05.923,1.3058,1.30587
2013.03.06 00:40:06.573,1.30581,1.30588
2013.03.06 00:40:07.042,1.30581,1.30587
2013.03.06 00:40:07.552,1.30579,1.30585
2013.03.06 00:40:10.543,1.30579,1.30585
2013.03.06 00:40:10.844,1.30578,1.30584
2013.03.06 00:40:10.963,1.30577,1.30584
2013.03.06 00:40:11.206,1.30576,1.30583
2013.03.06 00:40:11.723,1.30575,1.30581
2013.03.06 00:40:11.904,1.30577,1.30581
2013.03.06 00:40:13.725,1.30574,1.30582
2013.03.06 00:40:14.753,1.30575,1.30581
2013.03.06 00:40:14.933,1.30575,1.30579
2013.03.06 00:40:16.994,1.30574,1.3058
2013.03.06 00:40:17.885,1.30574,1.30581
2013.03.06 00:40:18.462,1.30574,1.30581
2013.03.06 00:40:20.054,1.30574,1.30581
2013.03.06 00:40:23.094,1.30574,1.30582
2013.03.06 00:40:23.597,1.30574,1.30581
2013.03.06 00:40:27.964,1.30574,1.30581
2013.03.06 00:40:28.265,1.30579,1.30582
2013.03.06 00:40:28.574,1.30581,1.30589
2013.03.06 00:40:28.754,1.30584,1.30593
2013.03.06 00:40:28.995,1.30586,1.30589
2013.03.06 00:40:29.066,1.30587,1.30595
2013.03.06 00:40:29.195,1.30591,1.30597
2013.03.06 00:40:29.615,1.30591,1.30599
2013.03.06 00:40:29.955,1.30588,1.30593
2013.03.06 00:40:30.085,1.30585,1.30593
2013.03.06 00:40:30.703,1.30585,1.30591
2013.03.06 00:40:32.266,1.30585,1.30591
2013.03.06 00:40:32.335,1.30583,1.30589
2013.03.06 00:40:33.244,1.30583,1.3059
2013.03.06 00:40:33.767,1.30586,1.3059
2013.03.06 00:40:34.075,1.30586,1.30592
2013.03.06 00:40:34.626,1.30586,1.30594
2013.03.06 00:40:34.684,1.30587,1.30595
2013.03.06 00:40:35.564,1.30589,1.30595
2013.03.06 00:40:35.624,1.30596,1.30602
2013.03.06 00:40:35.684,1.30598,1.30603
2013.03.06 00:40:36.025,1.30601,1.30606
2013.03.06 00:40:36.094,1.30602,1.30608
2013.03.06 00:40:36.155,1.30602,1.30615
2013.03.06 00:40:36.705,1.30603,1.30611
2013.03.06 00:40:37.303,1.30602,1.30611
2013.03.06 00:40:38.794,1.30601,1.30608
2013.03.06 00:40:39.154,1.30601,1.30609
2013.03.06 00:40:39.580,1.30601,1.30608
2013.03.06 00:40:39.885,1.306,1.30604
2013.03.06 00:40:40.124,1.30598,1.30603
2013.03.06 00:40:40.604,1.30596,1.30603
2013.03.06 00:40:41.154,1.30596,1.30603
2013.03.06 00:40:41.695,1.30595,1.30603
2013.03.06 00:40:43.294,1.30595,1.30603
2013.03.06 00:40:44.914,1.30595,1.30603
2013.03.06 00:40:45.424,1.30595,1.30603
2013.03.06 00:40:47.163,1.30595,1.30603
2013.03.06 00:40:50.556,1.30595,1.30603
2013.03.06 00:40:51.454,1.30596,1.30605
2013.03.06 00:40:51.754,1.30598,1.30604
2013.03.06 00:40:52.074,1.30598,1.30604
2013.03.06 00:40:52.984,1.30597,1.30605
2013.03.06 00:40:59.814,1.30599,1.30604
2013.03.06 00:41:01.555,1.30599,1.30603
2013.03.06 00:41:02.796,1.30597,1.30602
2013.03.06 00:41:07.104,1.30596,1.30602
2013.03.06 00:41:07.705,1.30597,1.30602
2013.03.06 00:41:19.064,1.30595,1.30602
2013.03.06 00:41:19.126,1.30595,1.30602
2013.03.06 00:41:19.254,1.30592,1.30601
2013.03.06 00:41:20.008,1.30591,1.30599
2013.03.06 00:41:20.095,1.30586,1.30593
2013.03.06 00:41:20.414,1.30584,1.30592
2013.03.06 00:41:20.474,1.30584,1.30591
2013.03.06 00:41:20.595,1.30583,1.30591
2013.03.06 00:41:20.724,1.30581,1.30588
2013.03.06 00:41:20.784,1.30581,1.30588
2013.03.06 00:41:20.844,1.30581,1.30588
2013.03.06 00:41:21.026,1.3058,1.30588
2013.03.06 00:41:21.094,1.3058,1.30587
2013.03.06 00:41:21.214,1.3058,1.30588
2013.03.06 00:41:21.848,1.30582,1.3059
2013.03.06 00:41:23.600,1.30583,1.3059
2013.03.06 00:41:24.935,1.30583,1.3059
2013.03.06 00:41:25.295,1.30585,1.30591
2013.03.06 00:41:25.424,1.30586,1.30592
2013.03.06 00:41:26.059,1.30583,1.30591
2013.03.06 00:41:26.584,1.30585,1.30591
2013.03.06 00:41:27.115,1.30583,1.30591
2013.03.06 00:41:27.724,1.30583,1.3059
2013.03.06 00:41:28.684,1.30582,1.3059
2013.03.06 00:41:29.044,1.30583,1.3059
2013.03.06 00:41:29.344,1.3058,1.30587
2013.03.06 00:41:29.891,1.30575,1.30583
2013.03.06 00:41:30.395,1.30575,1.30582
2013.03.06 00:41:30.454,1.30575,1.30582
2013.03.06 00:41:31.965,1.30577,1.30583
2013.03.06 00:41:32.274,1.30578,1.30584
2013.03.06 00:41:32.394,1.30578,1.30585
2013.03.06 00:41:34.315,1.30578,1.30586
2013.03.06 00:41:37.833,1.30579,1.30587
2013.03.06 00:41:40.333,1.30579,1.30587
2013.03.06 00:41:40.887,1.3058,1.30587
2013.03.06 00:41:41.443,1.30581,1.30588
2013.03.06 00:41:41.985,1.30583,1.30589
2013.03.06 00:41:43.214,1.30583,1.3059
2013.03.06 00:41:44.364,1.30583,1.3059
2013.03.06 00:41:44.987,1.30583,1.30591
2013.03.06 00:41:45.054,1.30584,1.30591
2013.03.06 00:41:45.234,1.30586,1.30593
2013.03.06 00:41:45.499,1.3059,1.30598
2013.03.06 00:41:46.052,1.3059,1.30598
2013.03.06 00:41:46.295,1.30589,1.30596
2013.03.06 00:41:46.546,1.30588,1.30595
2013.03.06 00:41:46.614,1.30587,1.30595
2013.03.06 00:41:47.033,1.30586,1.30593
2013.03.06 00:41:47.974,1.30585,1.30592
2013.03.06 00:41:48.096,1.30584,1.30592
2013.03.06 00:41:48.738,1.30584,1.3059
2013.03.06 00:41:49.884,1.30585,1.30593
2013.03.06 00:41:49.967,1.30585,1.30593
2013.03.06 00:41:50.153,1.30585,1.30595
2013.03.06 00:41:50.813,1.30587,1.30595
2013.03.06 00:41:51.054,1.30588,1.30595
2013.03.06 00:41:51.416,1.30591,1.30597
2013.03.06 00:41:51.655,1.30592,1.30599
2013.03.06 00:41:52.406,1.30593,1.306
2013.03.06 00:41:52.475,1.30593,1.30601
2013.03.06 00:41:52.544,1.30594,1.30601
2013.03.06 00:41:54.064,1.30594,1.30602
2013.03.06 00:41:54.566,1.30594,1.30599
2013.03.06 00:41:56.144,1.30592,1.30599
2013.03.06 00:42:02.204,1.30595,1.306
2013.03.06 00:42:02.327,1.30598,1.30601
2013.03.06 00:42:02.399,1.30598,1.30604
2013.03.06 00:42:02.714,1.30598,1.30606
2013.03.06 00:42:02.894,1.30598,1.30604
2013.03.06 00:42:03.074,1.30596,1.30604
2013.03.06 00:42:03.194,1.30595,1.30602
2013.03.06 00:42:03.724,1.30595,1.30602
2013.03.06 00:42:03.934,1.30595,1.30603
2013.03.06 00:42:03.994,1.30596,1.30604
2013.03.06 00:42:04.114,1.30599,1.30606
2013.03.06 00:42:04.234,1.306,1.30608
2013.03.06 00:42:04.414,1.306,1.3061
2013.03.06 00:42:04.654,1.30601,1.3061
2013.03.06 00:42:05.223,1.30601,1.3061
2013.03.06 00:42:05.678,1.306,1.30607
2013.03.06 00:42:05.994,1.30595,1.30602
2013.03.06 00:42:06.475,1.30596,1.30604
2013.03.06 00:42:06.940,1.30599,1.30607
2013.03.06 00:42:07.066,1.306,1.3061
2013.03.06 00:42:07.259,1.30602,1.3061
2013.03.06 00:42:08.384,1.30602,1.30609
2013.03.06 00:42:08.985,1.30601,1.3061
2013.03.06 00:42:09.345,1.30598,1.30605
2013.03.06 00:42:09.704,1.30597,1.30603
2013.03.06 00:42:13.174,1.30597,1.30603
2013.03.06 00:42:13.532,1.30597,1.30603
2013.03.06 00:42:14.585,1.30596,1.30602
2013.03.06 00:42:14.764,1.30595,1.30602
2013.03.06 00:42:15.123,1.30596,1.30604
2013.03.06 00:42:20.355,1.30596,1.30603
2013.03.06 00:42:21.574,1.30596,1.30602
2013.03.06 00:42:24.426,1.30595,1.30601
2013.03.06 00:42:24.554,1.30594,1.306
2013.03.06 00:42:25.073,1.30595,1.30602
2013.03.06 00:42:25.434,1.30593,1.306
2013.03.06 00:42:27.204,1.30594,1.30599
2013.03.06 00:42:27.566,1.30594,1.306
2013.03.06 00:42:27.694,1.30594,1.30599
2013.03.06 00:42:28.254,1.30593,1.30599
2013.03.06 00:42:35.474,1.30593,1.30599
2013.03.06 00:42:44.593,1.30593,1.30599
2013.03.06 00:42:45.004,1.30593,1.30599
2013.03.06 00:42:45.547,1.30596,1.306
2013.03.06 00:42:46.060,1.306,1.30607
2013.03.06 00:42:46.127,1.306,1.30607
2013.03.06 00:42:46.690,1.30599,1.30606
2013.03.06 00:42:46.762,1.30599,1.30607
2013.03.06 00:42:47.074,1.30599,1.30606
2013.03.06 00:42:47.254,1.30599,1.30604
2013.03.06 00:42:47.435,1.30599,1.30604
2013.03.06 00:42:48.684,1.30598,1.30604
2013.03.06 00:42:49.944,1.30597,1.30604
2013.03.06 00:42:52.343,1.30597,1.30604
2013.03.06 00:42:53.883,1.30597,1.30604
2013.03.06 00:42:54.363,1.30597,1.30604
2013.03.06 00:42:54.424,1.30597,1.30604
2013.03.06 00:42:54.487,1.30597,1.30605
2013.03.06 00:42:54.614,1.306,1.30607
2013.03.06 00:42:54.674,1.306,1.30609
2013.03.06 00:42:54.973,1.30601,1.30609
2013.03.06 00:42:56.026,1.306,1.30606
2013.03.06 00:42:56.153,1.306,1.30605
2013.03.06 00:42:56.513,1.30598,1.30605
2013.03.06 00:42:57.385,1.30598,1.30605
2013.03.06 00:42:57.705,1.30598,1.30606
2013.03.06 00:42:58.139,1.30598,1.30605
2013.03.06 00:43:04.576,1.30598,1.30603
2013.03.06 00:43:05.083,1.30598,1.30605
2013.03.06 00:43:06.015,1.30598,1.30603
2013.03.06 00:43:06.084,1.30598,1.30606
2013.03.06 00:43:06.624,1.30598,1.30605
2013.03.06 00:43:08.925,1.30596,1.30605
2013.03.06 00:43:09.551,1.30597,1.30605
2013.03.06 00:43:11.744,1.30598,1.30605
2013.03.06 00:43:12.055,1.30601,1.30609
2013.03.06 00:43:12.296,1.30601,1.30607
2013.03.06 00:43:12.607,1.30601,1.30608
2013.03.06 00:43:13.172,1.30602,1.30607
2013.03.06 00:43:13.774,1.30601,1.30606
2013.03.06 00:43:13.894,1.30599,1.30606
2013.03.06 00:43:14.314,1.30599,1.30605
2013.03.06 00:43:14.493,1.30599,1.30605
2013.03.06 00:43:14.614,1.30599,1.30605
2013.03.06 00:43:14.734,1.30599,1.30606
2013.03.06 00:43:15.035,1.30601,1.30608
2013.03.06 00:43:15.453,1.30601,1.30609
2013.03.06 00:43:19.234,1.30603,1.30608
2013.03.06 00:43:19.354,1.30601,1.30608
2013.03.06 00:43:19.414,1.30601,1.30605
2013.03.06 00:43:20.239,1.306,1.30607
2013.03.06 00:43:20.310,1.30601,1.30608
2013.03.06 00:43:23.364,1.30601,1.30608
2013.03.06 00:43:23.913,1.30603,1.30608
2013.03.06 00:43:30.693,1.30602,1.30609
2013.03.06 00:43:35.273,1.30603,1.30609
2013.03.06 00:43:39.664,1.30603,1.30609
2013.03.06 00:43:40.214,1.30602,1.3061
2013.03.06 00:43:41.935,1.30602,1.30608
2013.03.06 00:43:42.546,1.30602,1.30608
2013.03.06 00:43:44.304,1.30603,1.30608
2013.03.06 00:43:44.424,1.30603,1.3061
2013.03.06 00:43:44.964,1.30603,1.3061
2013.03.06 00:43:45.854,1.30603,1.30609
2013.03.06 00:43:45.919,1.30603,1.3061
2013.03.06 00:43:46.165,1.30606,1.30615
2013.03.06 00:43:46.234,1.30606,1.30615
2013.03.06 00:43:46.595,1.30608,1.30617
2013.03.06 00:43:46.836,1.30609,1.30618
2013.03.06 00:43:47.148,1.30612,1.30618
2013.03.06 00:43:47.276,1.30612,1.30619
2013.03.06 00:43:47.394,1.30615,1.30624
2013.03.06 00:43:47.454,1.30615,1.30623
2013.03.06 00:43:47.644,1.30614,1.30623
2013.03.06 00:43:47.707,1.30616,1.30623
2013.03.06 00:43:47.954,1.30616,1.30622
2013.03.06 00:43:48.614,1.30614,1.30621
2013.03.06 00:43:48.674,1.30614,1.30621
2013.03.06 00:43:51.104,1.30614,1.30621
2013.03.06 00:43:51.854,1.30614,1.3062
2013.03.06 00:43:56.965,1.30614,1.3062
2013.03.06 00:43:57.325,1.30611,1.3062
2013.03.06 00:43:57.663,1.30611,1.30618
2013.03.06 00:43:58.230,1.30605,1.30613
2013.03.06 00:43:58.534,1.30605,1.30613
2013.03.06 00:43:58.783,1.30605,1.30613
2013.03.06 00:44:01.474,1.30605,1.30613
2013.03.06 00:44:05.166,1.30604,1.3061
2013.03.06 00:44:05.769,1.30603,1.3061
2013.03.06 00:44:08.282,1.30603,1.3061
2013.03.06 00:44:08.967,1.30603,1.3061
2013.03.06 00:44:11.304,1.30603,1.3061
2013.03.06 00:44:11.365,1.30605,1.30613
2013.03.06 00:44:11.725,1.30605,1.30614
2013.03.06 00:44:11.904,1.30604,1.30611
2013.03.06 00:44:11.964,1.30604,1.30611
2013.03.06 00:44:12.525,1.30604,1.30611
2013.03.06 00:44:13.028,1.30604,1.30611
2013.03.06 00:44:13.834,1.30604,1.30611
2013.03.06 00:44:16.044,1.30603,1.30611
2013.03.06 00:44:16.738,1.30603,1.30609
2013.03.06 00:44:17.984,1.30603,1.30609
2013.03.06 00:44:18.615,1.30604,1.30613
2013.03.06 00:44:18.674,1.30605,1.30614
2013.03.06 00:44:19.212,1.30605,1.30613
2013.03.06 00:44:19.284,1.30601,1.30608
2013.03.06 00:44:19.774,1.30602,1.30607
2013.03.06 00:44:19.894,1.30603,1.30609
2013.03.06 00:44:22.944,1.30605,1.30611
2013.03.06 00:44:23.453,1.30605,1.30611
2013.03.06 00:44:24.604,1.30603,1.30611
2013.03.06 00:44:24.726,1.30603,1.30609
2013.03.06 00:44:24.965,1.30599,1.30608
2013.03.06 00:44:25.084,1.30599,1.30604
2013.03.06 00:44:25.504,1.30599,1.30602
2013.03.06 00:44:25.626,1.30596,1.30602
2013.03.06 00:44:25.755,1.30593,1.30602
2013.03.06 00:44:26.263,1.30593,1.30601
2013.03.06 00:44:26.790,1.30595,1.30602
2013.03.06 00:44:28.265,1.30596,1.30601
2013.03.06 00:44:28.394,1.30597,1.30605
2013.03.06 00:44:28.586,1.30597,1.30603
2013.03.06 00:44:30.025,1.30597,1.30604
2013.03.06 00:44:30.089,1.30597,1.30605
2013.03.06 00:44:30.578,1.30597,1.30605
2013.03.06 00:44:31.124,1.30597,1.30606
2013.03.06 00:44:31.685,1.30599,1.30606
2013.03.06 00:44:31.805,1.30599,1.30606
2013.03.06 00:44:31.925,1.30599,1.30609
2013.03.06 00:44:32.474,1.30599,1.30606
2013.03.06 00:44:32.966,1.30599,1.30608
2013.03.06 00:44:33.444,1.30601,1.30606
2013.03.06 00:44:33.983,1.30601,1.30606
2013.03.06 00:44:34.603,1.30599,1.30606
2013.03.06 00:44:36.304,1.30599,1.30606
2013.03.06 00:44:37.142,1.30599,1.30607
2013.03.06 00:44:37.675,1.30599,1.30606
2013.03.06 00:44:38.344,1.30599,1.30606
2013.03.06 00:44:38.403,1.30598,1.30606
2013.03.06 00:44:39.687,1.30598,1.30605
2013.03.06 00:44:44.775,1.30598,1.30603
2013.03.06 00:44:44.896,1.30592,1.30598
2013.03.06 00:44:45.026,1.30588,1.30594
2013.03.06 00:44:45.165,1.30587,1.30593
2013.03.06 00:44:45.523,1.30585,1.30593
2013.03.06 00:44:45.883,1.30585,1.30593
2013.03.06 00:44:46.663,1.30583,1.30591
2013.03.06 00:44:48.423,1.30583,1.30591
2013.03.06 00:44:48.544,1.30585,1.30591
2013.03.06 00:44:48.604,1.30587,1.30593
2013.03.06 00:44:48.784,1.30587,1.30595
2013.03.06 00:44:48.845,1.30587,1.30596
2013.03.06 00:44:49.083,1.30589,1.30598
2013.03.06 00:44:52.424,1.3059,1.30597
2013.03.06 00:44:52.734,1.30588,1.30594
2013.03.06 00:44:53.394,1.30588,1.30594
2013.03.06 00:44:54.604,1.30588,1.30592
2013.03.06 00:44:56.354,1.30587,1.30594
2013.03.06 00:45:00.050,1.30587,1.30593
2013.03.06 00:45:00.174,1.30584,1.30592
2013.03.06 00:45:00.533,1.30584,1.30592
2013.03.06 00:45:02.433,1.30584,1.30592
2013.03.06 00:45:02.565,1.30587,1.30593
2013.03.06 00:45:03.123,1.30587,1.30592
2013.03.06 00:45:06.735,1.30588,1.30592
2013.03.06 00:45:06.866,1.3059,1.30595
2013.03.06 00:45:06.935,1.3059,1.30597
2013.03.06 00:45:07.454,1.3059,1.30597
2013.03.06 00:45:08.334,1.30589,1.30596
2013.03.06 00:45:08.644,1.30587,1.30594
2013.03.06 00:45:10.103,1.30587,1.30594
2013.03.06 00:45:11.608,1.30588,1.30593
2013.03.06 00:45:13.605,1.30586,1.30592
2013.03.06 00:45:13.664,1.30583,1.30592
2013.03.06 00:45:13.724,1.30582,1.3059
2013.03.06 00:45:14.263,1.30582,1.3059
2013.03.06 00:45:14.575,1.30583,1.30591
2013.03.06 00:45:15.095,1.30583,1.30591
2013.03.06 00:45:17.447,1.30583,1.30592
2013.03.06 00:45:18.344,1.30583,1.3059
2013.03.06 00:45:18.964,1.30582,1.30588
2013.03.06 00:45:20.584,1.30581,1.30588
2013.03.06 00:45:22.034,1.30581,1.30588
2013.03.06 00:45:22.563,1.30581,1.30588
2013.03.06 00:45:23.103,1.30576,1.30588
2013.03.06 00:45:23.913,1.30581,1.30588
2013.03.06 00:45:24.473,1.30581,1.30588
2013.03.06 00:45:25.634,1.30581,1.30588
2013.03.06 00:45:33.274,1.30581,1.30588
2013.03.06 00:45:39.504,1.30581,1.30587
2013.03.06 00:45:40.735,1.30582,1.30588
2013.03.06 00:45:42.345,1.30582,1.30588
2013.03.06 00:45:42.648,1.30579,1.30584
2013.03.06 00:45:42.955,1.30578,1.30581
2013.03.06 00:45:43.145,1.30575,1.3058
2013.03.06 00:45:43.205,1.30574,1.30579
2013.03.06 00:45:43.264,1.30572,1.30579
2013.03.06 00:45:43.984,1.30574,1.30582
2013.03.06 00:45:44.104,1.30574,1.30582
2013.03.06 00:45:45.065,1.30574,1.30582
2013.03.06 00:45:45.245,1.30574,1.30581
2013.03.06 00:45:48.224,1.30573,1.30581
2013.03.06 00:45:48.284,1.30573,1.30582
2013.03.06 00:45:49.973,1.30573,1.30582
2013.03.06 00:45:50.804,1.30572,1.3058
2013.03.06 00:45:58.894,1.30571,1.30578
2013.03.06 00:46:00.118,1.30571,1.30578
2013.03.06 00:46:00.374,1.30571,1.30578
2013.03.06 00:46:04.576,1.30571,1.30578
2013.03.06 00:46:04.923,1.30571,1.30578
2013.03.06 00:46:06.515,1.30571,1.30578
2013.03.06 00:46:09.793,1.30565,1.30576
2013.03.06 00:46:09.975,1.30567,1.30574
2013.03.06 00:46:10.035,1.30565,1.30574
2013.03.06 00:46:10.218,1.30565,1.30571
2013.03.06 00:46:10.765,1.30564,1.30571
2013.03.06 00:46:11.556,1.30565,1.30572
2013.03.06 00:46:12.095,1.30565,1.30572
2013.03.06 00:46:12.634,1.30565,1.30572
2013.03.06 00:46:14.446,1.30565,1.30571
2013.03.06 00:46:14.503,1.30564,1.30572
2013.03.06 00:46:14.804,1.30564,1.30571
2013.03.06 00:46:15.164,1.30562,1.30569
2013.03.06 00:46:18.827,1.30562,1.30569
2013.03.06 00:46:19.364,1.30562,1.3057
2013.03.06 00:46:20.924,1.30562,1.3057
2013.03.06 00:46:20.984,1.30563,1.3057
2013.03.06 00:46:21.164,1.30564,1.30572
2013.03.06 00:46:21.285,1.30561,1.30571
2013.03.06 00:46:21.345,1.30561,1.3057
2013.03.06 00:46:21.654,1.30562,1.3057
2013.03.06 00:46:22.694,1.30563,1.3057
2013.03.06 00:46:23.238,1.30563,1.3057
2013.03.06 00:46:24.424,1.30563,1.3057
2013.03.06 00:46:25.693,1.30563,1.3057
2013.03.06 00:46:25.933,1.30563,1.3057
2013.03.06 00:46:26.598,1.30565,1.30573
2013.03.06 00:46:26.908,1.30563,1.3057
2013.03.06 00:46:27.334,1.30561,1.30568
2013.03.06 00:46:31.304,1.30561,1.3057
2013.03.06 00:46:33.125,1.30563,1.3057
2013.03.06 00:46:33.604,1.30563,1.3057
2013.03.06 00:46:34.434,1.30563,1.3057
2013.03.06 00:46:34.924,1.30563,1.3057
2013.03.06 00:46:35.123,1.30561,1.30568
2013.03.06 00:46:35.673,1.30561,1.30568
2013.03.06 00:46:36.224,1.30561,1.30569
2013.03.06 00:46:47.054,1.30561,1.30568
2013.03.06 00:46:47.888,1.3056,1.30567
2013.03.06 00:46:48.374,1.30561,1.30566
2013.03.06 00:46:49.794,1.30561,1.30567
2013.03.06 00:46:52.044,1.30561,1.30567
2013.03.06 00:46:52.384,1.30561,1.30568
2013.03.06 00:46:52.865,1.30563,1.30569
2013.03.06 00:46:56.745,1.30558,1.30566
2013.03.06 00:46:57.275,1.30562,1.30567
2013.03.06 00:46:57.334,1.30562,1.30568
2013.03.06 00:47:05.444,1.30562,1.30569
2013.03.06 00:47:08.655,1.30562,1.30569
2013.03.06 00:47:10.385,1.30559,1.30569
2013.03.06 00:47:10.566,1.30561,1.30569
2013.03.06 00:47:10.803,1.30561,1.30569
2013.03.06 00:47:11.216,1.30561,1.30568
2013.03.06 00:47:11.405,1.30562,1.30568
2013.03.06 00:47:11.524,1.30561,1.30568
2013.03.06 00:47:11.584,1.30562,1.30568
2013.03.06 00:47:21.324,1.30562,1.30569
2013.03.06 00:47:23.144,1.30562,1.30568
2013.03.06 00:47:23.936,1.30562,1.30568
2013.03.06 00:47:29.114,1.30562,1.30568
2013.03.06 00:47:30.236,1.30562,1.30569
2013.03.06 00:47:32.151,1.30562,1.3057
2013.03.06 00:47:39.548,1.30564,1.30569
2013.03.06 00:47:47.119,1.30564,1.3057
2013.03.06 00:47:52.724,1.3056,1.30569
2013.03.06 00:47:53.956,1.30562,1.30569
2013.03.06 00:47:56.365,1.30563,1.3057
2013.03.06 00:48:03.504,1.30563,1.30571
2013.03.06 00:48:03.684,1.30563,1.30572
2013.03.06 00:48:03.745,1.30565,1.30572
2013.03.06 00:48:03.805,1.30565,1.30572
2013.03.06 00:48:03.984,1.30565,1.30572
2013.03.06 00:48:12.185,1.30564,1.30572
2013.03.06 00:48:12.604,1.30563,1.30569
2013.03.06 00:48:13.154,1.30563,1.30568
2013.03.06 00:48:15.376,1.30564,1.30569
2013.03.06 00:48:15.505,1.30565,1.30571
2013.03.06 00:48:16.067,1.30567,1.30571
2013.03.06 00:48:16.785,1.30565,1.30571
2013.03.06 00:48:16.904,1.30563,1.3057
2013.03.06 00:48:17.580,1.30563,1.3057
2013.03.06 00:48:25.976,1.30565,1.3057
2013.03.06 00:48:26.094,1.30566,1.30572
2013.03.06 00:48:28.324,1.30566,1.30572
2013.03.06 00:48:31.289,1.30563,1.3057
2013.03.06 00:48:31.415,1.30563,1.30569
2013.03.06 00:48:31.537,1.30561,1.30567
2013.03.06 00:48:36.975,1.30562,1.30568
2013.03.06 00:48:37.035,1.30563,1.30569
2013.03.06 00:48:37.154,1.30563,1.30569
2013.03.06 00:48:37.694,1.30563,1.3057
2013.03.06 00:48:40.245,1.30564,1.3057
2013.03.06 00:48:40.846,1.30563,1.30569
2013.03.06 00:48:42.313,1.30564,1.3057
2013.03.06 00:48:55.024,1.30564,1.3057
2013.03.06 00:48:55.274,1.30564,1.3057
2013.03.06 00:49:00.313,1.30564,1.30571
2013.03.06 00:49:00.926,1.30564,1.30571
2013.03.06 00:49:01.057,1.30566,1.30571
2013.03.06 00:49:01.126,1.30567,1.30572
2013.03.06 00:49:01.376,1.30572,1.30577
2013.03.06 00:49:01.435,1.30572,1.30577
2013.03.06 00:49:01.738,1.30572,1.3058
2013.03.06 00:49:01.866,1.30573,1.3058
2013.03.06 00:49:08.125,1.30575,1.3058
2013.03.06 00:49:09.835,1.30575,1.3058
2013.03.06 00:49:11.015,1.30573,1.3058
2013.03.06 00:49:11.529,1.30573,1.3058
2013.03.06 00:49:14.005,1.30573,1.30579
2013.03.06 00:49:17.746,1.30572,1.30576
2013.03.06 00:49:17.929,1.30567,1.30572
2013.03.06 00:49:17.995,1.30564,1.30571
2013.03.06 00:49:18.056,1.30564,1.30571
2013.03.06 00:49:22.504,1.30563,1.3057
2013.03.06 00:49:24.174,1.30563,1.3057
2013.03.06 00:49:53.534,1.30561,1.30567
2013.03.06 00:49:53.896,1.30561,1.30564
2013.03.06 00:49:54.027,1.30559,1.30564
2013.03.06 00:49:54.215,1.30557,1.30563
2013.03.06 00:49:54.691,1.30557,1.30562
2013.03.06 00:49:55.314,1.30556,1.30563
2013.03.06 00:49:56.144,1.30557,1.30564
2013.03.06 00:49:56.265,1.30558,1.30563
2013.03.06 00:49:56.806,1.30559,1.30563
2013.03.06 00:50:00.365,1.30559,1.30565
2013.03.06 00:50:00.424,1.3056,1.30566
2013.03.06 00:50:01.058,1.30559,1.30565
2013.03.06 00:50:02.035,1.3056,1.30565
2013.03.06 00:50:04.027,1.3056,1.30566
2013.03.06 00:50:04.405,1.30557,1.30565
2013.03.06 00:50:04.705,1.30558,1.30564
2013.03.06 00:50:05.244,1.30559,1.30566
2013.03.06 00:50:05.554,1.30559,1.30566
2013.03.06 00:50:05.614,1.30562,1.30566
2013.03.06 00:50:24.446,1.30562,1.30567
2013.03.06 00:50:24.986,1.30561,1.30567
2013.03.06 00:50:28.955,1.30562,1.30567
2013.03.06 00:50:29.524,1.30562,1.30567
2013.03.06 00:50:34.335,1.30562,1.30568
2013.03.06 00:50:34.950,1.30562,1.30567
2013.03.06 00:50:38.635,1.30562,1.30567
2013.03.06 00:50:38.765,1.3056,1.30566
2013.03.06 00:50:39.124,1.30559,1.30563
2013.03.06 00:50:39.324,1.30557,1.30564
2013.03.06 00:50:39.557,1.30557,1.30564
2013.03.06 00:50:40.034,1.30557,1.30563
2013.03.06 00:50:42.326,1.30557,1.30564
2013.03.06 00:50:44.566,1.30557,1.30564
2013.03.06 00:50:44.926,1.30553,1.30558
2013.03.06 00:50:45.115,1.30547,1.30556
2013.03.06 00:50:45.185,1.30547,1.30554
2013.03.06 00:50:45.545,1.30547,1.30552
2013.03.06 00:50:45.871,1.30545,1.3055
2013.03.06 00:50:46.564,1.30546,1.3055
2013.03.06 00:50:47.105,1.30547,1.30552
2013.03.06 00:50:47.245,1.30547,1.30552
2013.03.06 00:50:47.485,1.30549,1.30555
2013.03.06 00:50:48.346,1.3055,1.30557
2013.03.06 00:50:48.405,1.3055,1.30557
2013.03.06 00:50:48.944,1.30554,1.30558
2013.03.06 00:50:49.504,1.30554,1.30558
2013.03.06 00:50:51.325,1.30551,1.30555
2013.03.06 00:50:51.842,1.30551,1.30556
2013.03.06 00:50:53.625,1.30552,1.30558
2013.03.06 00:50:53.685,1.30552,1.30559
2013.03.06 00:50:54.112,1.30554,1.3056
2013.03.06 00:50:59.596,1.30554,1.30561
2013.03.06 00:50:59.959,1.30557,1.30562
2013.03.06 00:51:00.085,1.30557,1.30562
2013.03.06 00:51:00.146,1.30557,1.30562
2013.03.06 00:51:01.114,1.30557,1.30563
2013.03.06 00:51:01.696,1.30557,1.30562
2013.03.06 00:51:01.815,1.30553,1.30561
2013.03.06 00:51:01.936,1.30553,1.30561
2013.03.06 00:51:02.865,1.30553,1.30559
2013.03.06 00:51:03.461,1.30552,1.30559
2013.03.06 00:51:03.655,1.30551,1.30559
2013.03.06 00:51:03.954,1.30553,1.30562
2013.03.06 00:51:06.356,1.30558,1.30565
2013.03.06 00:51:06.428,1.30558,1.30565
2013.03.06 00:51:06.735,1.30561,1.30567
2013.03.06 00:51:07.094,1.30562,1.30569
2013.03.06 00:51:08.435,1.30563,1.3057
2013.03.06 00:51:08.737,1.30566,1.30574
2013.03.06 00:51:08.808,1.30569,1.30573
2013.03.06 00:51:08.877,1.30569,1.30573
2013.03.06 00:51:09.006,1.30566,1.30573
2013.03.06 00:51:09.066,1.30564,1.30571
2013.03.06 00:51:17.896,1.30563,1.30571
2013.03.06 00:51:18.136,1.30562,1.30568
2013.03.06 00:51:19.715,1.30564,1.3057
2013.03.06 00:51:20.015,1.30562,1.3057
2013.03.06 00:51:29.145,1.30563,1.30569
2013.03.06 00:51:29.505,1.30563,1.3057
2013.03.06 00:51:30.226,1.30563,1.30568
2013.03.06 00:51:30.285,1.30562,1.30568
2013.03.06 00:51:30.524,1.30559,1.30565
2013.03.06 00:51:30.705,1.30559,1.30565
2013.03.06 00:51:30.888,1.30553,1.3056
2013.03.06 00:51:31.434,1.30554,1.3056
2013.03.06 00:51:32.995,1.30554,1.30561
2013.03.06 00:51:33.544,1.30554,1.3056
2013.03.06 00:51:41.646,1.30552,1.3056
2013.03.06 00:51:42.008,1.30553,1.3056
2013.03.06 00:51:46.966,1.30556,1.30562
2013.03.06 00:51:47.025,1.30558,1.30564
2013.03.06 00:51:47.505,1.30559,1.30565
2013.03.06 00:51:47.846,1.30559,1.30566
2013.03.06 00:51:49.196,1.30559,1.30565
2013.03.06 00:51:50.334,1.30558,1.30564
2013.03.06 00:51:50.456,1.30556,1.30562
2013.03.06 00:51:50.964,1.30554,1.3056
2013.03.06 00:51:51.265,1.30554,1.3056
2013.03.06 00:51:51.815,1.30554,1.30561
2013.03.06 00:51:51.994,1.30554,1.30561
2013.03.06 00:51:53.525,1.30554,1.3056
2013.03.06 00:51:53.707,1.30555,1.30563
2013.03.06 00:51:53.775,1.30555,1.30563
2013.03.06 00:51:54.080,1.30556,1.30562
2013.03.06 00:51:54.406,1.30559,1.30565
2013.03.06 00:51:54.646,1.30561,1.30568
2013.03.06 00:51:54.765,1.30562,1.3057
2013.03.06 00:51:55.124,1.30563,1.3057
2013.03.06 00:51:55.818,1.30563,1.30571
2013.03.06 00:52:03.105,1.30567,1.30573
2013.03.06 00:52:03.651,1.30567,1.30573
2013.03.06 00:52:05.325,1.30566,1.30573
2013.03.06 00:52:05.396,1.30566,1.30573
2013.03.06 00:52:05.528,1.30566,1.30572
2013.03.06 00:52:06.725,1.30564,1.3057
2013.03.06 00:52:07.554,1.30565,1.30571
2013.03.06 00:52:07.675,1.30568,1.30573
2013.03.06 00:52:07.977,1.30571,1.30576
2013.03.06 00:52:08.166,1.30573,1.30579
2013.03.06 00:52:08.704,1.30573,1.3058
2013.03.06 00:52:11.138,1.30573,1.30578
2013.03.06 00:52:11.504,1.30571,1.30577
2013.03.06 00:52:11.565,1.30571,1.30577
2013.03.06 00:52:12.105,1.30569,1.30575
2013.03.06 00:52:12.716,1.30569,1.30575
2013.03.06 00:52:13.265,1.30572,1.30577
2013.03.06 00:52:15.678,1.30572,1.30577
2013.03.06 00:52:17.654,1.30572,1.30578
2013.03.06 00:52:19.856,1.30572,1.30577
2013.03.06 00:52:19.926,1.30571,1.30577
2013.03.06 00:52:20.465,1.30568,1.30575
2013.03.06 00:52:22.395,1.30571,1.30577
2013.03.06 00:52:22.455,1.30574,1.30579
2013.03.06 00:52:23.005,1.30573,1.30579
2013.03.06 00:52:24.420,1.30573,1.3058
2013.03.06 00:52:30.774,1.30573,1.3058
2013.03.06 00:52:32.693,1.30573,1.3058
2013.03.06 00:52:33.265,1.30573,1.3058
2013.03.06 00:52:42.255,1.30574,1.3058
2013.03.06 00:52:42.904,1.30574,1.3058
2013.03.06 00:52:54.294,1.30572,1.30579
2013.03.06 00:52:54.415,1.30572,1.30578
2013.03.06 00:52:54.474,1.30571,1.30578
2013.03.06 00:52:54.912,1.30572,1.3058
2013.03.06 00:53:01.007,1.30573,1.3058
2013.03.06 00:53:01.944,1.30573,1.3058
2013.03.06 00:53:11.444,1.30573,1.3058
2013.03.06 00:53:11.995,1.30572,1.3058
2013.03.06 00:53:20.215,1.30574,1.30582
2013.03.06 00:53:20.574,1.30574,1.30582
2013.03.06 00:53:20.634,1.30574,1.30582
2013.03.06 00:53:21.408,1.30574,1.30583
2013.03.06 00:53:41.139,1.30576,1.30583
2013.03.06 00:53:52.500,1.30576,1.30582
2013.03.06 00:53:54.385,1.30576,1.30584
2013.03.06 00:53:54.504,1.30576,1.30584
2013.03.06 00:53:54.748,1.30579,1.30585
2013.03.06 00:53:54.877,1.30581,1.30586
2013.03.06 00:53:54.946,1.30582,1.30586
2013.03.06 00:53:55.518,1.30579,1.30586
2013.03.06 00:53:56.065,1.30579,1.30587
2013.03.06 00:53:56.124,1.30579,1.30587
2013.03.06 00:53:59.947,1.30579,1.30587
2013.03.06 00:54:00.016,1.30579,1.30585
2013.03.06 00:54:00.745,1.30578,1.30585
2013.03.06 00:54:01.286,1.30578,1.30585
2013.03.06 00:54:02.329,1.30578,1.30585
2013.03.06 00:54:04.467,1.3058,1.30586
2013.03.06 00:54:04.606,1.30583,1.30589
2013.03.06 00:54:04.725,1.30584,1.30591
2013.03.06 00:54:05.274,1.30585,1.30592
2013.03.06 00:54:07.745,1.30585,1.30592
2013.03.06 00:54:08.264,1.30585,1.30593
2013.03.06 00:54:12.436,1.30584,1.30592
2013.03.06 00:54:12.738,1.30583,1.30588
2013.03.06 00:54:12.986,1.3058,1.30587
2013.03.06 00:54:13.525,1.30581,1.30587
2013.03.06 00:54:13.585,1.30581,1.30587
2013.03.06 00:54:13.826,1.30584,1.30592
2013.03.06 00:54:14.801,1.30585,1.30591
2013.03.06 00:54:15.399,1.30584,1.3059
2013.03.06 00:54:16.106,1.30581,1.3059
2013.03.06 00:54:16.185,1.30581,1.30586
2013.03.06 00:54:16.247,1.3058,1.30586
2013.03.06 00:54:28.148,1.30578,1.30584
2013.03.06 00:54:28.455,1.30575,1.30582
2013.03.06 00:54:29.116,1.30575,1.30582
2013.03.06 00:54:29.476,1.30575,1.30582
2013.03.06 00:54:44.846,1.30576,1.30582
2013.03.06 00:54:51.825,1.30579,1.30583
2013.03.06 00:54:52.249,1.3058,1.30585
2013.03.06 00:54:52.495,1.30581,1.30586
2013.03.06 00:54:52.556,1.30583,1.30586
2013.03.06 00:54:52.677,1.30585,1.3059
2013.03.06 00:54:53.357,1.30584,1.30589
2013.03.06 00:54:53.887,1.30583,1.30589
2013.03.06 00:54:54.086,1.30583,1.30589
2013.03.06 00:54:54.706,1.30585,1.30589
2013.03.06 00:54:54.848,1.30584,1.30589
2013.03.06 00:54:55.575,1.30584,1.30589
2013.03.06 00:54:56.635,1.30583,1.30589
2013.03.06 00:54:57.187,1.30583,1.3059
2013.03.06 00:54:57.735,1.30584,1.30589
2013.03.06 00:54:58.276,1.30584,1.3059
2013.03.06 00:54:58.867,1.30584,1.3059
2013.03.06 00:54:59.640,1.30584,1.30591
2013.03.06 00:54:59.947,1.3059,1.30597
2013.03.06 00:55:00.017,1.3059,1.30597
2013.03.06 00:55:00.777,1.3059,1.30597
2013.03.06 00:55:00.905,1.3059,1.30597
2013.03.06 00:55:01.456,1.3059,1.30597
2013.03.06 00:55:01.696,1.30592,1.306
2013.03.06 00:55:01.899,1.30591,1.306
2013.03.06 00:55:01.975,1.30591,1.306
2013.03.06 00:55:02.475,1.30591,1.306
2013.03.06 00:55:03.025,1.30591,1.306
2013.03.06 00:55:10.065,1.30596,1.30603
2013.03.06 00:55:10.605,1.30595,1.30603
2013.03.06 00:55:11.239,1.30596,1.30603
2013.03.06 00:55:12.427,1.30597,1.30603
2013.03.06 00:55:12.906,1.30597,1.30604
2013.03.06 00:55:13.207,1.30597,1.30601
2013.03.06 00:55:13.575,1.30595,1.30603
2013.03.06 00:55:14.114,1.30595,1.30603
2013.03.06 00:55:14.831,1.30595,1.30603
2013.03.06 00:55:16.665,1.30594,1.30603
2013.03.06 00:55:17.026,1.30594,1.30602
2013.03.06 00:55:17.265,1.30594,1.30603
2013.03.06 00:55:17.935,1.30594,1.30603
2013.03.06 00:55:20.213,1.30594,1.30602
2013.03.06 00:55:20.755,1.30595,1.30601
2013.03.06 00:55:22.750,1.30595,1.30601
2013.03.06 00:55:22.947,1.30592,1.30599
2013.03.06 00:55:23.076,1.30592,1.30598
2013.03.06 00:55:24.245,1.3059,1.30595
2013.03.06 00:55:25.236,1.30589,1.30595
2013.03.06 00:55:25.667,1.30588,1.30597
2013.03.06 00:55:25.727,1.30588,1.30597
2013.03.06 00:55:27.406,1.30592,1.30601
2013.03.06 00:55:27.749,1.30593,1.30601
2013.03.06 00:55:29.985,1.30593,1.30601
2013.03.06 00:55:41.705,1.30595,1.30602
2013.03.06 00:55:45.245,1.30595,1.30603
2013.03.06 00:55:48.185,1.30595,1.30603
2013.03.06 00:55:48.756,1.30595,1.30603
2013.03.06 00:55:48.886,1.30595,1.30601
2013.03.06 00:55:49.557,1.30595,1.30601
2013.03.06 00:55:51.217,1.30595,1.30602
2013.03.06 00:55:51.275,1.30595,1.30601
2013.03.06 00:55:52.003,1.30595,1.30603
2013.03.06 00:55:56.345,1.30597,1.30603
2013.03.06 00:55:56.406,1.30597,1.30603
2013.03.06 00:55:56.710,1.30597,1.30605
2013.03.06 00:55:57.286,1.30597,1.30605
2013.03.06 00:56:03.406,1.30598,1.30605
2013.03.06 00:56:04.268,1.30597,1.30604
2013.03.06 00:56:04.815,1.30597,1.30603
2013.03.06 00:56:05.425,1.30597,1.30603
2013.03.06 00:56:07.395,1.30596,1.30602
2013.03.06 00:56:07.955,1.30596,1.30602
2013.03.06 00:56:14.686,1.30595,1.30602
2013.03.06 00:56:15.425,1.30595,1.30601
2013.03.06 00:56:18.965,1.30595,1.30602
2013.03.06 00:56:20.896,1.30596,1.30603
2013.03.06 00:56:21.255,1.30597,1.30605
2013.03.06 00:56:22.717,1.30599,1.30607
2013.03.06 00:56:23.405,1.30599,1.30606
2013.03.06 00:56:24.304,1.30599,1.30606
2013.03.06 00:56:26.836,1.30598,1.30605
2013.03.06 00:56:26.896,1.30598,1.30604
2013.03.06 00:56:27.438,1.30596,1.30602
2013.03.06 00:56:40.326,1.30596,1.30601
2013.03.06 00:56:43.066,1.30595,1.30602
2013.03.06 00:56:44.166,1.30597,1.30602
2013.03.06 00:56:44.476,1.30597,1.30602
2013.03.06 00:56:46.607,1.30595,1.306
2013.03.06 00:56:47.155,1.30595,1.30599
2013.03.06 00:56:52.498,1.30593,1.30599
2013.03.06 00:56:54.106,1.30592,1.30601
2013.03.06 00:56:54.589,1.30592,1.30601
2013.03.06 00:56:56.511,1.30596,1.30602
2013.03.06 00:56:57.348,1.30596,1.30601
2013.03.06 00:57:03.456,1.30594,1.30601
2013.03.06 00:57:04.195,1.30594,1.30601
2013.03.06 00:57:08.885,1.30594,1.30601
2013.03.06 00:57:14.685,1.30596,1.30601
2013.03.06 00:57:15.125,1.30596,1.30602
2013.03.06 00:57:15.527,1.30596,1.30601
2013.03.06 00:57:18.096,1.30595,1.30601
2013.03.06 00:57:18.676,1.30595,1.30601
2013.03.06 00:57:41.057,1.30594,1.30601
2013.03.06 00:57:41.547,1.30594,1.30601
2013.03.06 00:57:42.705,1.30594,1.30601
2013.03.06 00:57:49.488,1.30594,1.30599
2013.03.06 00:57:49.557,1.30594,1.30599
2013.03.06 00:57:49.919,1.30592,1.30598
2013.03.06 00:57:50.466,1.30592,1.30597
2013.03.06 00:57:50.527,1.30592,1.30598
2013.03.06 00:57:51.065,1.3059,1.30597
2013.03.06 00:57:54.525,1.3059,1.30597
2013.03.06 00:57:55.213,1.30588,1.30595
2013.03.06 00:57:55.292,1.30588,1.30594
2013.03.06 00:57:55.537,1.30586,1.30592
2013.03.06 00:57:55.725,1.30584,1.30592
2013.03.06 00:57:55.905,1.30584,1.30592
2013.03.06 00:57:56.531,1.30584,1.30592
2013.03.06 00:57:57.515,1.30584,1.30592
2013.03.06 00:57:58.596,1.30586,1.30592
2013.03.06 00:57:59.136,1.30586,1.30593
2013.03.06 00:57:59.475,1.30585,1.30593
2013.03.06 00:58:00.555,1.30585,1.30593
2013.03.06 00:58:01.547,1.30585,1.30594
2013.03.06 00:58:01.679,1.30587,1.30594
2013.03.06 00:58:01.806,1.30587,1.30595
2013.03.06 00:58:02.107,1.30586,1.30596
2013.03.06 00:58:03.086,1.30586,1.30594
2013.03.06 00:58:05.606,1.30587,1.30594
2013.03.06 00:58:05.788,1.30586,1.30594
2013.03.06 00:58:06.305,1.30585,1.30592
2013.03.06 00:58:07.086,1.30585,1.30594
2013.03.06 00:58:07.445,1.30586,1.30594
2013.03.06 00:58:08.000,1.30584,1.30594
2013.03.06 00:58:08.128,1.30584,1.30593
2013.03.06 00:58:08.635,1.30584,1.30594
2013.03.06 00:58:08.935,1.30584,1.30594
2013.03.06 00:58:10.246,1.30584,1.30594
2013.03.06 00:58:10.556,1.30586,1.30594
2013.03.06 00:58:11.563,1.30586,1.30594
2013.03.06 00:58:13.386,1.30587,1.30594
2013.03.06 00:58:13.925,1.30586,1.30592
2013.03.06 00:58:15.065,1.30587,1.30595
2013.03.06 00:58:15.326,1.30587,1.30595
2013.03.06 00:58:15.989,1.30588,1.30596
2013.03.06 00:58:16.055,1.30588,1.30596
2013.03.06 00:58:16.606,1.30591,1.30597
2013.03.06 00:58:17.622,1.30591,1.30598
2013.03.06 00:58:20.136,1.30595,1.30598
2013.03.06 00:58:20.456,1.30597,1.30603
2013.03.06 00:58:20.635,1.30601,1.30609
2013.03.06 00:58:21.176,1.306,1.30608
2013.03.06 00:58:21.739,1.30599,1.30608
2013.03.06 00:58:22.047,1.30597,1.30604
2013.03.06 00:58:22.105,1.30597,1.30604
2013.03.06 00:58:22.879,1.30597,1.30604
2013.03.06 00:58:24.116,1.30597,1.30605
2013.03.06 00:58:24.655,1.30598,1.30606
2013.03.06 00:58:25.665,1.30598,1.30606
2013.03.06 00:58:26.727,1.30599,1.30606
2013.03.06 00:58:26.906,1.306,1.30609
2013.03.06 00:58:27.446,1.30603,1.30611
2013.03.06 00:58:27.505,1.30603,1.30611
2013.03.06 00:58:27.751,1.30603,1.30613
2013.03.06 00:58:28.265,1.30603,1.30613
2013.03.06 00:58:28.795,1.30604,1.30613
2013.03.06 00:58:28.858,1.30604,1.30613
2013.03.06 00:58:29.286,1.30604,1.3061
2013.03.06 00:58:29.527,1.30603,1.3061
2013.03.06 00:58:29.887,1.30606,1.30612
2013.03.06 00:58:29.958,1.30611,1.30616
2013.03.06 00:58:30.403,1.3061,1.30619
2013.03.06 00:58:30.486,1.30613,1.30622
2013.03.06 00:58:31.025,1.30612,1.30619
2013.03.06 00:58:31.575,1.30612,1.30619
2013.03.06 00:58:32.248,1.30612,1.30618
2013.03.06 00:58:32.558,1.30609,1.30614
2013.03.06 00:58:32.746,1.30605,1.30613
2013.03.06 00:58:32.926,1.30605,1.30613
2013.03.06 00:58:33.120,1.30605,1.30614
2013.03.06 00:58:34.627,1.30604,1.30613
2013.03.06 00:58:35.176,1.30603,1.30611
2013.03.06 00:58:35.736,1.30603,1.30611
2013.03.06 00:58:36.878,1.30603,1.30606
2013.03.06 00:58:37.187,1.306,1.30605
2013.03.06 00:58:37.370,1.306,1.30605
2013.03.06 00:58:39.138,1.30599,1.30607
2013.03.06 00:58:39.210,1.306,1.30607
2013.03.06 00:58:39.276,1.30601,1.3061
2013.03.06 00:58:39.515,1.30602,1.30611
2013.03.06 00:58:40.056,1.30603,1.30612
2013.03.06 00:58:40.372,1.30606,1.30613
2013.03.06 00:58:40.582,1.30608,1.30614
2013.03.06 00:58:40.648,1.30608,1.30614
2013.03.06 00:58:40.955,1.30606,1.30613
2013.03.06 00:58:41.076,1.30604,1.3061
2013.03.06 00:58:42.300,1.30604,1.3061
2013.03.06 00:58:42.846,1.30604,1.3061
2013.03.06 00:58:49.855,1.30604,1.3061
2013.03.06 00:58:55.016,1.30604,1.30612
2013.03.06 00:58:59.525,1.30603,1.3061
2013.03.06 00:58:59.645,1.30603,1.30609
2013.03.06 00:59:04.759,1.30601,1.30606
2013.03.06 00:59:04.948,1.30599,1.30604
2013.03.06 00:59:05.019,1.30598,1.30604
2013.03.06 00:59:05.396,1.30596,1.30602
2013.03.06 00:59:08.200,1.306,1.30604
2013.03.06 00:59:08.268,1.30601,1.30611
2013.03.06 00:59:08.581,1.30601,1.30611
2013.03.06 00:59:08.885,1.30604,1.30612
2013.03.06 00:59:10.778,1.30604,1.30612
2013.03.06 00:59:17.025,1.30604,1.30611
2013.03.06 00:59:19.296,1.30604,1.30611
2013.03.06 00:59:21.334,1.30604,1.30611
2013.03.06 00:59:28.576,1.30603,1.30609
2013.03.06 00:59:28.816,1.30601,1.30609
2013.03.06 00:59:38.745,1.30601,1.30608
2013.03.06 00:59:38.805,1.30601,1.30607
2013.03.06 00:59:39.047,1.30596,1.30604
2013.03.06 00:59:39.498,1.30594,1.30603
2013.03.06 00:59:40.044,1.30594,1.30602
2013.03.06 00:59:41.204,1.30594,1.30602
2013.03.06 00:59:43.237,1.30595,1.30602
2013.03.06 00:59:44.540,1.30597,1.30604
2013.03.06 00:59:44.605,1.30597,1.30604
2013.03.06 00:59:46.405,1.30597,1.30606
2013.03.06 00:59:46.468,1.30599,1.30607
2013.03.06 00:59:46.600,1.30603,1.30608
2013.03.06 00:59:46.749,1.30609,1.30614
2013.03.06 00:59:47.117,1.30607,1.30613
2013.03.06 00:59:47.187,1.30606,1.30613
2013.03.06 00:59:47.725,1.30604,1.30613
2013.03.06 00:59:48.268,1.30604,1.30613
2013.03.06 00:59:49.135,1.30607,1.30615
2013.03.06 00:59:49.195,1.30607,1.30615
2013.03.06 00:59:49.447,1.3061,1.30617
2013.03.06 00:59:49.506,1.3061,1.30618
2013.03.06 00:59:49.686,1.30611,1.30619
2013.03.06 00:59:49.865,1.30611,1.30619
2013.03.06 00:59:50.166,1.30611,1.30618
2013.03.06 00:59:50.405,1.3061,1.30617
2013.03.06 00:59:52.096,1.30611,1.30619
2013.03.06 00:59:52.827,1.30613,1.3062
2013.03.06 00:59:53.007,1.30616,1.30624
2013.03.06 00:59:53.125,1.30616,1.30624
2013.03.06 00:59:54.315,1.30616,1.30624
2013.03.06 01:00:06.797,1.30617,1.30624
2013.03.06 01:00:10.975,1.30621,1.30624
2013.03.06 01:00:11.037,1.30618,1.30624
2013.03.06 01:00:12.286,1.30618,1.30624
2013.03.06 01:00:12.764,1.30618,1.30624
2013.03.06 01:00:12.946,1.30618,1.30624
2013.03.06 01:00:13.301,1.30618,1.30624
2013.03.06 01:00:14.025,1.30618,1.30624
2013.03.06 01:00:14.507,1.30618,1.30624
2013.03.06 01:00:14.866,1.3062,1.30629
2013.03.06 01:00:15.164,1.30623,1.30632
2013.03.06 01:00:15.529,1.30625,1.30631
2013.03.06 01:00:15.846,1.30625,1.30634
2013.03.06 01:00:15.903,1.30624,1.30631
2013.03.06 01:00:16.205,1.30623,1.30626
2013.03.06 01:00:16.324,1.30623,1.30631
2013.03.06 01:00:16.953,1.30624,1.30631
2013.03.06 01:00:17.594,1.30624,1.30631
2013.03.06 01:00:18.045,1.30623,1.30633
2013.03.06 01:00:18.224,1.30627,1.30634
2013.03.06 01:00:18.284,1.30627,1.30634
2013.03.06 01:00:19.014,1.30628,1.30634
2013.03.06 01:00:19.632,1.3063,1.30638
2013.03.06 01:00:20.274,1.30631,1.30639
2013.03.06 01:00:20.334,1.30631,1.30642
2013.03.06 01:00:20.394,1.30633,1.30641
2013.03.06 01:00:21.139,1.30633,1.3064
2013.03.06 01:00:21.733,1.30634,1.3064
2013.03.06 01:00:22.337,1.30634,1.30641
2013.03.06 01:00:23.193,1.30634,1.30641
2013.03.06 01:00:23.443,1.30634,1.30643
2013.03.06 01:00:24.020,1.30634,1.30643
2013.03.06 01:00:24.374,1.30636,1.3065
2013.03.06 01:00:24.673,1.30637,1.30651
2013.03.06 01:00:24.733,1.30639,1.30647
2013.03.06 01:00:25.213,1.30639,1.30647
2013.03.06 01:00:25.774,1.30639,1.30646
2013.03.06 01:00:26.033,1.30639,1.30646
2013.03.06 01:00:26.573,1.30639,1.30647
2013.03.06 01:00:27.165,1.30639,1.30646
2013.03.06 01:00:27.553,1.30639,1.30647
2013.03.06 01:00:28.594,1.3064,1.30648
2013.03.06 01:00:28.653,1.30639,1.30647
2013.03.06 01:00:29.216,1.3064,1.30648
2013.03.06 01:00:29.288,1.30641,1.30648
2013.03.06 01:00:29.595,1.30643,1.30653
2013.03.06 01:00:30.104,1.30643,1.3065
2013.03.06 01:00:31.076,1.30646,1.30655
2013.03.06 01:00:31.625,1.30645,1.30651
2013.03.06 01:00:32.228,1.30645,1.3065
2013.03.06 01:00:32.745,1.30644,1.3065
2013.03.06 01:00:33.144,1.30643,1.3065
2013.03.06 01:00:33.324,1.30643,1.3065
2013.03.06 01:00:35.965,1.30643,1.3065
2013.03.06 01:00:36.814,1.30643,1.3065
2013.03.06 01:00:37.903,1.30643,1.3065
2013.03.06 01:00:38.435,1.30643,1.30649
2013.03.06 01:00:38.554,1.30643,1.30649
2013.03.06 01:00:39.394,1.30642,1.30649
2013.03.06 01:00:41.583,1.30641,1.30648
2013.03.06 01:00:41.904,1.3064,1.30648
2013.03.06 01:00:42.205,1.30639,1.30648
2013.03.06 01:00:42.402,1.30639,1.30644
2013.03.06 01:00:42.524,1.30639,1.30648
2013.03.06 01:00:43.534,1.30639,1.30648
2013.03.06 01:00:44.315,1.30639,1.30645
2013.03.06 01:00:44.734,1.30633,1.30641
2013.03.06 01:00:44.855,1.30633,1.30641
2013.03.06 01:00:45.402,1.30633,1.30638
2013.03.06 01:00:45.704,1.30633,1.30642
2013.03.06 01:00:46.147,1.30637,1.30643
2013.03.06 01:00:46.736,1.30636,1.30642
2013.03.06 01:00:47.315,1.30634,1.30643
2013.03.06 01:00:50.430,1.30637,1.30643
2013.03.06 01:01:03.664,1.30633,1.30643
2013.03.06 01:01:03.844,1.30635,1.30643
2013.03.06 01:01:04.414,1.30628,1.3064
2013.03.06 01:01:04.725,1.30628,1.30635
2013.03.06 01:01:05.054,1.30628,1.30634
2013.03.06 01:01:06.003,1.30624,1.30632
2013.03.06 01:01:06.305,1.30624,1.30632
2013.03.06 01:01:06.433,1.30624,1.30632
2013.03.06 01:01:06.854,1.30622,1.30629
2013.03.06 01:01:07.624,1.30622,1.3063
2013.03.06 01:01:09.194,1.30627,1.30633
2013.03.06 01:01:09.348,1.30622,1.30629
2013.03.06 01:01:09.704,1.30623,1.30631
2013.03.06 01:01:10.424,1.30624,1.30631
2013.03.06 01:01:11.018,1.30624,1.30629
2013.03.06 01:01:12.383,1.30621,1.30629
2013.03.06 01:01:14.085,1.30621,1.30629
2013.03.06 01:01:14.285,1.30621,1.30629
2013.03.06 01:01:16.425,1.30621,1.30629
2013.03.06 01:01:20.934,1.30621,1.30628
2013.03.06 01:01:23.673,1.30621,1.30628
2013.03.06 01:01:23.853,1.30622,1.3063
2013.03.06 01:01:25.939,1.30626,1.3063
2013.03.06 01:01:26.124,1.30623,1.3063
2013.03.06 01:01:34.534,1.30624,1.3063
2013.03.06 01:01:35.038,1.30621,1.30627
2013.03.06 01:01:44.414,1.30621,1.3063
2013.03.06 01:01:45.145,1.30621,1.30629
2013.03.06 01:01:46.264,1.30621,1.30629
2013.03.06 01:01:50.298,1.30624,1.30629
2013.03.06 01:01:50.523,1.30621,1.30629
2013.03.06 01:02:05.834,1.30622,1.3063
2013.03.06 01:02:06.354,1.3062,1.30629
2013.03.06 01:02:06.894,1.30622,1.3063
2013.03.06 01:02:14.654,1.30622,1.3063
2013.03.06 01:02:31.084,1.30622,1.3063
2013.03.06 01:02:31.263,1.30619,1.30628
2013.03.06 01:02:32.574,1.30621,1.3063
2013.03.06 01:02:35.404,1.3062,1.30629
2013.03.06 01:02:39.335,1.30622,1.3063
2013.03.06 01:02:39.525,1.30622,1.30628
2013.03.06 01:02:40.064,1.30621,1.30628
2013.03.06 01:02:40.244,1.30621,1.3063
2013.03.06 01:02:42.195,1.30619,1.30631
2013.03.06 01:02:42.734,1.3062,1.3063
2013.03.06 01:02:43.530,1.3062,1.3063
2013.03.06 01:02:45.804,1.30621,1.30631
2013.03.06 01:02:45.864,1.30621,1.3063
2013.03.06 01:02:46.224,1.30622,1.30631
2013.03.06 01:02:46.284,1.30624,1.30632
2013.03.06 01:02:46.857,1.30624,1.30632
2013.03.06 01:02:47.494,1.30623,1.30632
2013.03.06 01:02:48.574,1.30623,1.30632
2013.03.06 01:02:48.754,1.30624,1.30633
2013.03.06 01:02:49.053,1.30621,1.30631
2013.03.06 01:02:50.546,1.30621,1.30631
2013.03.06 01:02:54.804,1.30624,1.30631
2013.03.06 01:02:54.865,1.30624,1.30633
2013.03.06 01:02:54.983,1.30625,1.30634
2013.03.06 01:02:55.344,1.30624,1.30632
2013.03.06 01:02:55.663,1.30624,1.30631
2013.03.06 01:02:57.554,1.30622,1.30632
2013.03.06 01:02:57.853,1.30622,1.30632
2013.03.06 01:02:58.393,1.30624,1.30632
2013.03.06 01:03:03.194,1.30623,1.30632
2013.03.06 01:03:03.314,1.30625,1.30633
2013.03.06 01:03:05.494,1.30624,1.30633
2013.03.06 01:03:06.034,1.30624,1.30633
2013.03.06 01:03:07.534,1.30624,1.30634
2013.03.06 01:03:10.804,1.30627,1.30634
2013.03.06 01:03:10.985,1.30628,1.30635
2013.03.06 01:03:11.165,1.30628,1.30635
2013.03.06 01:03:11.345,1.3063,1.30639
2013.03.06 01:03:11.884,1.30632,1.30641
2013.03.06 01:03:12.516,1.30633,1.30641
2013.03.06 01:03:14.755,1.30633,1.30641
2013.03.06 01:03:15.294,1.30633,1.30641
2013.03.06 01:03:25.115,1.30634,1.30641
2013.03.06 01:03:25.654,1.30635,1.30642
2013.03.06 01:03:25.926,1.30634,1.30643
2013.03.06 01:03:26.186,1.30636,1.30647
2013.03.06 01:03:26.545,1.30636,1.30643
2013.03.06 01:03:26.604,1.30636,1.30643
2013.03.06 01:03:26.724,1.30636,1.30644
2013.03.06 01:03:26.784,1.30636,1.30646
2013.03.06 01:03:26.966,1.30636,1.30646
2013.03.06 01:03:31.324,1.3064,1.30648
2013.03.06 01:03:32.414,1.3064,1.30648
2013.03.06 01:03:33.574,1.3064,1.30648
2013.03.06 01:03:34.644,1.3064,1.30648
2013.03.06 01:03:35.184,1.3064,1.30648
2013.03.06 01:03:37.195,1.30641,1.30648
2013.03.06 01:03:37.555,1.30633,1.30643
2013.03.06 01:03:37.854,1.30634,1.30643
2013.03.06 01:03:37.914,1.30635,1.30646
2013.03.06 01:03:38.094,1.30638,1.30647
2013.03.06 01:03:38.634,1.30639,1.30649
2013.03.06 01:03:40.854,1.3064,1.30651
2013.03.06 01:03:41.380,1.30642,1.3065
2013.03.06 01:03:42.104,1.30641,1.30649
2013.03.06 01:03:42.164,1.3064,1.30648
2013.03.06 01:03:48.454,1.3064,1.30648
2013.03.06 01:03:49.014,1.3064,1.30648
2013.03.06 01:03:49.877,1.3064,1.30648
2013.03.06 01:03:50.674,1.3064,1.30648
2013.03.06 01:03:51.216,1.3064,1.30648
2013.03.06 01:03:51.276,1.3064,1.30648
2013.03.06 01:03:53.294,1.3064,1.30648
2013.03.06 01:03:53.833,1.3064,1.30647
2013.03.06 01:03:56.164,1.3064,1.30647
2013.03.06 01:03:57.057,1.3064,1.30648
2013.03.06 01:03:57.116,1.3064,1.30649
2013.03.06 01:03:57.294,1.30642,1.3065
2013.03.06 01:03:57.474,1.30643,1.3065
2013.03.06 01:04:09.554,1.30642,1.30649
2013.03.06 01:04:09.614,1.30642,1.30648
2013.03.06 01:04:11.314,1.30641,1.30649
2013.03.06 01:04:11.504,1.30641,1.30648
2013.03.06 01:04:13.554,1.3064,1.30649
2013.03.06 01:04:13.935,1.3064,1.30648
2013.03.06 01:04:14.661,1.3064,1.30648
2013.03.06 01:04:18.135,1.3064,1.30648
2013.03.06 01:04:18.673,1.3064,1.30648
2013.03.06 01:04:18.734,1.3064,1.30646
2013.03.06 01:04:20.044,1.30638,1.30645
2013.03.06 01:04:27.531,1.30638,1.30646
2013.03.06 01:04:30.494,1.30638,1.30645
2013.03.06 01:04:31.105,1.30638,1.30646
2013.03.06 01:04:31.935,1.30637,1.30646
2013.03.06 01:04:32.294,1.30638,1.30646
2013.03.06 01:04:39.424,1.30639,1.30646
2013.03.06 01:04:46.230,1.30639,1.30646
2013.03.06 01:04:48.545,1.30638,1.30646
2013.03.06 01:04:49.199,1.30638,1.30646
2013.03.06 01:04:54.944,1.30639,1.30646
2013.03.06 01:05:09.044,1.3064,1.30647
2013.03.06 01:05:09.577,1.3064,1.30647
2013.03.06 01:05:16.827,1.3064,1.30647
2013.03.06 01:05:17.925,1.30639,1.30646
2013.03.06 01:05:20.021,1.30637,1.30645
2013.03.06 01:05:20.099,1.30634,1.30642
2013.03.06 01:05:20.700,1.30634,1.30641
2013.03.06 01:05:22.576,1.30634,1.30641
2013.03.06 01:05:22.756,1.30635,1.30641
2013.03.06 01:05:23.376,1.30634,1.30641
2013.03.06 01:05:25.075,1.30633,1.30639
2013.03.06 01:05:25.735,1.30632,1.30639
2013.03.06 01:05:26.055,1.30632,1.30639
2013.03.06 01:05:26.696,1.30632,1.30639
2013.03.06 01:05:30.135,1.30632,1.30639
2013.03.06 01:05:33.149,1.30632,1.30639
2013.03.06 01:05:49.415,1.30631,1.30637
2013.03.06 01:05:49.778,1.30629,1.30637
2013.03.06 01:05:50.726,1.30629,1.30636
2013.03.06 01:05:51.565,1.30629,1.30636
2013.03.06 01:05:51.986,1.30629,1.30636
2013.03.06 01:05:54.768,1.3063,1.30638
2013.03.06 01:05:54.837,1.30631,1.30638
2013.03.06 01:05:55.086,1.3063,1.30638
2013.03.06 01:05:55.447,1.30625,1.30633
2013.03.06 01:05:55.843,1.30624,1.30632
2013.03.06 01:05:55.926,1.30622,1.30629
2013.03.06 01:05:56.476,1.30622,1.30629
2013.03.06 01:05:57.451,1.30622,1.30629
2013.03.06 01:05:57.878,1.30624,1.30632
2013.03.06 01:05:58.476,1.30625,1.30631
2013.03.06 01:06:00.056,1.30625,1.30631
2013.03.06 01:06:02.717,1.30623,1.3063
2013.03.06 01:06:02.896,1.30623,1.3063
2013.03.06 01:06:06.375,1.30622,1.3063
2013.03.06 01:06:07.776,1.30622,1.30629
2013.03.06 01:06:08.326,1.30621,1.30628
2013.03.06 01:06:10.006,1.3062,1.30628
2013.03.06 01:06:10.522,1.3062,1.30628
2013.03.06 01:06:12.497,1.3062,1.30628
2013.03.06 01:06:12.617,1.3062,1.30628
2013.03.06 01:06:15.286,1.30623,1.3063
2013.03.06 01:06:17.187,1.30625,1.30631
2013.03.06 01:06:17.736,1.30625,1.30631
2013.03.06 01:06:18.284,1.30625,1.30631
2013.03.06 01:06:21.008,1.30625,1.30632
2013.03.06 01:06:21.696,1.30626,1.30632
2013.03.06 01:06:22.226,1.30626,1.30633
2013.03.06 01:06:25.018,1.30628,1.30633
2013.03.06 01:06:35.707,1.30627,1.30633
2013.03.06 01:06:35.947,1.30627,1.30635
2013.03.06 01:06:36.188,1.30629,1.30636
2013.03.06 01:06:36.247,1.30631,1.30637
2013.03.06 01:06:38.269,1.30631,1.30637
2013.03.06 01:06:38.936,1.30631,1.30637
2013.03.06 01:06:39.068,1.30633,1.30639
2013.03.06 01:06:40.859,1.30633,1.3064
2013.03.06 01:06:41.421,1.30633,1.3064
2013.03.06 01:06:42.818,1.30634,1.3064
2013.03.06 01:06:43.128,1.30637,1.30644
2013.03.06 01:06:44.635,1.30637,1.30644
2013.03.06 01:06:44.818,1.30635,1.30642
2013.03.06 01:06:44.996,1.30635,1.30642
2013.03.06 01:06:45.996,1.30634,1.30642
2013.03.06 01:06:46.617,1.30634,1.30644
2013.03.06 01:06:48.606,1.30637,1.30644
2013.03.06 01:06:48.789,1.30637,1.30644
2013.03.06 01:06:49.335,1.30637,1.30645
2013.03.06 01:06:51.397,1.30639,1.30645
2013.03.06 01:06:51.635,1.30639,1.30646
2013.03.06 01:06:52.298,1.30639,1.30648
2013.03.06 01:06:53.646,1.30639,1.30648
2013.03.06 01:06:53.946,1.3064,1.30648
2013.03.06 01:06:55.915,1.3064,1.30648
2013.03.06 01:07:03.246,1.3064,1.30648
2013.03.06 01:07:03.931,1.30639,1.30648
2013.03.06 01:07:06.771,1.3064,1.30648
2013.03.06 01:07:07.139,1.3064,1.30648
2013.03.06 01:07:09.577,1.30641,1.30648
2013.03.06 01:07:10.086,1.30641,1.30648
2013.03.06 01:07:10.595,1.30641,1.30648
2013.03.06 01:07:11.625,1.30641,1.30648
2013.03.06 01:07:15.759,1.30641,1.30648
2013.03.06 01:07:21.598,1.3064,1.30645
2013.03.06 01:07:21.668,1.3064,1.30646
2013.03.06 01:07:21.786,1.30639,1.30645
2013.03.06 01:07:22.396,1.30639,1.30648
2013.03.06 01:07:23.122,1.30639,1.30648
2013.03.06 01:07:29.786,1.3064,1.30645
2013.03.06 01:07:30.146,1.30638,1.30645
2013.03.06 01:07:30.696,1.30637,1.30644
2013.03.06 01:07:32.586,1.30636,1.30644
2013.03.06 01:07:44.737,1.3064,1.30645
2013.03.06 01:07:56.237,1.30636,1.30644
2013.03.06 01:07:56.356,1.30636,1.30642
2013.03.06 01:07:57.525,1.30634,1.30641
2013.03.06 01:08:02.176,1.30634,1.30642
2013.03.06 01:08:02.937,1.30634,1.30641
2013.03.06 01:08:04.384,1.30634,1.30641
2013.03.06 01:08:16.666,1.30633,1.30639
2013.03.06 01:08:16.968,1.30632,1.30635
2013.03.06 01:08:17.038,1.30628,1.30635
2013.03.06 01:08:17.157,1.30628,1.30634
2013.03.06 01:08:17.276,1.30629,1.30636
2013.03.06 01:08:17.457,1.3063,1.30636
2013.03.06 01:08:18.197,1.3063,1.30637
2013.03.06 01:08:18.847,1.30629,1.30634
2013.03.06 01:08:18.908,1.30625,1.30634
2013.03.06 01:08:18.968,1.30624,1.30631
2013.03.06 01:08:19.037,1.30624,1.30631
2013.03.06 01:08:19.158,1.30624,1.30631
2013.03.06 01:08:19.696,1.30623,1.30628
2013.03.06 01:08:20.377,1.30623,1.30628
2013.03.06 01:08:23.757,1.30622,1.30628
2013.03.06 01:08:24.536,1.30622,1.30628
2013.03.06 01:08:28.327,1.30622,1.30628
2013.03.06 01:08:29.707,1.30622,1.30628
2013.03.06 01:08:30.247,1.30625,1.30631
2013.03.06 01:08:30.957,1.30627,1.30631
2013.03.06 01:08:31.041,1.30631,1.30638
2013.03.06 01:08:31.108,1.30631,1.30638
2013.03.06 01:08:31.656,1.30632,1.30639
2013.03.06 01:08:32.216,1.30632,1.30638
2013.03.06 01:08:34.725,1.30632,1.30638
2013.03.06 01:08:35.986,1.30632,1.30639
2013.03.06 01:08:37.807,1.30632,1.30639
2013.03.06 01:08:45.046,1.30633,1.30639
2013.03.06 01:08:50.077,1.30632,1.30638
2013.03.06 01:08:50.971,1.30632,1.30638
2013.03.06 01:08:53.819,1.30632,1.30637
2013.03.06 01:08:55.841,1.30632,1.30637
2013.03.06 01:08:58.066,1.30632,1.30637
2013.03.06 01:08:58.716,1.30632,1.30639
2013.03.06 01:08:59.076,1.30633,1.3064
2013.03.06 01:08:59.599,1.30633,1.3064
2013.03.06 01:09:00.131,1.30633,1.3064
2013.03.06 01:09:04.977,1.30638,1.30642
2013.03.06 01:09:05.039,1.30638,1.30642
2013.03.06 01:09:05.109,1.30638,1.30644
2013.03.06 01:09:05.297,1.30638,1.30644
2013.03.06 01:09:05.663,1.30638,1.30644
2013.03.06 01:09:08.536,1.30638,1.30645
2013.03.06 01:09:08.776,1.30638,1.30645
2013.03.06 01:09:09.996,1.3064,1.30645
2013.03.06 01:09:10.070,1.3064,1.3065
2013.03.06 01:09:10.376,1.30641,1.30649
2013.03.06 01:09:15.727,1.30642,1.3065
2013.03.06 01:09:16.096,1.30642,1.3065
2013.03.06 01:09:17.557,1.30645,1.30652
2013.03.06 01:09:17.678,1.30648,1.30661
2013.03.06 01:09:17.747,1.30648,1.30659
2013.03.06 01:09:17.869,1.30648,1.30659
2013.03.06 01:09:17.998,1.3065,1.3066
2013.03.06 01:09:18.536,1.30651,1.3066
2013.03.06 01:09:20.527,1.30652,1.30661
2013.03.06 01:09:20.706,1.30652,1.30659
2013.03.06 01:09:22.576,1.30652,1.30659
2013.03.06 01:09:25.090,1.30655,1.30661
2013.03.06 01:09:25.289,1.30655,1.30662
2013.03.06 01:09:25.538,1.30658,1.30667
2013.03.06 01:09:25.896,1.30659,1.30666
2013.03.06 01:09:25.956,1.30659,1.30666
2013.03.06 01:09:26.597,1.30659,1.30665
2013.03.06 01:09:26.776,1.3066,1.30667
2013.03.06 01:09:27.287,1.30662,1.30672
2013.03.06 01:09:28.858,1.30661,1.30669
2013.03.06 01:09:29.397,1.3066,1.30669
2013.03.06 01:09:29.646,1.3066,1.30669
2013.03.06 01:09:30.196,1.3066,1.30668
2013.03.06 01:09:30.757,1.30659,1.30666
2013.03.06 01:09:33.996,1.30658,1.30664
2013.03.06 01:09:34.736,1.30658,1.30664
2013.03.06 01:09:35.276,1.30657,1.30666
2013.03.06 01:09:36.345,1.30659,1.30666
2013.03.06 01:09:36.896,1.30659,1.30665
2013.03.06 01:09:39.478,1.30658,1.30664
2013.03.06 01:09:39.781,1.30656,1.30663
2013.03.06 01:09:40.206,1.30656,1.30662
2013.03.06 01:09:40.268,1.30656,1.30662
2013.03.06 01:09:40.328,1.30657,1.30664
2013.03.06 01:09:40.449,1.30658,1.30664
2013.03.06 01:09:40.517,1.30658,1.30666
2013.03.06 01:09:40.636,1.30658,1.30666
2013.03.06 01:09:41.186,1.30658,1.30666
2013.03.06 01:09:41.726,1.3066,1.30666
2013.03.06 01:09:42.459,1.3066,1.30666
2013.03.06 01:09:42.996,1.3066,1.30666
2013.03.06 01:09:46.696,1.30658,1.30664
2013.03.06 01:09:47.249,1.30658,1.30665
2013.03.06 01:09:51.106,1.30658,1.30664
2013.03.06 01:09:51.466,1.30658,1.30664
2013.03.06 01:09:54.006,1.30657,1.30664
2013.03.06 01:09:54.666,1.30657,1.30664
2013.03.06 01:09:55.416,1.30657,1.30664
2013.03.06 01:09:56.741,1.30657,1.30664
2013.03.06 01:09:57.407,1.30657,1.30663
2013.03.06 01:09:57.588,1.30656,1.30662
2013.03.06 01:09:59.529,1.30656,1.30662
2013.03.06 01:10:00.086,1.30655,1.30662
2013.03.06 01:10:03.246,1.30656,1.30662
2013.03.06 01:10:05.126,1.30657,1.30665
2013.03.06 01:10:05.188,1.30657,1.30665
2013.03.06 01:10:05.727,1.30658,1.30666
2013.03.06 01:10:10.986,1.30659,1.30666
2013.03.06 01:10:11.349,1.30659,1.30666
2013.03.06 01:10:21.446,1.30657,1.30663
2013.03.06 01:10:21.747,1.30656,1.30661
2013.03.06 01:10:22.296,1.30656,1.30661
2013.03.06 01:10:26.807,1.30656,1.30661
2013.03.06 01:10:28.366,1.30655,1.3066
2013.03.06 01:10:28.608,1.30655,1.3066
2013.03.06 01:10:28.668,1.30655,1.3066
2013.03.06 01:10:29.157,1.30656,1.30661
2013.03.06 01:10:32.766,1.30655,1.30661
2013.03.06 01:10:32.887,1.30655,1.30661
2013.03.06 01:10:33.248,1.30653,1.30658
2013.03.06 01:10:33.378,1.30651,1.30658
2013.03.06 01:10:33.498,1.30651,1.30658
2013.03.06 01:10:34.038,1.30651,1.30656
2013.03.06 01:10:35.808,1.30649,1.30656
2013.03.06 01:10:41.620,1.30648,1.30654
2013.03.06 01:10:41.937,1.30647,1.30653
2013.03.06 01:10:42.667,1.30646,1.3065
2013.03.06 01:10:42.848,1.30644,1.3065
2013.03.06 01:10:42.918,1.30642,1.30649
2013.03.06 01:10:42.987,1.30642,1.30648
2013.03.06 01:10:43.177,1.30639,1.30647
2013.03.06 01:10:44.567,1.30638,1.30646
2013.03.06 01:10:46.558,1.30637,1.30644
2013.03.06 01:10:46.867,1.30633,1.30639
2013.03.06 01:10:47.246,1.30631,1.30639
2013.03.06 01:10:49.907,1.30634,1.3064
2013.03.06 01:10:50.266,1.30633,1.30641
2013.03.06 01:10:50.587,1.30639,1.30643
2013.03.06 01:10:50.708,1.30637,1.30644
2013.03.06 01:10:50.887,1.30639,1.30646
2013.03.06 01:10:51.247,1.30639,1.30647
2013.03.06 01:10:55.086,1.30641,1.30648
2013.03.06 01:10:55.637,1.30641,1.30648
2013.03.06 01:10:57.002,1.30641,1.30647
2013.03.06 01:10:57.686,1.30641,1.30647
2013.03.06 01:10:58.387,1.30641,1.30647
2013.03.06 01:10:59.406,1.30641,1.30647
2013.03.06 01:11:01.827,1.30641,1.30647
2013.03.06 01:11:07.956,1.30641,1.30647
2013.03.06 01:11:08.237,1.30641,1.30647
2013.03.06 01:11:10.197,1.30641,1.30649
2013.03.06 01:11:10.642,1.30641,1.30649
2013.03.06 01:11:10.711,1.30641,1.30649
2013.03.06 01:11:11.556,1.30643,1.30649
2013.03.06 01:11:12.096,1.30641,1.30648
2013.03.06 01:11:16.609,1.30641,1.30647
2013.03.06 01:11:22.217,1.30639,1.30647
2013.03.06 01:11:22.748,1.30638,1.30647
2013.03.06 01:11:24.187,1.30637,1.30646
2013.03.06 01:11:24.757,1.30637,1.30644
2013.03.06 01:11:24.937,1.30639,1.30646
2013.03.06 01:11:25.177,1.30639,1.30648
2013.03.06 01:11:27.109,1.30639,1.30647
2013.03.06 01:11:27.810,1.30639,1.30647
2013.03.06 01:11:30.056,1.30639,1.30647
2013.03.06 01:11:32.386,1.30639,1.30646
2013.03.06 01:11:32.641,1.30637,1.30645
2013.03.06 01:11:33.200,1.30638,1.30645
2013.03.06 01:11:33.746,1.30639,1.30646
2013.03.06 01:11:42.495,1.30639,1.30647
2013.03.06 01:11:56.287,1.30639,1.30646
2013.03.06 01:12:00.037,1.30639,1.30647
2013.03.06 01:12:11.708,1.30641,1.30649
2013.03.06 01:12:39.208,1.30643,1.3065
2013.03.06 01:12:39.267,1.30643,1.3065
2013.03.06 01:12:39.509,1.30646,1.30653
2013.03.06 01:12:39.637,1.30647,1.30656
2013.03.06 01:12:40.023,1.30647,1.30656
2013.03.06 01:12:40.149,1.30647,1.30656
2013.03.06 01:12:42.559,1.3065,1.30656
2013.03.06 01:12:48.558,1.3065,1.30654
2013.03.06 01:12:48.618,1.30647,1.30654
2013.03.06 01:12:48.807,1.30647,1.30654
2013.03.06 01:12:49.048,1.30647,1.30655
2013.03.06 01:12:49.407,1.30646,1.30654
2013.03.06 01:12:49.467,1.30646,1.30653
2013.03.06 01:12:49.647,1.30643,1.30651
2013.03.06 01:12:51.346,1.30643,1.30651
2013.03.06 01:12:58.610,1.30641,1.30648
2013.03.06 01:12:59.157,1.30641,1.30648
2013.03.06 01:13:04.873,1.30638,1.30646
2013.03.06 01:13:04.997,1.30637,1.30643
2013.03.06 01:13:05.059,1.30634,1.30639
2013.03.06 01:13:05.128,1.30633,1.30639
2013.03.06 01:13:05.191,1.30633,1.30637
2013.03.06 01:13:05.258,1.30631,1.30636
2013.03.06 01:13:05.498,1.3063,1.30636
2013.03.06 01:13:05.558,1.3063,1.30636
