Time,Bid,Ask
2013.03.05 00:00:00.313,1.30348,1.30354
2013.03.05 00:00:00.553,1.30347,1.30354
2013.03.05 00:00:00.673,1.30346,1.30354
2013.03.05 00:00:01.034,1.30344,1.30352
2013.03.05 00:00:01.563,1.30344,1.30351
2013.03.05 00:00:02.283,1.30342,1.30351
2013.03.05 00:00:02.463,1.30344,1.30351
2013.03.05 00:00:02.954,1.30345,1.30353
2013.03.05 00:00:03.230,1.30347,1.30355
2013.03.05 00:00:03.303,1.30345,1.30353
2013.03.05 00:00:03.663,1.30343,1.30351
2013.03.05 00:00:03.724,1.30344,1.30351
2013.03.05 00:00:03.842,1.30343,1.30351
2013.03.05 00:00:04.023,1.30343,1.3035
2013.03.05 00:00:04.565,1.30343,1.3035
2013.03.05 00:00:05.204,1.3034,1.30349
2013.03.05 00:00:08.124,1.30343,1.3035
2013.03.05 00:00:08.663,1.30343,1.30349
2013.03.05 00:00:09.453,1.30343,1.30349
2013.03.05 00:00:09.754,1.30343,1.3035
2013.03.05 00:00:10.054,1.30343,1.30351
2013.03.05 00:00:10.598,1.30345,1.30351
2013.03.05 00:00:11.275,1.30345,1.30352
2013.03.05 00:00:11.814,1.30345,1.30351
2013.03.05 00:00:12.053,1.30343,1.3035
2013.03.05 00:00:12.173,1.30343,1.30349
2013.03.05 00:00:12.714,1.30344,1.30349
2013.03.05 00:00:13.033,1.30342,1.30349
2013.03.05 00:00:13.567,1.30341,1.30349
2013.03.05 00:00:16.703,1.30341,1.30346
2013.03.05 00:00:18.225,1.30341,1.30346
2013.03.05 00:00:19.713,1.30341,1.30349
2013.03.05 00:00:23.015,1.30341,1.30349
2013.03.05 00:00:35.248,1.30341,1.30349
2013.03.05 00:00:36.305,1.3034,1.30349
2013.03.05 00:00:38.445,1.30342,1.3035
2013.03.05 00:00:39.324,1.30342,1.30349
2013.03.05 00:00:43.915,1.30341,1.30349
2013.03.05 00:00:45.677,1.30341,1.30349
2013.03.05 00:00:48.704,1.30341,1.30346
2013.03.05 00:00:50.355,1.3034,1.30346
2013.03.05 00:00:53.244,1.3034,1.30346
2013.03.05 00:00:55.715,1.30338,1.30344
2013.03.05 00:00:55.775,1.30338,1.30343
2013.03.05 00:00:56.136,1.30336,1.3034
2013.03.05 00:00:56.196,1.30335,1.3034
2013.03.05 00:00:56.697,1.30334,1.30338
2013.03.05 00:00:57.244,1.30333,1.30338
2013.03.05 00:00:57.674,1.30333,1.30341
2013.03.05 00:00:59.554,1.30333,1.30339
2013.03.05 00:01:01.595,1.30333,1.30338
2013.03.05 00:01:01.835,1.30333,1.30339
2013.03.05 00:01:01.955,1.30333,1.30339
2013.03.05 00:01:02.255,1.30333,1.30339
2013.03.05 00:01:02.434,1.30332,1.30339
2013.03.05 00:01:03.129,1.30332,1.3034
2013.03.05 00:01:04.737,1.30332,1.3034
2013.03.05 00:01:05.334,1.30332,1.3034
2013.03.05 00:01:06.344,1.30333,1.30341
2013.03.05 00:01:06.474,1.30335,1.30342
2013.03.05 00:01:06.547,1.30338,1.30344
2013.03.05 00:01:07.044,1.3034,1.30345
2013.03.05 00:01:07.676,1.3034,1.30345
2013.03.05 00:01:11.123,1.30338,1.30345
2013.03.05 00:01:16.157,1.30338,1.30346
2013.03.05 00:01:16.511,1.3034,1.30348
2013.03.05 00:01:16.577,1.3034,1.30349
2013.03.05 00:01:22.593,1.3034,1.30349
2013.03.05 00:01:22.794,1.3034,1.30349
2013.03.05 00:01:26.114,1.3034,1.30347
2013.03.05 00:01:29.224,1.30339,1.30347
2013.03.05 00:01:29.645,1.30339,1.30347
2013.03.05 00:01:30.243,1.30339,1.30344
2013.03.05 00:01:30.604,1.30337,1.30344
2013.03.05 00:01:32.490,1.30338,1.30346
2013.03.05 00:01:35.564,1.30338,1.30346
2013.03.05 00:01:36.334,1.30338,1.30345
2013.03.05 00:01:37.134,1.30338,1.30346
2013.03.05 00:01:37.675,1.30338,1.30346
2013.03.05 00:01:39.434,1.30339,1.30347
2013.03.05 00:01:40.035,1.3034,1.30347
2013.03.05 00:01:40.583,1.3034,1.30347
2013.03.05 00:01:46.075,1.3034,1.30347
2013.03.05 00:01:53.344,1.3034,1.30347
2013.03.05 00:01:53.866,1.30341,1.30347
2013.03.05 00:01:54.385,1.3034,1.30347
2013.03.05 00:01:55.096,1.30339,1.30346
2013.03.05 00:01:58.676,1.30341,1.30347
2013.03.05 00:01:58.915,1.30341,1.30348
2013.03.05 00:01:59.276,1.30341,1.30348
2013.03.05 00:02:03.095,1.3034,1.30346
2013.03.05 00:02:04.184,1.3034,1.30346
2013.03.05 00:02:04.367,1.30339,1.30345
2013.03.05 00:02:04.555,1.30338,1.30345
2013.03.05 00:02:06.085,1.30338,1.30344
2013.03.05 00:02:06.265,1.30337,1.30343
2013.03.05 00:02:07.904,1.30336,1.30342
2013.03.05 00:02:08.545,1.30332,1.30339
2013.03.05 00:02:13.004,1.30332,1.30339
2013.03.05 00:02:13.458,1.30331,1.30339
2013.03.05 00:02:13.940,1.30331,1.3034
2013.03.05 00:02:14.124,1.30332,1.3034
2013.03.05 00:02:14.625,1.30332,1.30339
2013.03.05 00:02:16.485,1.30332,1.30339
2013.03.05 00:02:17.034,1.30332,1.30339
2013.03.05 00:02:17.296,1.30332,1.3034
2013.03.05 00:02:18.418,1.30332,1.3034
2013.03.05 00:02:18.545,1.30333,1.30337
2013.03.05 00:02:18.917,1.3033,1.30338
2013.03.05 00:02:19.047,1.30329,1.30335
2013.03.05 00:02:19.175,1.3033,1.30338
2013.03.05 00:02:19.534,1.30332,1.30339
2013.03.05 00:02:20.014,1.30334,1.30341
2013.03.05 00:02:20.196,1.30333,1.30339
2013.03.05 00:02:20.561,1.30332,1.30338
2013.03.05 00:02:26.784,1.30331,1.30338
2013.03.05 00:02:27.596,1.30331,1.30338
2013.03.05 00:02:28.144,1.30331,1.30339
2013.03.05 00:02:32.966,1.3033,1.30338
2013.03.05 00:02:33.835,1.3033,1.30338
2013.03.05 00:02:34.429,1.3033,1.30338
2013.03.05 00:02:42.504,1.30331,1.30339
2013.03.05 00:02:43.053,1.30332,1.30339
2013.03.05 00:02:43.994,1.30331,1.30339
2013.03.05 00:02:44.497,1.30331,1.30339
2013.03.05 00:03:11.224,1.30331,1.30337
2013.03.05 00:03:11.745,1.3033,1.30337
2013.03.05 00:03:25.904,1.30329,1.30335
2013.03.05 00:03:26.264,1.30327,1.30335
2013.03.05 00:03:26.898,1.30328,1.30335
2013.03.05 00:03:27.404,1.30329,1.30336
2013.03.05 00:03:31.256,1.3033,1.30336
2013.03.05 00:03:31.315,1.3033,1.30337
2013.03.05 00:03:35.435,1.3033,1.30337
2013.03.05 00:03:36.624,1.3033,1.30337
2013.03.05 00:03:45.774,1.3033,1.30337
2013.03.05 00:03:48.896,1.3033,1.30336
2013.03.05 00:03:54.287,1.3033,1.30336
2013.03.05 00:03:56.575,1.3033,1.30336
2013.03.05 00:03:59.835,1.3033,1.30336
2013.03.05 00:04:06.007,1.30331,1.30336
2013.03.05 00:04:10.154,1.30331,1.30336
2013.03.05 00:04:10.395,1.30333,1.3034
2013.03.05 00:04:10.754,1.30332,1.30338
2013.03.05 00:04:11.078,1.30332,1.30338
2013.03.05 00:04:11.146,1.30332,1.30338
2013.03.05 00:04:16.205,1.30332,1.30338
2013.03.05 00:04:19.595,1.30331,1.30337
2013.03.05 00:04:20.144,1.30331,1.30336
2013.03.05 00:04:24.728,1.3033,1.30336
2013.03.05 00:04:29.455,1.3033,1.30336
2013.03.05 00:04:31.705,1.3033,1.30336
2013.03.05 00:04:45.534,1.30329,1.30336
2013.03.05 00:04:49.685,1.30329,1.30336
2013.03.05 00:04:51.014,1.30329,1.30338
2013.03.05 00:04:51.078,1.30331,1.30338
2013.03.05 00:04:51.624,1.30331,1.30338
2013.03.05 00:04:51.684,1.3033,1.30338
2013.03.05 00:04:56.664,1.30329,1.30335
2013.03.05 00:04:56.786,1.30329,1.30335
2013.03.05 00:04:57.187,1.30329,1.30333
2013.03.05 00:04:57.724,1.30329,1.30333
2013.03.05 00:04:59.324,1.30329,1.30335
2013.03.05 00:05:00.066,1.30327,1.30333
2013.03.05 00:05:06.775,1.30327,1.30334
2013.03.05 00:05:07.076,1.30324,1.3033
2013.03.05 00:05:07.197,1.30322,1.3033
2013.03.05 00:05:07.318,1.30322,1.30329
2013.03.05 00:05:07.387,1.30321,1.30328
2013.03.05 00:05:07.711,1.30318,1.30326
2013.03.05 00:05:07.778,1.3032,1.30326
2013.03.05 00:05:08.146,1.30321,1.30328
2013.03.05 00:05:08.695,1.30321,1.30328
2013.03.05 00:05:09.185,1.3032,1.30327
2013.03.05 00:05:09.724,1.30319,1.30327
2013.03.05 00:05:10.664,1.30319,1.30326
2013.03.05 00:05:13.306,1.30321,1.30328
2013.03.05 00:05:16.946,1.30319,1.30327
2013.03.05 00:05:17.454,1.30318,1.30326
2013.03.05 00:05:19.219,1.30322,1.30327
2013.03.05 00:05:19.525,1.30323,1.30328
2013.03.05 00:05:20.145,1.30323,1.30328
2013.03.05 00:05:20.246,1.30323,1.30329
2013.03.05 00:05:22.545,1.30323,1.30329
2013.03.05 00:05:22.727,1.30322,1.30328
2013.03.05 00:05:23.924,1.30321,1.30327
2013.03.05 00:05:29.385,1.30321,1.30327
2013.03.05 00:05:33.505,1.30321,1.30327
2013.03.05 00:05:35.274,1.3032,1.30327
2013.03.05 00:05:35.835,1.3032,1.30326
2013.03.05 00:05:39.707,1.3032,1.30326
2013.03.05 00:05:44.115,1.3032,1.30326
2013.03.05 00:05:44.235,1.3032,1.30326
2013.03.05 00:05:45.044,1.3032,1.30326
2013.03.05 00:05:49.255,1.3032,1.30328
2013.03.05 00:05:49.614,1.3032,1.30328
2013.03.05 00:05:49.945,1.3032,1.30328
2013.03.05 00:05:52.855,1.3032,1.30328
2013.03.05 00:05:53.215,1.30321,1.30328
2013.03.05 00:05:56.634,1.30321,1.30327
2013.03.05 00:05:57.234,1.30322,1.30328
2013.03.05 00:05:58.195,1.30324,1.30328
2013.03.05 00:05:58.316,1.30324,1.30329
2013.03.05 00:06:02.325,1.30323,1.30331
2013.03.05 00:06:02.505,1.30325,1.30331
2013.03.05 00:06:03.025,1.30326,1.30332
2013.03.05 00:06:03.544,1.30327,1.30333
2013.03.05 00:06:08.586,1.3033,1.30337
2013.03.05 00:06:21.354,1.30331,1.30338
2013.03.05 00:06:24.112,1.30331,1.30339
2013.03.05 00:06:26.564,1.30332,1.3034
2013.03.05 00:06:27.235,1.30332,1.3034
2013.03.05 00:06:28.896,1.30332,1.30339
2013.03.05 00:06:39.613,1.30331,1.30339
2013.03.05 00:06:41.924,1.30331,1.30338
2013.03.05 00:06:44.546,1.30331,1.30338
2013.03.05 00:06:47.116,1.30331,1.30337
2013.03.05 00:06:47.597,1.30331,1.30336
2013.03.05 00:06:47.667,1.30329,1.30335
2013.03.05 00:06:48.175,1.30328,1.30334
2013.03.05 00:06:48.525,1.30328,1.30334
2013.03.05 00:06:49.996,1.30328,1.30334
2013.03.05 00:06:50.115,1.30328,1.30334
2013.03.05 00:06:51.355,1.3033,1.30336
2013.03.05 00:06:51.475,1.3033,1.30336
2013.03.05 00:06:54.007,1.30331,1.30337
2013.03.05 00:06:59.266,1.30329,1.30335
2013.03.05 00:06:59.506,1.30325,1.30332
2013.03.05 00:06:59.637,1.30323,1.3033
2013.03.05 00:06:59.885,1.3032,1.30329
2013.03.05 00:07:00.068,1.30321,1.30328
2013.03.05 00:07:00.615,1.30321,1.30329
2013.03.05 00:07:00.925,1.30325,1.30329
2013.03.05 00:07:01.105,1.30323,1.30329
2013.03.05 00:07:02.155,1.30323,1.30329
2013.03.05 00:07:03.436,1.30323,1.3033
2013.03.05 00:07:04.047,1.30324,1.3033
2013.03.05 00:07:04.176,1.30325,1.3033
2013.03.05 00:07:04.476,1.30327,1.30335
2013.03.05 00:07:05.005,1.30329,1.30335
2013.03.05 00:07:06.006,1.3033,1.30337
2013.03.05 00:07:06.066,1.30332,1.30337
2013.03.05 00:07:06.436,1.30333,1.30339
2013.03.05 00:07:06.975,1.30333,1.30339
2013.03.05 00:07:07.519,1.30331,1.30339
2013.03.05 00:07:10.668,1.30331,1.30337
2013.03.05 00:07:11.205,1.3033,1.30337
2013.03.05 00:07:12.758,1.3033,1.30336
2013.03.05 00:07:12.947,1.30329,1.30336
2013.03.05 00:07:13.078,1.30329,1.30335
2013.03.05 00:07:13.625,1.30328,1.30333
2013.03.05 00:07:14.117,1.30329,1.30334
2013.03.05 00:07:14.305,1.30329,1.30334
2013.03.05 00:07:14.606,1.3033,1.30336
2013.03.05 00:07:15.035,1.3033,1.30336
2013.03.05 00:07:15.337,1.30329,1.30336
2013.03.05 00:07:15.695,1.30328,1.30336
2013.03.05 00:07:16.227,1.30328,1.30334
2013.03.05 00:07:16.811,1.30326,1.30334
2013.03.05 00:07:17.116,1.30326,1.30333
2013.03.05 00:07:18.500,1.30322,1.3033
2013.03.05 00:07:18.807,1.30325,1.30329
2013.03.05 00:07:18.865,1.30324,1.30331
2013.03.05 00:07:19.225,1.30325,1.30331
2013.03.05 00:07:22.904,1.30326,1.30332
2013.03.05 00:07:24.927,1.30327,1.30333
2013.03.05 00:07:24.996,1.30328,1.30334
2013.03.05 00:07:25.058,1.3033,1.30334
2013.03.05 00:07:25.187,1.30329,1.30336
2013.03.05 00:07:25.256,1.3033,1.30336
2013.03.05 00:07:25.558,1.3033,1.30337
2013.03.05 00:07:25.936,1.30331,1.30338
2013.03.05 00:07:26.236,1.30331,1.30339
2013.03.05 00:07:26.297,1.30333,1.30339
2013.03.05 00:07:26.605,1.30333,1.3034
2013.03.05 00:07:38.557,1.30333,1.30341
2013.03.05 00:07:38.916,1.30337,1.30342
2013.03.05 00:07:39.106,1.30335,1.30341
2013.03.05 00:07:39.166,1.30333,1.30341
2013.03.05 00:07:39.226,1.30331,1.30339
2013.03.05 00:07:39.407,1.3033,1.30338
2013.03.05 00:07:39.955,1.30329,1.30337
2013.03.05 00:07:46.123,1.30329,1.30337
2013.03.05 00:07:48.975,1.30331,1.30338
2013.03.05 00:07:49.516,1.30329,1.30336
2013.03.05 00:07:50.217,1.30331,1.30339
2013.03.05 00:07:50.406,1.30331,1.30337
2013.03.05 00:07:50.965,1.30331,1.30338
2013.03.05 00:07:51.494,1.30331,1.30337
2013.03.05 00:07:58.706,1.3033,1.30336
2013.03.05 00:07:59.245,1.30329,1.30336
2013.03.05 00:08:09.997,1.3033,1.30336
2013.03.05 00:08:10.540,1.30333,1.30337
2013.03.05 00:08:12.027,1.30331,1.30337
2013.03.05 00:08:12.266,1.30331,1.30337
2013.03.05 00:08:13.666,1.30329,1.30336
2013.03.05 00:08:20.905,1.30329,1.30336
2013.03.05 00:08:21.450,1.30329,1.30335
2013.03.05 00:08:21.655,1.30329,1.30335
2013.03.05 00:08:26.585,1.30327,1.30333
2013.03.05 00:08:26.896,1.30325,1.30333
2013.03.05 00:08:27.020,1.30325,1.30333
2013.03.05 00:08:27.566,1.30327,1.30335
2013.03.05 00:08:28.225,1.30327,1.30335
2013.03.05 00:08:29.456,1.30327,1.30334
2013.03.05 00:08:30.601,1.30328,1.30335
2013.03.05 00:08:33.431,1.30328,1.30335
2013.03.05 00:08:48.616,1.3033,1.30336
2013.03.05 00:08:58.516,1.30329,1.30336
2013.03.05 00:09:04.777,1.30329,1.30335
2013.03.05 00:09:05.685,1.30328,1.30335
2013.03.05 00:09:21.225,1.30328,1.30336
2013.03.05 00:09:25.147,1.30328,1.30335
2013.03.05 00:09:35.735,1.30328,1.30335
2013.03.05 00:09:36.286,1.30328,1.30336
2013.03.05 00:09:44.845,1.30329,1.30336
2013.03.05 00:09:45.686,1.30329,1.30337
2013.03.05 00:09:45.806,1.30329,1.30336
2013.03.05 00:09:45.927,1.30327,1.30332
2013.03.05 00:09:46.165,1.30325,1.30332
2013.03.05 00:09:46.675,1.30325,1.3033
2013.03.05 00:09:47.875,1.30325,1.30331
2013.03.05 00:09:48.640,1.30325,1.3033
2013.03.05 00:09:50.875,1.30325,1.30331
2013.03.05 00:09:52.305,1.30325,1.3033
2013.03.05 00:09:52.864,1.30325,1.30331
2013.03.05 00:09:53.415,1.30325,1.3033
2013.03.05 00:09:53.988,1.30325,1.30331
2013.03.05 00:09:54.545,1.30325,1.3033
2013.03.05 00:09:55.184,1.30325,1.30331
2013.03.05 00:09:55.696,1.30325,1.3033
2013.03.05 00:09:56.865,1.30325,1.30331
2013.03.05 00:09:57.397,1.30325,1.3033
2013.03.05 00:09:57.955,1.30324,1.3033
2013.03.05 00:10:01.456,1.30324,1.30331
2013.03.05 00:10:02.175,1.30325,1.30332
2013.03.05 00:10:04.706,1.30325,1.30332
2013.03.05 00:10:05.326,1.30325,1.3033
2013.03.05 00:10:06.343,1.30325,1.3033
2013.03.05 00:10:06.500,1.30327,1.30334
2013.03.05 00:10:06.697,1.30329,1.30336
2013.03.05 00:10:06.826,1.30329,1.30338
2013.03.05 00:10:07.200,1.30331,1.30338
2013.03.05 00:10:07.746,1.30331,1.30338
2013.03.05 00:10:10.196,1.3033,1.30338
2013.03.05 00:10:10.500,1.30331,1.30338
2013.03.05 00:10:10.936,1.30329,1.30335
2013.03.05 00:10:14.386,1.3033,1.30334
2013.03.05 00:10:15.255,1.30328,1.30334
2013.03.05 00:10:16.426,1.30328,1.30334
2013.03.05 00:10:16.846,1.30327,1.30334
2013.03.05 00:10:19.335,1.30328,1.30334
2013.03.05 00:10:20.488,1.30328,1.30334
2013.03.05 00:10:20.994,1.30327,1.30334
2013.03.05 00:10:22.847,1.30327,1.30334
2013.03.05 00:10:23.306,1.3033,1.30334
2013.03.05 00:10:23.847,1.3033,1.30334
2013.03.05 00:10:24.405,1.30329,1.30334
2013.03.05 00:10:25.006,1.30328,1.30334
2013.03.05 00:10:26.335,1.30328,1.30334
2013.03.05 00:10:33.595,1.30328,1.30335
2013.03.05 00:10:34.183,1.30328,1.30335
2013.03.05 00:10:37.946,1.30328,1.30335
2013.03.05 00:10:40.698,1.30328,1.30335
2013.03.05 00:10:44.845,1.30327,1.30335
2013.03.05 00:10:45.386,1.30327,1.30334
2013.03.05 00:10:49.267,1.3033,1.30335
2013.03.05 00:10:49.446,1.3033,1.30337
2013.03.05 00:10:49.508,1.3033,1.30337
2013.03.05 00:10:52.196,1.3033,1.30337
2013.03.05 00:10:55.716,1.30332,1.30337
2013.03.05 00:11:01.147,1.30332,1.30337
2013.03.05 00:11:01.278,1.30333,1.30339
2013.03.05 00:11:01.350,1.30335,1.30341
2013.03.05 00:11:01.656,1.30336,1.30343
2013.03.05 00:11:01.731,1.30336,1.30344
2013.03.05 00:11:01.867,1.30336,1.30344
2013.03.05 00:11:11.335,1.30337,1.30344
2013.03.05 00:11:18.536,1.30337,1.30344
2013.03.05 00:11:19.076,1.30337,1.30344
2013.03.05 00:11:19.614,1.30336,1.30344
2013.03.05 00:11:20.405,1.30336,1.30344
2013.03.05 00:11:21.802,1.30336,1.30344
2013.03.05 00:11:35.776,1.30337,1.30344
2013.03.05 00:11:52.632,1.30337,1.30345
2013.03.05 00:11:53.186,1.30341,1.30345
2013.03.05 00:11:53.605,1.30338,1.30345
2013.03.05 00:11:54.175,1.30338,1.30346
2013.03.05 00:11:57.725,1.30337,1.30345
2013.03.05 00:12:08.695,1.30338,1.30345
2013.03.05 00:12:17.967,1.30337,1.30345
2013.03.05 00:12:18.629,1.30337,1.30345
2013.03.05 00:12:24.767,1.30339,1.30345
2013.03.05 00:12:26.474,1.30338,1.30345
2013.03.05 00:12:31.715,1.30338,1.30344
2013.03.05 00:12:31.835,1.30337,1.30345
2013.03.05 00:12:33.355,1.30338,1.30345
2013.03.05 00:12:51.065,1.30338,1.30345
2013.03.05 00:12:51.697,1.30343,1.30347
2013.03.05 00:12:51.840,1.30344,1.3035
2013.03.05 00:12:51.907,1.30344,1.30351
2013.03.05 00:12:52.034,1.30348,1.30352
2013.03.05 00:12:52.109,1.30346,1.30354
2013.03.05 00:12:52.176,1.30346,1.30354
2013.03.05 00:12:52.596,1.30346,1.30356
2013.03.05 00:12:52.956,1.3035,1.30358
2013.03.05 00:12:54.816,1.3035,1.30358
2013.03.05 00:12:55.356,1.3035,1.30358
2013.03.05 00:12:55.477,1.3035,1.30357
2013.03.05 00:12:58.077,1.30353,1.30358
2013.03.05 00:12:58.136,1.30354,1.3036
2013.03.05 00:12:58.196,1.30355,1.3036
2013.03.05 00:12:58.256,1.30355,1.30361
2013.03.05 00:12:58.795,1.30353,1.30361
2013.03.05 00:13:00.845,1.3035,1.30358
2013.03.05 00:13:06.485,1.30352,1.30359
2013.03.05 00:13:07.070,1.30351,1.30358
2013.03.05 00:13:07.626,1.30351,1.30358
2013.03.05 00:13:08.206,1.30351,1.30358
2013.03.05 00:13:10.850,1.3035,1.30358
2013.03.05 00:13:13.866,1.3035,1.30356
2013.03.05 00:13:14.228,1.30349,1.30356
2013.03.05 00:13:14.745,1.30349,1.30356
2013.03.05 00:13:15.077,1.3035,1.30357
2013.03.05 00:13:15.387,1.30351,1.30358
2013.03.05 00:13:15.565,1.30351,1.30359
2013.03.05 00:13:16.116,1.30352,1.30359
2013.03.05 00:13:18.505,1.30353,1.3036
2013.03.05 00:13:19.417,1.30354,1.30361
2013.03.05 00:13:20.026,1.30355,1.30362
2013.03.05 00:13:21.765,1.30359,1.30365
2013.03.05 00:13:38.810,1.30359,1.30365
2013.03.05 00:13:39.176,1.30356,1.30364
2013.03.05 00:13:39.239,1.30356,1.30362
2013.03.05 00:13:39.366,1.30353,1.30359
2013.03.05 00:13:39.425,1.30351,1.30359
2013.03.05 00:13:39.486,1.30351,1.30357
2013.03.05 00:13:39.845,1.30351,1.30357
2013.03.05 00:13:40.590,1.3035,1.30357
2013.03.05 00:13:40.686,1.3035,1.30358
2013.03.05 00:13:41.514,1.3035,1.30358
2013.03.05 00:13:43.097,1.3035,1.30358
2013.03.05 00:13:43.435,1.3035,1.30357
2013.03.05 00:13:49.595,1.30348,1.30356
2013.03.05 00:13:52.966,1.30348,1.30356
2013.03.05 00:13:58.968,1.30348,1.30356
2013.03.05 00:14:00.816,1.30349,1.30356
2013.03.05 00:14:01.297,1.30347,1.30356
2013.03.05 00:14:14.256,1.30348,1.30357
2013.03.05 00:14:14.316,1.30349,1.30357
2013.03.05 00:14:17.948,1.30349,1.30356
2013.03.05 00:14:21.338,1.30347,1.30355
2013.03.05 00:14:23.336,1.30346,1.30354
2013.03.05 00:14:27.201,1.30346,1.30354
2013.03.05 00:14:28.065,1.30345,1.30353
2013.03.05 00:14:28.485,1.30344,1.30353
2013.03.05 00:14:34.368,1.30344,1.30352
2013.03.05 00:14:34.626,1.30343,1.30351
2013.03.05 00:14:34.869,1.30341,1.30348
2013.03.05 00:14:35.175,1.30339,1.30348
2013.03.05 00:14:41.433,1.30339,1.30347
2013.03.05 00:14:46.266,1.30339,1.30346
2013.03.05 00:14:46.328,1.30338,1.30346
2013.03.05 00:14:46.581,1.30338,1.30345
2013.03.05 00:14:47.125,1.30338,1.30344
2013.03.05 00:14:47.700,1.30336,1.30344
2013.03.05 00:14:48.446,1.30335,1.30343
2013.03.05 00:14:48.687,1.30333,1.3034
2013.03.05 00:14:49.047,1.30331,1.3034
2013.03.05 00:14:49.228,1.30331,1.30339
2013.03.05 00:14:49.648,1.30331,1.30339
2013.03.05 00:14:58.545,1.30332,1.30339
2013.03.05 00:14:58.755,1.30332,1.30339
2013.03.05 00:14:59.427,1.30333,1.30339
2013.03.05 00:14:59.668,1.30334,1.3034
2013.03.05 00:14:59.976,1.30336,1.30342
2013.03.05 00:15:09.226,1.30336,1.30344
2013.03.05 00:15:09.765,1.30336,1.30342
2013.03.05 00:15:23.957,1.30338,1.30344
2013.03.05 00:15:43.746,1.30336,1.30343
2013.03.05 00:15:44.286,1.30336,1.30343
2013.03.05 00:15:47.056,1.30336,1.30343
2013.03.05 00:15:49.094,1.30335,1.30343
2013.03.05 00:15:49.398,1.30332,1.3034
2013.03.05 00:15:49.946,1.3033,1.30338
2013.03.05 00:15:54.706,1.3033,1.30338
2013.03.05 00:15:55.008,1.30332,1.30339
2013.03.05 00:15:55.076,1.30332,1.30339
2013.03.05 00:15:55.731,1.30331,1.30339
2013.03.05 00:15:58.658,1.30331,1.30338
2013.03.05 00:16:20.946,1.30331,1.30335
2013.03.05 00:16:21.337,1.30331,1.30336
2013.03.05 00:16:22.447,1.30331,1.30335
2013.03.05 00:16:24.363,1.30331,1.30336
2013.03.05 00:16:40.796,1.30333,1.30335
2013.03.05 00:16:41.133,1.30329,1.30341
2013.03.05 00:16:41.338,1.30332,1.3034
2013.03.05 00:16:41.537,1.30332,1.30342
2013.03.05 00:16:41.897,1.30334,1.30342
2013.03.05 00:16:42.499,1.30334,1.30344
2013.03.05 00:16:42.568,1.30335,1.30345
2013.03.05 00:16:58.680,1.30337,1.30345
2013.03.05 00:16:59.069,1.30339,1.30344
2013.03.05 00:17:00.117,1.30339,1.30345
2013.03.05 00:17:00.477,1.3034,1.30346
2013.03.05 00:17:01.017,1.30342,1.30346
2013.03.05 00:17:02.908,1.30342,1.30347
2013.03.05 00:17:02.981,1.30343,1.30347
2013.03.05 00:17:03.167,1.30341,1.30351
2013.03.05 00:17:03.227,1.30344,1.3035
2013.03.05 00:17:03.297,1.30344,1.30351
2013.03.05 00:17:03.696,1.30344,1.30352
2013.03.05 00:17:03.769,1.30344,1.30353
2013.03.05 00:17:04.017,1.30347,1.30352
2013.03.05 00:17:04.157,1.30346,1.30354
2013.03.05 00:17:04.299,1.30346,1.30355
2013.03.05 00:17:04.372,1.3035,1.30358
2013.03.05 00:17:04.437,1.30349,1.30358
2013.03.05 00:17:04.616,1.30349,1.30358
2013.03.05 00:17:04.976,1.30349,1.30357
2013.03.05 00:17:05.036,1.30349,1.30356
2013.03.05 00:17:05.546,1.30349,1.30356
2013.03.05 00:17:08.596,1.30349,1.30356
2013.03.05 00:17:08.957,1.30349,1.30354
2013.03.05 00:17:09.258,1.30348,1.30353
2013.03.05 00:17:09.436,1.30346,1.30353
2013.03.05 00:17:09.795,1.30345,1.30352
2013.03.05 00:17:10.307,1.30342,1.30349
2013.03.05 00:17:10.669,1.30344,1.30351
2013.03.05 00:17:10.996,1.30347,1.3035
2013.03.05 00:17:11.537,1.30346,1.3035
2013.03.05 00:17:11.716,1.30345,1.3035
2013.03.05 00:17:12.266,1.30344,1.30349
2013.03.05 00:17:13.828,1.30347,1.30349
2013.03.05 00:17:13.888,1.30347,1.30351
2013.03.05 00:17:14.076,1.3035,1.30354
2013.03.05 00:17:14.617,1.3035,1.30357
2013.03.05 00:17:14.737,1.3035,1.30354
2013.03.05 00:17:15.397,1.30346,1.30353
2013.03.05 00:17:15.771,1.30345,1.30352
2013.03.05 00:17:16.094,1.30341,1.30349
2013.03.05 00:17:18.536,1.30342,1.30348
2013.03.05 00:17:19.276,1.30341,1.30348
2013.03.05 00:17:30.688,1.30341,1.30349
2013.03.05 00:17:31.466,1.30342,1.30349
2013.03.05 00:17:34.367,1.30342,1.3035
2013.03.05 00:17:34.426,1.30344,1.30352
2013.03.05 00:17:34.727,1.30348,1.30354
2013.03.05 00:17:34.787,1.30347,1.30354
2013.03.05 00:17:34.857,1.30347,1.30354
2013.03.05 00:17:35.507,1.30346,1.30353
2013.03.05 00:17:36.029,1.30345,1.30352
2013.03.05 00:17:37.276,1.30341,1.30349
2013.03.05 00:17:38.637,1.30341,1.30349
2013.03.05 00:17:38.768,1.30345,1.3035
2013.03.05 00:17:38.957,1.30345,1.30351
2013.03.05 00:17:39.017,1.30342,1.3035
2013.03.05 00:17:39.283,1.30342,1.30349
2013.03.05 00:17:39.477,1.30342,1.30349
2013.03.05 00:17:39.837,1.30342,1.30349
2013.03.05 00:17:41.239,1.30342,1.30349
2013.03.05 00:17:43.067,1.30341,1.30346
2013.03.05 00:17:43.187,1.30339,1.30346
2013.03.05 00:17:43.427,1.30335,1.30343
2013.03.05 00:17:43.548,1.30333,1.3034
2013.03.05 00:17:43.617,1.30333,1.3034
2013.03.05 00:17:43.976,1.30332,1.3034
2013.03.05 00:17:46.656,1.30335,1.3034
2013.03.05 00:17:46.776,1.30336,1.30342
2013.03.05 00:17:46.960,1.30338,1.30345
2013.03.05 00:17:47.426,1.30341,1.30348
2013.03.05 00:17:49.207,1.30342,1.30348
2013.03.05 00:18:00.497,1.30342,1.30348
2013.03.05 00:18:02.036,1.30342,1.30348
2013.03.05 00:18:02.575,1.30344,1.30348
2013.03.05 00:18:06.036,1.30343,1.30348
2013.03.05 00:18:06.159,1.3034,1.30347
2013.03.05 00:18:06.226,1.3034,1.30347
2013.03.05 00:18:14.447,1.3034,1.30347
2013.03.05 00:18:15.356,1.30341,1.30348
2013.03.05 00:18:15.896,1.30343,1.30348
2013.03.05 00:18:17.085,1.30342,1.30348
2013.03.05 00:18:17.576,1.30346,1.30349
2013.03.05 00:18:18.017,1.30346,1.30351
2013.03.05 00:18:18.098,1.30345,1.30351
2013.03.05 00:18:18.347,1.30343,1.30351
2013.03.05 00:18:18.410,1.30343,1.30349
2013.03.05 00:18:18.965,1.30342,1.30348
2013.03.05 00:18:19.326,1.30342,1.30348
2013.03.05 00:18:20.286,1.30342,1.30348
2013.03.05 00:18:21.135,1.30342,1.30348
2013.03.05 00:18:21.576,1.30341,1.30348
2013.03.05 00:18:27.498,1.3034,1.30346
2013.03.05 00:18:29.466,1.3034,1.30346
2013.03.05 00:18:30.126,1.3034,1.30346
2013.03.05 00:18:32.738,1.30339,1.30346
2013.03.05 00:18:34.289,1.3034,1.30345
2013.03.05 00:18:34.356,1.30339,1.30345
2013.03.05 00:18:38.887,1.3034,1.30345
2013.03.05 00:18:38.947,1.3034,1.30345
2013.03.05 00:18:39.190,1.30339,1.30346
2013.03.05 00:18:39.754,1.30339,1.30346
2013.03.05 00:18:41.127,1.30339,1.30346
2013.03.05 00:18:44.515,1.30339,1.30346
2013.03.05 00:18:44.817,1.30339,1.30346
2013.03.05 00:18:49.667,1.30339,1.30347
2013.03.05 00:18:51.005,1.30339,1.30348
2013.03.05 00:18:52.167,1.30339,1.30347
2013.03.05 00:18:52.346,1.30339,1.30347
2013.03.05 00:18:55.015,1.30339,1.30347
2013.03.05 00:18:58.257,1.30339,1.30347
2013.03.05 00:18:58.718,1.30339,1.30347
2013.03.05 00:18:59.276,1.30339,1.30347
2013.03.05 00:18:59.349,1.30339,1.30347
2013.03.05 00:18:59.478,1.30339,1.30347
2013.03.05 00:19:00.426,1.30339,1.30347
2013.03.05 00:19:01.466,1.30339,1.30346
2013.03.05 00:19:01.526,1.30339,1.30346
2013.03.05 00:19:04.724,1.30339,1.30346
2013.03.05 00:19:05.206,1.30339,1.30345
2013.03.05 00:19:05.265,1.30338,1.30345
2013.03.05 00:19:05.806,1.30337,1.30344
2013.03.05 00:19:06.107,1.30334,1.30341
2013.03.05 00:19:06.467,1.3033,1.30338
2013.03.05 00:19:07.125,1.30332,1.30338
2013.03.05 00:19:09.716,1.30332,1.3034
2013.03.05 00:19:12.765,1.30332,1.3034
2013.03.05 00:19:16.358,1.30332,1.3034
2013.03.05 00:19:17.085,1.30329,1.30336
2013.03.05 00:19:19.154,1.30328,1.30336
2013.03.05 00:19:28.526,1.30329,1.30336
2013.03.05 00:19:32.398,1.30331,1.30337
2013.03.05 00:19:32.890,1.30331,1.30338
2013.03.05 00:19:33.326,1.30332,1.30339
2013.03.05 00:19:33.579,1.30333,1.30339
2013.03.05 00:19:33.828,1.30334,1.30339
2013.03.05 00:19:35.598,1.30336,1.3034
2013.03.05 00:19:35.728,1.30336,1.30339
2013.03.05 00:19:35.847,1.30333,1.30337
2013.03.05 00:19:35.906,1.30333,1.30334
2013.03.05 00:19:35.969,1.30332,1.30337
2013.03.05 00:19:36.097,1.30329,1.30335
2013.03.05 00:19:36.160,1.30326,1.30334
2013.03.05 00:19:36.359,1.30323,1.3033
2013.03.05 00:19:36.807,1.30321,1.3033
2013.03.05 00:19:39.156,1.30321,1.30329
2013.03.05 00:19:39.816,1.30321,1.30329
2013.03.05 00:19:42.637,1.30323,1.3033
2013.03.05 00:19:43.196,1.30322,1.30329
2013.03.05 00:19:50.456,1.30321,1.30327
2013.03.05 00:19:50.996,1.30321,1.30327
2013.03.05 00:19:51.357,1.30321,1.30328
2013.03.05 00:19:52.126,1.30321,1.30328
2013.03.05 00:20:05.296,1.3032,1.30327
2013.03.05 00:20:05.417,1.3032,1.30327
2013.03.05 00:20:11.957,1.3032,1.30328
2013.03.05 00:20:12.496,1.3032,1.30327
2013.03.05 00:20:12.816,1.3032,1.30327
2013.03.05 00:20:14.297,1.30319,1.30327
2013.03.05 00:20:14.357,1.30319,1.30327
2013.03.05 00:20:14.427,1.30319,1.30326
2013.03.05 00:20:14.548,1.30319,1.30325
2013.03.05 00:20:14.608,1.30317,1.30323
2013.03.05 00:20:14.739,1.30316,1.30321
2013.03.05 00:20:15.047,1.30312,1.30319
2013.03.05 00:20:15.286,1.30311,1.30317
2013.03.05 00:20:15.407,1.30311,1.30317
2013.03.05 00:20:15.526,1.30311,1.30317
2013.03.05 00:20:15.587,1.30311,1.30317
2013.03.05 00:20:15.651,1.30311,1.30318
2013.03.05 00:20:16.207,1.30313,1.30318
2013.03.05 00:20:17.405,1.30315,1.3032
2013.03.05 00:20:17.597,1.30315,1.30321
2013.03.05 00:20:17.776,1.30317,1.30323
2013.03.05 00:20:17.967,1.30317,1.30324
2013.03.05 00:20:20.887,1.30321,1.30327
2013.03.05 00:20:21.130,1.30318,1.30325
2013.03.05 00:20:21.257,1.30314,1.30323
2013.03.05 00:20:21.380,1.30314,1.30321
2013.03.05 00:20:21.506,1.30311,1.30319
2013.03.05 00:20:21.566,1.30312,1.30319
2013.03.05 00:20:22.088,1.30313,1.30318
2013.03.05 00:20:24.848,1.30312,1.30316
2013.03.05 00:20:25.097,1.30308,1.30319
2013.03.05 00:20:25.646,1.3031,1.30316
2013.03.05 00:20:25.767,1.30308,1.30316
2013.03.05 00:20:25.827,1.30308,1.30316
2013.03.05 00:20:25.888,1.30309,1.30318
2013.03.05 00:20:25.947,1.30309,1.30318
2013.03.05 00:20:26.677,1.3031,1.30318
2013.03.05 00:20:26.916,1.3031,1.30318
2013.03.05 00:20:28.526,1.30311,1.30318
2013.03.05 00:20:29.066,1.30312,1.30318
2013.03.05 00:20:30.757,1.30312,1.30318
2013.03.05 00:20:31.278,1.30312,1.30318
2013.03.05 00:20:32.343,1.30312,1.30319
2013.03.05 00:20:35.396,1.30312,1.30319
2013.03.05 00:20:38.831,1.30312,1.30319
2013.03.05 00:20:48.287,1.30312,1.3032
2013.03.05 00:20:55.306,1.30313,1.3032
2013.03.05 00:21:03.956,1.30312,1.3032
2013.03.05 00:21:04.497,1.30313,1.3032
2013.03.05 00:21:08.307,1.30313,1.3032
2013.03.05 00:21:08.668,1.30314,1.3032
2013.03.05 00:21:08.727,1.30315,1.3032
2013.03.05 00:21:08.787,1.30314,1.30322
2013.03.05 00:21:09.148,1.30316,1.30322
2013.03.05 00:21:10.466,1.30316,1.30323
2013.03.05 00:21:12.288,1.30317,1.30324
2013.03.05 00:21:12.963,1.30318,1.30325
2013.03.05 00:21:13.417,1.30321,1.30328
2013.03.05 00:21:15.235,1.30322,1.30328
2013.03.05 00:21:17.746,1.30322,1.3033
2013.03.05 00:21:23.460,1.30322,1.3033
2013.03.05 00:21:28.266,1.30322,1.3033
2013.03.05 00:21:35.027,1.30321,1.30329
2013.03.05 00:21:36.147,1.30321,1.30328
2013.03.05 00:21:36.409,1.30321,1.30328
2013.03.05 00:21:36.958,1.3032,1.30327
2013.03.05 00:21:37.146,1.3032,1.30325
2013.03.05 00:21:37.208,1.3032,1.30325
2013.03.05 00:21:37.756,1.3032,1.30326
2013.03.05 00:21:38.306,1.30321,1.30329
2013.03.05 00:21:40.866,1.30321,1.30329
2013.03.05 00:21:44.298,1.30319,1.30326
2013.03.05 00:21:45.296,1.30319,1.30327
2013.03.05 00:21:46.106,1.30319,1.30326
2013.03.05 00:21:54.547,1.3032,1.30327
2013.03.05 00:21:55.065,1.30319,1.30327
2013.03.05 00:21:58.615,1.3032,1.30327
2013.03.05 00:22:00.437,1.3032,1.30327
2013.03.05 00:22:02.146,1.3032,1.30326
2013.03.05 00:22:03.116,1.30321,1.30325
2013.03.05 00:22:03.425,1.30321,1.30327
2013.03.05 00:22:13.370,1.30323,1.30327
2013.03.05 00:22:13.759,1.30323,1.30329
2013.03.05 00:22:14.045,1.30323,1.30329
2013.03.05 00:22:14.306,1.30321,1.30329
2013.03.05 00:22:14.427,1.30324,1.30329
2013.03.05 00:22:14.946,1.30323,1.30328
2013.03.05 00:22:15.366,1.30321,1.30329
2013.03.05 00:22:15.725,1.30321,1.30329
2013.03.05 00:22:17.535,1.30321,1.30328
2013.03.05 00:22:31.155,1.30319,1.30328
2013.03.05 00:22:37.494,1.30319,1.30328
2013.03.05 00:22:45.935,1.30319,1.30328
2013.03.05 00:22:46.788,1.30318,1.30326
2013.03.05 00:22:47.147,1.30317,1.30324
2013.03.05 00:22:47.506,1.30318,1.30325
2013.03.05 00:22:47.625,1.30317,1.30325
2013.03.05 00:22:47.687,1.30317,1.30324
2013.03.05 00:22:48.227,1.30315,1.30321
2013.03.05 00:22:48.567,1.30312,1.30319
2013.03.05 00:22:49.506,1.30312,1.30319
2013.03.05 00:22:53.136,1.30312,1.30321
2013.03.05 00:22:53.437,1.30313,1.30321
2013.03.05 00:22:53.677,1.30315,1.3032
2013.03.05 00:22:54.037,1.30315,1.30322
2013.03.05 00:22:54.518,1.30317,1.30322
2013.03.05 00:22:55.008,1.30318,1.30322
2013.03.05 00:22:55.607,1.30318,1.30323
2013.03.05 00:22:58.576,1.30319,1.30323
2013.03.05 00:22:59.781,1.3032,1.30324
2013.03.05 00:23:00.146,1.30322,1.30328
2013.03.05 00:23:04.077,1.30323,1.30328
2013.03.05 00:23:05.106,1.30322,1.30328
2013.03.05 00:23:10.118,1.30323,1.30328
2013.03.05 00:23:10.667,1.30323,1.30328
2013.03.05 00:23:13.838,1.30322,1.30326
2013.03.05 00:23:14.031,1.3032,1.30326
2013.03.05 00:23:14.219,1.30318,1.30326
2013.03.05 00:23:14.586,1.30318,1.30324
2013.03.05 00:23:14.647,1.30318,1.30322
2013.03.05 00:23:15.486,1.30317,1.30321
2013.03.05 00:23:16.127,1.30316,1.30321
2013.03.05 00:23:21.317,1.30312,1.30318
2013.03.05 00:23:23.956,1.30312,1.3032
2013.03.05 00:23:26.134,1.30316,1.3032
2013.03.05 00:23:26.199,1.30316,1.3032
2013.03.05 00:23:26.270,1.30317,1.30323
2013.03.05 00:23:26.458,1.3032,1.30327
2013.03.05 00:23:26.887,1.30321,1.30328
2013.03.05 00:23:27.196,1.30321,1.30328
2013.03.05 00:23:27.626,1.30321,1.30328
2013.03.05 00:23:30.457,1.30321,1.30327
2013.03.05 00:23:31.528,1.30321,1.30327
2013.03.05 00:23:31.888,1.30325,1.30329
2013.03.05 00:23:32.018,1.30324,1.30329
2013.03.05 00:23:35.567,1.30323,1.3033
2013.03.05 00:23:36.108,1.30323,1.30329
2013.03.05 00:23:36.296,1.30322,1.30328
2013.03.05 00:23:36.860,1.30321,1.30328
2013.03.05 00:23:38.907,1.30322,1.30326
2013.03.05 00:23:39.446,1.30322,1.30326
2013.03.05 00:23:45.426,1.30321,1.30326
2013.03.05 00:23:45.947,1.30321,1.30328
2013.03.05 00:23:47.966,1.30321,1.30328
2013.03.05 00:24:04.477,1.3032,1.30328
2013.03.05 00:24:08.086,1.3032,1.30327
2013.03.05 00:24:12.196,1.30322,1.30328
2013.03.05 00:24:16.277,1.30321,1.30328
2013.03.05 00:24:19.268,1.30321,1.30328
2013.03.05 00:24:24.546,1.3032,1.30328
2013.03.05 00:24:25.086,1.30319,1.30328
2013.03.05 00:24:27.966,1.3032,1.30328
2013.03.05 00:24:28.827,1.30321,1.30328
2013.03.05 00:24:32.951,1.30321,1.30328
2013.03.05 00:24:39.969,1.30319,1.30327
2013.03.05 00:24:43.028,1.30319,1.30327
2013.03.05 00:25:01.220,1.3032,1.30328
2013.03.05 00:25:01.346,1.3032,1.30327
2013.03.05 00:25:08.358,1.30319,1.30325
2013.03.05 00:25:08.896,1.30319,1.30326
2013.03.05 00:25:09.199,1.30319,1.30325
2013.03.05 00:25:09.449,1.30318,1.30325
2013.03.05 00:25:09.988,1.30318,1.30323
2013.03.05 00:25:15.568,1.30317,1.30322
2013.03.05 00:25:15.818,1.30316,1.30322
2013.03.05 00:25:16.379,1.30315,1.30321
2013.03.05 00:25:17.345,1.30314,1.3032
2013.03.05 00:25:20.446,1.30313,1.30319
2013.03.05 00:25:23.286,1.30312,1.30318
2013.03.05 00:25:33.187,1.30311,1.30317
2013.03.05 00:25:33.806,1.30307,1.30314
2013.03.05 00:25:34.957,1.30307,1.30314
2013.03.05 00:25:38.126,1.30307,1.30314
2013.03.05 00:25:38.638,1.30308,1.30314
2013.03.05 00:25:39.417,1.30308,1.30314
2013.03.05 00:25:44.497,1.30309,1.30313
2013.03.05 00:25:44.918,1.30307,1.30313
2013.03.05 00:25:44.978,1.30304,1.3031
2013.03.05 00:25:45.337,1.30302,1.30308
2013.03.05 00:25:45.887,1.30302,1.30306
2013.03.05 00:25:46.663,1.30302,1.30307
2013.03.05 00:25:47.207,1.303,1.30308
2013.03.05 00:25:49.135,1.303,1.30307
2013.03.05 00:25:49.212,1.303,1.30306
2013.03.05 00:25:51.286,1.303,1.30306
2013.03.05 00:25:53.776,1.303,1.30306
2013.03.05 00:25:59.567,1.30299,1.30307
2013.03.05 00:26:04.397,1.30301,1.30306
2013.03.05 00:26:04.457,1.30301,1.30307
2013.03.05 00:26:04.978,1.30301,1.30308
2013.03.05 00:26:05.517,1.30299,1.30308
2013.03.05 00:26:08.356,1.30299,1.30306
2013.03.05 00:26:08.479,1.30296,1.30303
2013.03.05 00:26:08.538,1.30295,1.30302
2013.03.05 00:26:08.718,1.30295,1.30302
2013.03.05 00:26:08.967,1.30289,1.30301
2013.03.05 00:26:09.387,1.30292,1.30298
2013.03.05 00:26:10.211,1.30292,1.30298
2013.03.05 00:26:10.717,1.30295,1.30301
2013.03.05 00:26:11.959,1.30295,1.303
2013.03.05 00:26:12.270,1.30293,1.30301
2013.03.05 00:26:12.337,1.3029,1.30298
2013.03.05 00:26:12.400,1.30292,1.30298
2013.03.05 00:26:12.587,1.30291,1.30299
2013.03.05 00:26:14.542,1.3029,1.30297
2013.03.05 00:26:14.608,1.30288,1.30295
2013.03.05 00:26:14.967,1.30285,1.30293
2013.03.05 00:26:15.277,1.30285,1.30293
2013.03.05 00:26:15.797,1.30285,1.30293
2013.03.05 00:26:16.816,1.30285,1.30293
2013.03.05 00:26:17.126,1.30285,1.30293
2013.03.05 00:26:17.787,1.30287,1.30293
2013.03.05 00:26:17.849,1.30289,1.30293
2013.03.05 00:26:17.967,1.30289,1.30299
2013.03.05 00:26:18.207,1.30293,1.303
2013.03.05 00:26:18.508,1.30293,1.303
2013.03.05 00:26:20.796,1.30291,1.30298
2013.03.05 00:26:22.577,1.3029,1.30298
2013.03.05 00:26:22.697,1.3029,1.30298
2013.03.05 00:26:23.247,1.3029,1.30297
2013.03.05 00:26:27.019,1.3029,1.30298
2013.03.05 00:26:27.088,1.30291,1.30299
2013.03.05 00:26:27.387,1.3029,1.30298
2013.03.05 00:26:28.298,1.30289,1.30298
2013.03.05 00:26:28.838,1.30291,1.30299
2013.03.05 00:26:30.039,1.30293,1.30299
2013.03.05 00:26:30.178,1.30293,1.303
2013.03.05 00:26:30.487,1.30295,1.30302
2013.03.05 00:26:30.848,1.30297,1.30304
2013.03.05 00:26:31.388,1.30297,1.30305
2013.03.05 00:26:31.627,1.30297,1.30304
2013.03.05 00:26:31.687,1.30299,1.30303
2013.03.05 00:26:32.237,1.30297,1.30302
2013.03.05 00:26:32.537,1.30297,1.30305
2013.03.05 00:26:32.656,1.30297,1.30306
2013.03.05 00:26:33.349,1.30299,1.30306
2013.03.05 00:26:33.858,1.303,1.30306
2013.03.05 00:26:34.557,1.30298,1.30305
2013.03.05 00:26:35.099,1.30298,1.30304
2013.03.05 00:26:35.288,1.303,1.30306
2013.03.05 00:26:35.347,1.303,1.30306
2013.03.05 00:26:35.527,1.30299,1.30305
2013.03.05 00:26:36.654,1.30297,1.30304
2013.03.05 00:26:37.847,1.30297,1.30303
2013.03.05 00:26:39.547,1.30295,1.30303
2013.03.05 00:26:39.608,1.30294,1.30302
2013.03.05 00:26:39.727,1.30294,1.30301
2013.03.05 00:26:40.266,1.30292,1.303
2013.03.05 00:26:41.617,1.30291,1.30299
2013.03.05 00:26:42.251,1.30289,1.30296
2013.03.05 00:26:44.227,1.30289,1.30296
2013.03.05 00:26:46.408,1.30289,1.30297
2013.03.05 00:26:48.104,1.3029,1.30297
2013.03.05 00:26:48.528,1.3029,1.30297
2013.03.05 00:26:48.587,1.30289,1.30297
2013.03.05 00:26:49.252,1.3029,1.30297
2013.03.05 00:26:49.797,1.3029,1.30297
2013.03.05 00:26:50.548,1.3029,1.30297
2013.03.05 00:26:51.329,1.3029,1.30297
2013.03.05 00:26:51.637,1.30291,1.30299
2013.03.05 00:26:52.187,1.30294,1.303
2013.03.05 00:26:52.982,1.30294,1.303
2013.03.05 00:26:55.846,1.30294,1.303
2013.03.05 00:26:59.567,1.30295,1.30301
2013.03.05 00:26:59.879,1.30295,1.30302
2013.03.05 00:27:00.386,1.30296,1.30303
2013.03.05 00:27:01.048,1.30299,1.30306
2013.03.05 00:27:05.261,1.30299,1.30306
2013.03.05 00:27:13.797,1.30298,1.30306
2013.03.05 00:27:27.918,1.30302,1.30305
2013.03.05 00:27:28.279,1.30303,1.30309
2013.03.05 00:27:28.410,1.30299,1.30307
2013.03.05 00:27:28.537,1.30299,1.30307
2013.03.05 00:27:28.596,1.30298,1.30306
2013.03.05 00:27:29.137,1.30298,1.30305
2013.03.05 00:27:32.017,1.30297,1.30304
2013.03.05 00:27:32.556,1.30296,1.30303
2013.03.05 00:27:33.076,1.30296,1.30303
2013.03.05 00:27:33.736,1.30296,1.30303
2013.03.05 00:27:34.263,1.30296,1.30303
2013.03.05 00:27:34.766,1.30296,1.30303
2013.03.05 00:27:35.766,1.30296,1.30303
2013.03.05 00:27:39.907,1.30296,1.30303
2013.03.05 00:27:40.267,1.30294,1.303
2013.03.05 00:27:42.388,1.30292,1.30299
2013.03.05 00:27:42.627,1.3029,1.30298
2013.03.05 00:27:45.137,1.30291,1.30298
2013.03.05 00:27:56.137,1.3029,1.30298
2013.03.05 00:27:56.317,1.3029,1.30298
2013.03.05 00:27:56.916,1.30292,1.30299
2013.03.05 00:27:57.277,1.30291,1.30299
2013.03.05 00:27:57.998,1.30291,1.30299
2013.03.05 00:27:59.747,1.3029,1.30298
2013.03.05 00:28:00.308,1.3029,1.30298
2013.03.05 00:28:07.099,1.3029,1.30296
2013.03.05 00:28:07.287,1.30291,1.30297
2013.03.05 00:28:07.407,1.30293,1.30298
2013.03.05 00:28:08.222,1.30293,1.30298
2013.03.05 00:28:10.037,1.30291,1.30297
2013.03.05 00:28:12.469,1.30291,1.30299
2013.03.05 00:28:12.717,1.30292,1.30299
2013.03.05 00:28:12.897,1.30293,1.303
2013.03.05 00:28:15.400,1.30294,1.303
2013.03.05 00:28:16.127,1.30295,1.30301
2013.03.05 00:28:26.817,1.30296,1.30301
2013.03.05 00:28:27.717,1.30297,1.30302
2013.03.05 00:28:29.641,1.30297,1.30304
2013.03.05 00:28:35.757,1.30298,1.30304
2013.03.05 00:28:35.936,1.30298,1.30305
2013.03.05 00:28:40.318,1.30298,1.30306
2013.03.05 00:28:40.520,1.30301,1.30306
2013.03.05 00:28:40.707,1.30299,1.30306
2013.03.05 00:28:41.247,1.30299,1.30307
2013.03.05 00:28:43.477,1.30301,1.30308
2013.03.05 00:28:43.777,1.30302,1.30309
2013.03.05 00:28:44.358,1.30302,1.3031
2013.03.05 00:28:45.796,1.30302,1.3031
2013.03.05 00:28:47.077,1.30302,1.3031
2013.03.05 00:29:07.043,1.30302,1.30309
2013.03.05 00:29:19.138,1.30301,1.30309
2013.03.05 00:29:19.283,1.30301,1.30308
2013.03.05 00:29:19.837,1.30301,1.30309
2013.03.05 00:29:37.789,1.30302,1.3031
2013.03.05 00:29:37.870,1.30307,1.3031
2013.03.05 00:29:38.150,1.30306,1.30312
2013.03.05 00:29:38.701,1.30307,1.30313
2013.03.05 00:29:39.437,1.30308,1.30314
2013.03.05 00:29:40.177,1.30309,1.30314
2013.03.05 00:29:40.717,1.30311,1.30317
2013.03.05 00:29:49.167,1.30312,1.30318
2013.03.05 00:29:50.762,1.30313,1.30318
2013.03.05 00:29:50.831,1.30312,1.3032
2013.03.05 00:29:51.197,1.30316,1.30323
2013.03.05 00:29:51.557,1.30314,1.3032
2013.03.05 00:29:52.098,1.30315,1.30321
2013.03.05 00:29:52.758,1.30315,1.30319
2013.03.05 00:29:53.280,1.30315,1.30319
2013.03.05 00:29:53.839,1.30315,1.30319
2013.03.05 00:29:56.749,1.30315,1.30319
2013.03.05 00:29:57.259,1.30313,1.30318
2013.03.05 00:29:58.127,1.30313,1.30318
2013.03.05 00:29:59.637,1.30312,1.30316
2013.03.05 00:30:01.620,1.30312,1.30318
2013.03.05 00:30:01.945,1.30313,1.30319
2013.03.05 00:30:02.132,1.30314,1.30319
2013.03.05 00:30:02.322,1.30314,1.3032
2013.03.05 00:30:02.514,1.30313,1.30322
2013.03.05 00:30:02.580,1.30314,1.30323
2013.03.05 00:30:02.911,1.30316,1.30322
2013.03.05 00:30:03.182,1.30316,1.30323
2013.03.05 00:30:03.701,1.30317,1.30323
2013.03.05 00:30:03.786,1.30317,1.30325
2013.03.05 00:30:03.864,1.30319,1.30325
2013.03.05 00:30:04.002,1.30318,1.30327
2013.03.05 00:30:04.072,1.30319,1.30328
2013.03.05 00:30:04.200,1.3032,1.30328
2013.03.05 00:30:04.902,1.30322,1.30328
2013.03.05 00:30:05.219,1.30322,1.30329
2013.03.05 00:30:05.349,1.30323,1.3033
2013.03.05 00:30:06.339,1.30324,1.3033
2013.03.05 00:30:06.840,1.30324,1.30332
2013.03.05 00:30:07.151,1.30325,1.30333
2013.03.05 00:30:07.290,1.30326,1.30333
2013.03.05 00:30:07.780,1.30327,1.30333
2013.03.05 00:30:07.981,1.30328,1.30334
2013.03.05 00:30:08.540,1.30328,1.30335
2013.03.05 00:30:08.803,1.30328,1.30337
2013.03.05 00:30:08.991,1.30329,1.30337
2013.03.05 00:30:09.120,1.30329,1.30338
2013.03.05 00:30:09.190,1.30333,1.3034
2013.03.05 00:30:09.732,1.30334,1.30341
2013.03.05 00:30:10.280,1.30333,1.30341
2013.03.05 00:30:11.092,1.30332,1.3034
2013.03.05 00:30:11.400,1.30331,1.3034
2013.03.05 00:30:11.469,1.30332,1.3034
2013.03.05 00:30:12.081,1.30333,1.30341
2013.03.05 00:30:12.479,1.30335,1.30341
2013.03.05 00:30:12.961,1.30334,1.30342
2013.03.05 00:30:13.089,1.30333,1.3034
2013.03.05 00:30:13.159,1.30332,1.3034
2013.03.05 00:30:13.709,1.30332,1.30338
2013.03.05 00:30:14.259,1.30331,1.30336
2013.03.05 00:30:15.554,1.30332,1.30338
2013.03.05 00:30:16.109,1.30332,1.30338
2013.03.05 00:30:16.429,1.30332,1.30339
2013.03.05 00:30:16.859,1.30334,1.3034
2013.03.05 00:30:17.169,1.30335,1.30341
2013.03.05 00:30:17.370,1.30337,1.30345
2013.03.05 00:30:17.558,1.30337,1.30345
2013.03.05 00:30:19.288,1.30339,1.30344
2013.03.05 00:30:19.560,1.30339,1.30345
2013.03.05 00:30:20.088,1.30338,1.30345
2013.03.05 00:30:20.584,1.30337,1.30345
2013.03.05 00:30:20.735,1.30338,1.30345
2013.03.05 00:30:21.529,1.30338,1.30344
2013.03.05 00:30:22.646,1.30338,1.30345
2013.03.05 00:30:23.749,1.30337,1.30344
2013.03.05 00:30:25.259,1.30337,1.30344
2013.03.05 00:30:25.772,1.30338,1.30344
2013.03.05 00:30:26.819,1.30336,1.30344
2013.03.05 00:30:29.878,1.30337,1.30344
2013.03.05 00:30:30.060,1.30336,1.30343
2013.03.05 00:30:30.384,1.30333,1.30339
2013.03.05 00:30:30.629,1.30335,1.30341
2013.03.05 00:30:30.698,1.30335,1.30342
2013.03.05 00:30:31.658,1.30335,1.30341
2013.03.05 00:30:32.199,1.30335,1.30341
2013.03.05 00:30:32.739,1.30335,1.30341
2013.03.05 00:30:33.170,1.30333,1.3034
2013.03.05 00:30:33.480,1.30333,1.30338
2013.03.05 00:30:34.028,1.30332,1.30339
2013.03.05 00:30:34.271,1.30333,1.30339
2013.03.05 00:30:34.519,1.30335,1.30341
2013.03.05 00:30:34.649,1.30335,1.30342
2013.03.05 00:30:34.828,1.30335,1.30342
2013.03.05 00:30:35.252,1.30337,1.30343
2013.03.05 00:30:35.318,1.30337,1.30343
2013.03.05 00:30:35.502,1.30337,1.30343
2013.03.05 00:30:35.969,1.30337,1.30343
2013.03.05 00:30:36.723,1.30338,1.30345
2013.03.05 00:30:36.792,1.30338,1.30345
2013.03.05 00:30:37.348,1.30338,1.3034
2013.03.05 00:30:37.468,1.30336,1.3034
2013.03.05 00:30:37.588,1.30333,1.3034
2013.03.05 00:30:37.709,1.30335,1.30339
2013.03.05 00:30:38.228,1.30335,1.30339
2013.03.05 00:30:38.889,1.30335,1.30339
2013.03.05 00:30:39.018,1.30337,1.30343
2013.03.05 00:30:39.619,1.30336,1.30342
2013.03.05 00:30:39.678,1.30336,1.3034
2013.03.05 00:30:39.920,1.30334,1.3034
2013.03.05 00:30:39.990,1.30334,1.30339
2013.03.05 00:30:40.242,1.30331,1.30338
2013.03.05 00:30:40.310,1.3033,1.30337
2013.03.05 00:30:40.620,1.3033,1.30335
2013.03.05 00:30:40.929,1.30329,1.30337
2013.03.05 00:30:41.499,1.30328,1.30337
2013.03.05 00:30:42.608,1.30329,1.30335
2013.03.05 00:30:42.788,1.30329,1.30335
2013.03.05 00:30:47.030,1.30328,1.30334
2013.03.05 00:30:47.758,1.30327,1.30334
2013.03.05 00:30:49.098,1.30328,1.30334
2013.03.05 00:30:49.479,1.30326,1.30334
2013.03.05 00:30:49.625,1.30323,1.3033
2013.03.05 00:30:49.769,1.30323,1.3033
2013.03.05 00:30:50.087,1.30323,1.30328
2013.03.05 00:30:50.458,1.30323,1.30328
2013.03.05 00:30:51.570,1.30322,1.30328
2013.03.05 00:30:54.547,1.30321,1.30329
2013.03.05 00:30:54.728,1.30322,1.30329
2013.03.05 00:30:55.208,1.30322,1.30329
2013.03.05 00:30:56.899,1.30321,1.30329
2013.03.05 00:30:58.132,1.30324,1.30332
2013.03.05 00:30:58.568,1.30323,1.30331
2013.03.05 00:31:00.739,1.30322,1.30328
2013.03.05 00:31:03.398,1.3032,1.30326
2013.03.05 00:31:03.580,1.3032,1.30324
2013.03.05 00:31:04.127,1.30318,1.30324
2013.03.05 00:31:05.328,1.30318,1.30324
2013.03.05 00:31:05.882,1.30316,1.30324
2013.03.05 00:31:06.387,1.30315,1.30321
2013.03.05 00:31:09.004,1.30316,1.30324
2013.03.05 00:31:09.557,1.30316,1.30324
2013.03.05 00:31:10.359,1.30316,1.30324
2013.03.05 00:31:11.348,1.30316,1.30324
2013.03.05 00:31:11.787,1.30317,1.30324
2013.03.05 00:31:14.377,1.30316,1.30324
2013.03.05 00:31:14.502,1.30318,1.30323
2013.03.05 00:31:14.628,1.30318,1.30324
2013.03.05 00:31:14.868,1.30321,1.30328
2013.03.05 00:31:15.050,1.30322,1.30328
2013.03.05 00:31:15.118,1.30323,1.30329
2013.03.05 00:31:15.179,1.30325,1.30331
2013.03.05 00:31:15.298,1.30325,1.30332
2013.03.05 00:31:16.619,1.30325,1.30331
2013.03.05 00:31:17.580,1.30324,1.3033
2013.03.05 00:31:28.989,1.30323,1.3033
2013.03.05 00:31:29.343,1.30322,1.30326
2013.03.05 00:31:29.431,1.3032,1.30326
2013.03.05 00:31:29.513,1.3032,1.30326
2013.03.05 00:31:29.579,1.3032,1.30328
2013.03.05 00:31:29.877,1.3032,1.30328
2013.03.05 00:31:30.178,1.3032,1.30328
2013.03.05 00:31:30.373,1.30317,1.30324
2013.03.05 00:31:30.677,1.30315,1.30321
2013.03.05 00:31:31.343,1.30315,1.30319
2013.03.05 00:31:31.408,1.30313,1.30319
2013.03.05 00:31:31.948,1.30313,1.30319
2013.03.05 00:31:40.457,1.30314,1.30319
2013.03.05 00:31:41.226,1.30313,1.30319
2013.03.05 00:31:41.304,1.30313,1.30318
2013.03.05 00:31:41.665,1.3031,1.30316
2013.03.05 00:31:41.734,1.30307,1.30314
2013.03.05 00:31:41.918,1.30307,1.30314
2013.03.05 00:31:42.037,1.3031,1.30316
2013.03.05 00:31:42.477,1.30306,1.30314
2013.03.05 00:31:42.538,1.30306,1.30312
2013.03.05 00:31:42.667,1.30306,1.30312
2013.03.05 00:31:42.849,1.30307,1.30314
2013.03.05 00:31:42.909,1.30307,1.30314
2013.03.05 00:31:43.148,1.30307,1.30314
2013.03.05 00:31:43.328,1.30308,1.30314
2013.03.05 00:31:43.569,1.30309,1.30316
2013.03.05 00:31:44.106,1.3031,1.30316
2013.03.05 00:31:44.948,1.30309,1.30316
2013.03.05 00:31:48.947,1.3031,1.30316
2013.03.05 00:31:51.440,1.3031,1.30318
2013.03.05 00:31:54.667,1.30312,1.30319
2013.03.05 00:31:55.831,1.30311,1.30318
2013.03.05 00:31:56.079,1.30313,1.3032
2013.03.05 00:31:56.616,1.30315,1.30321
2013.03.05 00:31:59.648,1.30314,1.30321
2013.03.05 00:31:59.957,1.30315,1.30321
2013.03.05 00:32:00.437,1.30316,1.30322
2013.03.05 00:32:00.997,1.30316,1.30324
2013.03.05 00:32:03.096,1.30319,1.30326
2013.03.05 00:32:03.277,1.3032,1.30327
2013.03.05 00:32:03.820,1.3032,1.30326
2013.03.05 00:32:04.067,1.30317,1.30326
2013.03.05 00:32:04.404,1.30317,1.30325
2013.03.05 00:32:04.723,1.30317,1.30323
2013.03.05 00:32:05.373,1.30317,1.30323
2013.03.05 00:32:05.860,1.30318,1.30325
2013.03.05 00:32:06.228,1.30317,1.30324
2013.03.05 00:32:06.407,1.30316,1.30323
2013.03.05 00:32:06.469,1.30315,1.30322
2013.03.05 00:32:06.530,1.30313,1.30322
2013.03.05 00:32:06.718,1.30312,1.30322
2013.03.05 00:32:07.256,1.30313,1.3032
2013.03.05 00:32:07.497,1.30312,1.3032
2013.03.05 00:32:08.218,1.30309,1.30316
2013.03.05 00:32:14.918,1.3031,1.30316
2013.03.05 00:32:19.867,1.30309,1.30316
2013.03.05 00:32:23.357,1.3031,1.30316
2013.03.05 00:32:27.400,1.30309,1.30316
2013.03.05 00:32:28.437,1.30309,1.30316
2013.03.05 00:32:29.657,1.30308,1.30316
2013.03.05 00:32:32.141,1.30308,1.30316
2013.03.05 00:32:32.529,1.30309,1.30316
2013.03.05 00:32:32.707,1.30311,1.30319
2013.03.05 00:32:33.009,1.30313,1.30321
2013.03.05 00:32:33.138,1.30314,1.30322
2013.03.05 00:32:33.833,1.30315,1.30323
2013.03.05 00:32:33.918,1.30317,1.30323
2013.03.05 00:32:36.279,1.30317,1.30324
2013.03.05 00:32:36.589,1.30317,1.30325
2013.03.05 00:32:36.722,1.3032,1.30324
2013.03.05 00:32:37.278,1.3032,1.30326
2013.03.05 00:32:38.177,1.30321,1.30326
2013.03.05 00:32:38.928,1.30321,1.30328
2013.03.05 00:32:39.107,1.30322,1.30328
2013.03.05 00:32:39.169,1.30323,1.30328
2013.03.05 00:32:39.528,1.30323,1.3033
2013.03.05 00:32:40.085,1.30324,1.30331
2013.03.05 00:32:40.599,1.30325,1.30332
2013.03.05 00:32:42.289,1.30327,1.30331
2013.03.05 00:32:43.499,1.30326,1.30333
2013.03.05 00:32:45.698,1.30327,1.30333
2013.03.05 00:32:46.828,1.30327,1.30334
2013.03.05 00:32:47.436,1.30327,1.30335
2013.03.05 00:32:47.979,1.30331,1.30337
2013.03.05 00:32:49.277,1.3033,1.30336
2013.03.05 00:32:50.786,1.3033,1.30337
2013.03.05 00:32:54.248,1.30332,1.30337
2013.03.05 00:32:54.608,1.30335,1.3034
2013.03.05 00:32:54.728,1.30335,1.3034
2013.03.05 00:32:55.161,1.30336,1.30341
2013.03.05 00:32:55.300,1.30336,1.30342
2013.03.05 00:32:55.668,1.30337,1.30343
2013.03.05 00:32:56.257,1.30341,1.30346
2013.03.05 00:32:57.117,1.30341,1.30347
2013.03.05 00:32:58.249,1.30339,1.30347
2013.03.05 00:32:59.497,1.30339,1.30345
2013.03.05 00:33:00.018,1.30338,1.30343
2013.03.05 00:33:00.259,1.30336,1.3034
2013.03.05 00:33:00.319,1.30335,1.3034
2013.03.05 00:33:00.379,1.3033,1.30338
2013.03.05 00:33:00.748,1.3033,1.30338
2013.03.05 00:33:02.078,1.3033,1.30338
2013.03.05 00:33:02.379,1.3033,1.30338
2013.03.05 00:33:02.887,1.3033,1.30338
2013.03.05 00:33:03.768,1.3033,1.30336
2013.03.05 00:33:04.308,1.3033,1.30337
2013.03.05 00:33:04.609,1.3033,1.30337
2013.03.05 00:33:06.329,1.3033,1.30337
2013.03.05 00:33:07.349,1.3033,1.30337
2013.03.05 00:33:09.278,1.3033,1.30338
2013.03.05 00:33:11.479,1.30331,1.30337
2013.03.05 00:33:12.327,1.3033,1.30337
2013.03.05 00:33:12.761,1.3033,1.30338
2013.03.05 00:33:15.448,1.3033,1.30337
2013.03.05 00:33:17.347,1.30331,1.30337
2013.03.05 00:33:18.287,1.3033,1.30337
2013.03.05 00:33:18.832,1.30331,1.30337
2013.03.05 00:33:19.527,1.30332,1.30337
2013.03.05 00:33:20.998,1.3033,1.30337
2013.03.05 00:33:27.747,1.30331,1.30335
2013.03.05 00:33:28.277,1.30332,1.30337
2013.03.05 00:33:30.808,1.3033,1.30336
2013.03.05 00:33:30.873,1.30328,1.30336
2013.03.05 00:33:31.298,1.30327,1.30333
2013.03.05 00:33:31.478,1.30324,1.30329
2013.03.05 00:33:31.658,1.30324,1.30329
2013.03.05 00:33:32.198,1.30322,1.30329
2013.03.05 00:33:34.067,1.30323,1.3033
2013.03.05 00:33:34.638,1.30322,1.3033
2013.03.05 00:33:35.211,1.3032,1.30329
2013.03.05 00:33:35.738,1.3032,1.30328
2013.03.05 00:33:39.464,1.3032,1.30328
2013.03.05 00:33:39.539,1.3032,1.30328
2013.03.05 00:33:42.029,1.3032,1.30328
2013.03.05 00:33:46.665,1.30321,1.30328
2013.03.05 00:33:50.568,1.30321,1.30328
2013.03.05 00:33:55.996,1.3032,1.30327
2013.03.05 00:33:56.177,1.30319,1.30323
2013.03.05 00:33:56.238,1.30314,1.30321
2013.03.05 00:33:56.373,1.30313,1.30321
2013.03.05 00:33:56.441,1.30313,1.30319
2013.03.05 00:33:56.688,1.30309,1.30317
2013.03.05 00:33:56.990,1.30309,1.30316
2013.03.05 00:33:57.418,1.3031,1.30317
2013.03.05 00:34:01.349,1.30311,1.30318
2013.03.05 00:34:01.709,1.30312,1.30318
2013.03.05 00:34:02.248,1.30312,1.30318
2013.03.05 00:34:02.489,1.30313,1.30318
2013.03.05 00:34:02.549,1.30313,1.3032
2013.03.05 00:34:02.668,1.30313,1.30322
2013.03.05 00:34:03.208,1.30314,1.30322
2013.03.05 00:34:05.402,1.30315,1.30322
2013.03.05 00:34:06.117,1.30316,1.30323
2013.03.05 00:34:06.418,1.30316,1.30325
2013.03.05 00:34:06.658,1.30318,1.30326
2013.03.05 00:34:06.779,1.30318,1.30324
2013.03.05 00:34:07.079,1.30319,1.30324
2013.03.05 00:34:07.269,1.3032,1.30326
2013.03.05 00:34:07.387,1.3032,1.30326
2013.03.05 00:34:07.449,1.3032,1.30326
2013.03.05 00:34:07.835,1.3032,1.30326
2013.03.05 00:34:08.028,1.3032,1.30326
2013.03.05 00:34:10.437,1.30321,1.30327
2013.03.05 00:34:10.951,1.30321,1.30327
2013.03.05 00:34:14.294,1.30321,1.30327
2013.03.05 00:34:14.479,1.30323,1.30329
2013.03.05 00:34:14.599,1.30321,1.30328
2013.03.05 00:34:14.778,1.3032,1.30328
2013.03.05 00:34:15.337,1.3032,1.30328
2013.03.05 00:34:19.658,1.3032,1.30327
2013.03.05 00:34:20.367,1.3032,1.30327
2013.03.05 00:34:20.428,1.30321,1.30328
2013.03.05 00:34:20.548,1.3032,1.30328
2013.03.05 00:34:21.088,1.3032,1.30327
2013.03.05 00:34:21.908,1.30321,1.30327
2013.03.05 00:34:22.265,1.30323,1.30327
2013.03.05 00:34:22.346,1.3032,1.30327
2013.03.05 00:34:22.420,1.3032,1.30327
2013.03.05 00:34:22.727,1.30323,1.30327
2013.03.05 00:34:23.267,1.30323,1.30329
2013.03.05 00:34:23.577,1.30323,1.30329
2013.03.05 00:34:23.638,1.30323,1.30329
2013.03.05 00:34:24.178,1.30323,1.30327
2013.03.05 00:34:25.558,1.30324,1.30328
2013.03.05 00:34:26.098,1.30325,1.3033
2013.03.05 00:34:26.457,1.3032,1.30328
2013.03.05 00:34:26.577,1.3032,1.30325
2013.03.05 00:34:26.762,1.30315,1.30324
2013.03.05 00:34:26.832,1.30315,1.30324
2013.03.05 00:34:27.029,1.30318,1.30324
2013.03.05 00:34:28.407,1.30318,1.30326
2013.03.05 00:34:28.768,1.30317,1.30325
2013.03.05 00:34:31.047,1.30316,1.30322
2013.03.05 00:34:31.972,1.30316,1.3032
2013.03.05 00:34:32.279,1.30314,1.30321
2013.03.05 00:34:33.092,1.30315,1.30319
2013.03.05 00:34:34.569,1.30311,1.30318
2013.03.05 00:34:34.757,1.30311,1.30318
2013.03.05 00:34:35.118,1.30311,1.30318
2013.03.05 00:34:36.347,1.3031,1.30318
2013.03.05 00:34:36.658,1.30312,1.30318
2013.03.05 00:34:36.778,1.30313,1.30319
2013.03.05 00:34:36.841,1.30313,1.30321
2013.03.05 00:34:37.028,1.30314,1.30321
2013.03.05 00:34:37.387,1.30314,1.30322
2013.03.05 00:34:38.591,1.30315,1.30322
2013.03.05 00:34:38.777,1.30316,1.30323
2013.03.05 00:34:38.958,1.30317,1.30323
2013.03.05 00:34:39.079,1.30317,1.30324
2013.03.05 00:34:39.627,1.30319,1.30324
2013.03.05 00:34:40.439,1.30319,1.30325
2013.03.05 00:34:40.498,1.3032,1.30325
2013.03.05 00:34:40.617,1.30322,1.30329
2013.03.05 00:34:40.738,1.30319,1.30328
2013.03.05 00:34:40.917,1.3032,1.30328
2013.03.05 00:34:41.277,1.3032,1.30328
2013.03.05 00:34:42.699,1.30322,1.3033
2013.03.05 00:34:43.203,1.30322,1.3033
2013.03.05 00:34:43.748,1.30322,1.3033
2013.03.05 00:34:44.828,1.30322,1.30329
2013.03.05 00:34:47.867,1.3032,1.30328
2013.03.05 00:34:48.169,1.3032,1.30326
2013.03.05 00:34:48.409,1.30318,1.30326
2013.03.05 00:34:48.598,1.30319,1.30324
2013.03.05 00:34:49.318,1.30315,1.30322
2013.03.05 00:34:49.499,1.30316,1.30322
2013.03.05 00:34:49.617,1.30317,1.30325
2013.03.05 00:34:49.739,1.30317,1.30325
2013.03.05 00:34:50.248,1.30317,1.30325
2013.03.05 00:34:50.368,1.30318,1.30324
2013.03.05 00:34:50.787,1.30318,1.30327
2013.03.05 00:34:51.927,1.30319,1.30327
2013.03.05 00:34:52.498,1.3032,1.30328
2013.03.05 00:34:53.049,1.3032,1.30328
2013.03.05 00:34:55.888,1.3032,1.30329
2013.03.05 00:34:56.068,1.30322,1.3033
2013.03.05 00:34:56.573,1.30322,1.3033
2013.03.05 00:34:57.117,1.30321,1.3033
2013.03.05 00:34:57.812,1.3032,1.30329
2013.03.05 00:34:59.006,1.30319,1.30329
2013.03.05 00:34:59.367,1.30317,1.30327
2013.03.05 00:34:59.429,1.30317,1.30325
2013.03.05 00:34:59.969,1.30315,1.30325
2013.03.05 00:35:00.149,1.30313,1.30323
2013.03.05 00:35:00.210,1.30312,1.30323
2013.03.05 00:35:00.608,1.30314,1.30321
2013.03.05 00:35:00.693,1.30316,1.30322
2013.03.05 00:35:00.899,1.30317,1.30323
2013.03.05 00:35:01.197,1.30318,1.30325
2013.03.05 00:35:01.258,1.30318,1.30325
2013.03.05 00:35:03.997,1.30318,1.30325
2013.03.05 00:35:04.177,1.30315,1.30324
2013.03.05 00:35:04.358,1.30314,1.30323
2013.03.05 00:35:04.478,1.30313,1.30321
2013.03.05 00:35:04.777,1.30313,1.30321
2013.03.05 00:35:06.808,1.30312,1.30319
2013.03.05 00:35:07.970,1.30311,1.30319
2013.03.05 00:35:08.338,1.30315,1.3032
2013.03.05 00:35:08.458,1.30314,1.30322
2013.03.05 00:35:08.518,1.30313,1.30322
2013.03.05 00:35:08.637,1.30313,1.30322
2013.03.05 00:35:09.118,1.30312,1.30319
2013.03.05 00:35:12.277,1.3031,1.30319
2013.03.05 00:35:13.009,1.30311,1.30319
2013.03.05 00:35:13.828,1.30311,1.30319
2013.03.05 00:35:14.698,1.30311,1.30319
2013.03.05 00:35:19.158,1.30312,1.30319
2013.03.05 00:35:19.699,1.30313,1.3032
2013.03.05 00:35:25.458,1.30313,1.3032
2013.03.05 00:35:25.698,1.30316,1.30322
2013.03.05 00:35:25.820,1.30318,1.30323
2013.03.05 00:35:26.008,1.30318,1.30324
2013.03.05 00:35:26.128,1.30318,1.30325
2013.03.05 00:35:26.677,1.30317,1.30327
2013.03.05 00:35:28.179,1.30317,1.30326
2013.03.05 00:35:31.514,1.30318,1.30326
2013.03.05 00:35:31.877,1.30319,1.30327
2013.03.05 00:35:32.428,1.30321,1.30328
2013.03.05 00:35:41.058,1.30321,1.30328
2013.03.05 00:35:41.608,1.30321,1.30328
2013.03.05 00:35:42.979,1.3032,1.30329
2013.03.05 00:35:43.497,1.3032,1.30328
2013.03.05 00:35:47.058,1.30319,1.30326
2013.03.05 00:35:47.597,1.30318,1.30326
2013.03.05 00:35:48.147,1.30317,1.30326
2013.03.05 00:35:48.707,1.30317,1.30325
2013.03.05 00:35:50.598,1.30317,1.30325
2013.03.05 00:35:51.157,1.30317,1.30323
2013.03.05 00:35:51.868,1.30317,1.30323
2013.03.05 00:35:52.229,1.30319,1.30324
2013.03.05 00:35:52.827,1.30319,1.30324
2013.03.05 00:35:53.918,1.30317,1.30324
2013.03.05 00:35:54.038,1.30317,1.30324
2013.03.05 00:35:54.577,1.30317,1.30324
2013.03.05 00:35:55.119,1.30319,1.30325
2013.03.05 00:35:55.431,1.3032,1.30327
2013.03.05 00:36:00.018,1.30324,1.30328
2013.03.05 00:36:00.738,1.30323,1.30329
2013.03.05 00:36:01.992,1.30324,1.3033
2013.03.05 00:36:02.179,1.30327,1.30333
2013.03.05 00:36:02.360,1.30329,1.30334
2013.03.05 00:36:02.669,1.30328,1.30336
2013.03.05 00:36:02.911,1.30331,1.30337
2013.03.05 00:36:03.163,1.30332,1.30339
2013.03.05 00:36:04.943,1.30331,1.30339
2013.03.05 00:36:05.498,1.30329,1.30336
2013.03.05 00:36:07.058,1.30329,1.30335
2013.03.05 00:36:07.418,1.30328,1.30335
2013.03.05 00:36:07.598,1.30327,1.30334
2013.03.05 00:36:07.898,1.30324,1.3033
2013.03.05 00:36:09.817,1.30324,1.3033
2013.03.05 00:36:10.968,1.30324,1.30331
2013.03.05 00:36:11.892,1.30326,1.30333
2013.03.05 00:36:11.959,1.30328,1.30334
2013.03.05 00:36:12.079,1.30329,1.30336
2013.03.05 00:36:12.440,1.3033,1.30336
2013.03.05 00:36:16.801,1.30329,1.30337
2013.03.05 00:36:17.347,1.30331,1.30338
2013.03.05 00:36:19.107,1.30331,1.30338
2013.03.05 00:36:19.348,1.30331,1.30337
2013.03.05 00:36:19.530,1.30328,1.30334
2013.03.05 00:36:19.601,1.30326,1.30333
2013.03.05 00:36:19.727,1.30326,1.30334
2013.03.05 00:36:19.908,1.30326,1.30331
2013.03.05 00:36:21.248,1.30324,1.30331
2013.03.05 00:36:23.320,1.30324,1.3033
2013.03.05 00:36:24.839,1.30324,1.3033
2013.03.05 00:36:25.259,1.30326,1.30332
2013.03.05 00:36:25.319,1.30326,1.30333
2013.03.05 00:36:25.500,1.30328,1.30334
2013.03.05 00:36:25.688,1.30328,1.30336
2013.03.05 00:36:26.038,1.30328,1.30336
2013.03.05 00:36:26.677,1.3033,1.30336
2013.03.05 00:36:27.219,1.3033,1.30338
2013.03.05 00:36:28.731,1.30331,1.30338
2013.03.05 00:36:30.518,1.30331,1.3034
2013.03.05 00:36:32.240,1.30331,1.30339
2013.03.05 00:36:35.057,1.30331,1.30339
2013.03.05 00:36:39.909,1.30331,1.30339
2013.03.05 00:36:40.958,1.30331,1.30339
2013.03.05 00:36:42.009,1.30331,1.30339
2013.03.05 00:36:43.597,1.30331,1.30338
2013.03.05 00:36:44.147,1.30331,1.30338
2013.03.05 00:36:44.880,1.30331,1.30337
2013.03.05 00:36:45.587,1.30331,1.30337
2013.03.05 00:36:45.969,1.30331,1.30337
2013.03.05 00:36:46.527,1.30331,1.30337
2013.03.05 00:36:47.280,1.3033,1.30334
2013.03.05 00:36:47.469,1.30328,1.30335
2013.03.05 00:36:47.768,1.30327,1.30334
2013.03.05 00:36:47.889,1.30326,1.30333
2013.03.05 00:36:48.198,1.30322,1.3033
2013.03.05 00:36:48.638,1.30323,1.3033
2013.03.05 00:36:49.249,1.30321,1.3033
2013.03.05 00:36:49.439,1.30324,1.30331
2013.03.05 00:36:49.617,1.30325,1.30332
2013.03.05 00:36:49.802,1.30326,1.30332
2013.03.05 00:36:50.108,1.30325,1.30334
2013.03.05 00:36:50.649,1.30328,1.30337
2013.03.05 00:36:51.190,1.30328,1.30338
2013.03.05 00:36:51.260,1.30329,1.30338
2013.03.05 00:36:52.508,1.30329,1.30338
2013.03.05 00:37:03.640,1.30331,1.30338
2013.03.05 00:37:03.711,1.30331,1.30338
2013.03.05 00:37:04.198,1.30331,1.30339
2013.03.05 00:37:04.751,1.30332,1.3034
2013.03.05 00:37:04.820,1.30335,1.30343
2013.03.05 00:37:05.940,1.30335,1.30343
2013.03.05 00:37:06.488,1.30335,1.30343
2013.03.05 00:37:07.249,1.30335,1.30343
2013.03.05 00:37:08.548,1.30335,1.30343
2013.03.05 00:37:08.849,1.30334,1.30338
2013.03.05 00:37:08.918,1.30332,1.30338
2013.03.05 00:37:08.978,1.3033,1.30338
2013.03.05 00:37:09.158,1.3033,1.30338
2013.03.05 00:37:16.783,1.30329,1.30335
2013.03.05 00:37:16.924,1.30325,1.30332
2013.03.05 00:37:16.991,1.30323,1.30331
2013.03.05 00:37:17.418,1.30323,1.30329
2013.03.05 00:37:22.577,1.30322,1.30329
2013.03.05 00:37:22.759,1.30322,1.30329
2013.03.05 00:37:31.348,1.30321,1.30329
2013.03.05 00:37:37.379,1.30321,1.3033
2013.03.05 00:37:37.439,1.30322,1.3033
2013.03.05 00:37:37.620,1.30323,1.3033
2013.03.05 00:37:37.868,1.30324,1.30331
2013.03.05 00:37:37.928,1.30327,1.30334
2013.03.05 00:37:38.447,1.30327,1.30334
2013.03.05 00:37:38.868,1.30327,1.30334
2013.03.05 00:37:39.108,1.30327,1.30336
2013.03.05 00:37:39.167,1.30327,1.30336
2013.03.05 00:37:39.228,1.30327,1.30337
2013.03.05 00:37:43.929,1.30327,1.30335
2013.03.05 00:37:44.228,1.30327,1.30331
2013.03.05 00:37:44.409,1.30326,1.30334
2013.03.05 00:37:44.658,1.30325,1.3033
2013.03.05 00:37:45.200,1.30325,1.3033
2013.03.05 00:37:45.329,1.30326,1.30333
2013.03.05 00:37:45.389,1.30327,1.30334
2013.03.05 00:37:46.587,1.30329,1.30335
2013.03.05 00:37:46.709,1.30329,1.30336
2013.03.05 00:37:46.841,1.3033,1.30337
2013.03.05 00:37:47.378,1.3033,1.30338
2013.03.05 00:37:50.138,1.3033,1.30337
2013.03.05 00:37:56.404,1.30333,1.30338
2013.03.05 00:37:56.947,1.30333,1.30338
2013.03.05 00:37:57.248,1.30331,1.30338
2013.03.05 00:37:57.307,1.30331,1.30338
2013.03.05 00:37:58.699,1.30332,1.30338
2013.03.05 00:37:59.729,1.30331,1.30337
2013.03.05 00:38:03.440,1.30331,1.30338
2013.03.05 00:38:04.068,1.3033,1.3034
2013.03.05 00:38:04.188,1.30334,1.30341
2013.03.05 00:38:04.307,1.30334,1.30341
2013.03.05 00:38:04.549,1.30336,1.30342
2013.03.05 00:38:04.969,1.30338,1.30344
2013.03.05 00:38:05.209,1.30337,1.30344
2013.03.05 00:38:05.329,1.30337,1.30341
2013.03.05 00:38:06.050,1.30334,1.3034
2013.03.05 00:38:06.241,1.30331,1.30339
2013.03.05 00:38:06.799,1.30331,1.30337
2013.03.05 00:38:07.828,1.30331,1.30337
2013.03.05 00:38:09.059,1.30331,1.30337
2013.03.05 00:38:17.008,1.30331,1.30337
2013.03.05 00:38:18.667,1.3033,1.30337
2013.03.05 00:38:26.098,1.3033,1.30337
2013.03.05 00:38:27.728,1.30329,1.30336
2013.03.05 00:38:27.848,1.30329,1.30334
2013.03.05 00:38:28.208,1.30328,1.30333
2013.03.05 00:38:28.748,1.30325,1.30331
2013.03.05 00:38:28.867,1.3032,1.3033
2013.03.05 00:38:28.927,1.30323,1.30331
2013.03.05 00:38:29.259,1.30323,1.30331
2013.03.05 00:38:29.817,1.30324,1.30331
2013.03.05 00:38:30.148,1.3032,1.3033
2013.03.05 00:38:31.999,1.3032,1.3033
2013.03.05 00:38:32.542,1.3032,1.30328
2013.03.05 00:38:32.979,1.30318,1.30325
2013.03.05 00:38:33.222,1.30315,1.30321
2013.03.05 00:38:33.528,1.30314,1.30321
2013.03.05 00:38:33.725,1.30313,1.3032
2013.03.05 00:38:34.402,1.30312,1.3032
2013.03.05 00:38:36.621,1.3031,1.30318
2013.03.05 00:38:36.690,1.3031,1.30318
2013.03.05 00:38:46.385,1.3031,1.30318
2013.03.05 00:38:48.538,1.3031,1.30318
2013.03.05 00:38:51.458,1.30311,1.30319
2013.03.05 00:38:52.017,1.30311,1.30318
2013.03.05 00:38:52.578,1.30311,1.30318
2013.03.05 00:38:54.128,1.3031,1.30318
2013.03.05 00:38:55.469,1.3031,1.30318
2013.03.05 00:38:56.008,1.30309,1.30316
2013.03.05 00:38:59.338,1.30308,1.30315
2013.03.05 00:39:00.787,1.30308,1.30315
2013.03.05 00:39:04.562,1.30308,1.30314
2013.03.05 00:39:04.748,1.30308,1.30314
2013.03.05 00:39:04.988,1.30309,1.30315
2013.03.05 00:39:05.048,1.30308,1.30315
2013.03.05 00:39:05.108,1.30309,1.30315
2013.03.05 00:39:06.668,1.30309,1.30315
2013.03.05 00:39:12.689,1.30309,1.30315
2013.03.05 00:39:12.809,1.30309,1.30315
2013.03.05 00:39:13.118,1.30307,1.30313
2013.03.05 00:39:13.179,1.30305,1.30311
2013.03.05 00:39:13.298,1.30303,1.30311
2013.03.05 00:39:13.478,1.30301,1.30309
2013.03.05 00:39:13.718,1.30302,1.30309
2013.03.05 00:39:14.525,1.30302,1.30309
2013.03.05 00:39:17.007,1.30304,1.3031
2013.03.05 00:39:18.778,1.30303,1.3031
2013.03.05 00:39:20.188,1.30302,1.3031
2013.03.05 00:39:20.367,1.30302,1.3031
2013.03.05 00:39:21.489,1.30302,1.3031
2013.03.05 00:39:22.088,1.30302,1.3031
2013.03.05 00:39:22.628,1.30302,1.30308
2013.03.05 00:39:26.067,1.30301,1.30308
2013.03.05 00:39:30.538,1.30298,1.30306
2013.03.05 00:39:30.660,1.30298,1.30304
2013.03.05 00:39:30.728,1.30298,1.30304
2013.03.05 00:39:31.078,1.30298,1.30304
2013.03.05 00:39:31.629,1.30298,1.30304
2013.03.05 00:39:34.339,1.30298,1.30306
2013.03.05 00:39:35.113,1.30298,1.30306
2013.03.05 00:39:38.859,1.30298,1.30304
2013.03.05 00:39:39.219,1.30297,1.30301
2013.03.05 00:39:39.398,1.30293,1.303
2013.03.05 00:39:39.460,1.30293,1.303
2013.03.05 00:39:42.131,1.30296,1.30298
2013.03.05 00:39:42.321,1.30296,1.30302
2013.03.05 00:39:43.109,1.30297,1.30302
2013.03.05 00:39:43.758,1.30297,1.30302
2013.03.05 00:39:43.938,1.30297,1.30302
2013.03.05 00:39:45.198,1.30296,1.30303
2013.03.05 00:39:45.499,1.30295,1.30299
2013.03.05 00:39:45.621,1.30293,1.30299
2013.03.05 00:39:45.749,1.30291,1.30299
2013.03.05 00:39:48.128,1.30292,1.30298
2013.03.05 00:39:50.746,1.30294,1.30299
2013.03.05 00:39:51.207,1.30292,1.30298
2013.03.05 00:39:52.737,1.30291,1.30298
2013.03.05 00:39:52.858,1.3029,1.30298
2013.03.05 00:39:53.217,1.30289,1.30298
2013.03.05 00:39:54.650,1.30289,1.30298
2013.03.05 00:39:55.699,1.3029,1.30298
2013.03.05 00:39:56.599,1.3029,1.30298
2013.03.05 00:39:56.719,1.30292,1.30298
2013.03.05 00:39:59.336,1.30293,1.30298
2013.03.05 00:39:59.899,1.30292,1.30298
2013.03.05 00:40:00.379,1.30292,1.30298
2013.03.05 00:40:00.499,1.30292,1.30298
2013.03.05 00:40:00.859,1.30295,1.303
2013.03.05 00:40:01.158,1.30293,1.30299
2013.03.05 00:40:01.714,1.30292,1.30298
2013.03.05 00:40:02.168,1.30292,1.30298
2013.03.05 00:40:02.229,1.3029,1.30297
2013.03.05 00:40:02.410,1.3029,1.30297
2013.03.05 00:40:03.089,1.3029,1.30297
2013.03.05 00:40:03.946,1.30289,1.30297
2013.03.05 00:40:14.462,1.30291,1.30298
2013.03.05 00:40:15.669,1.30293,1.303
2013.03.05 00:40:15.910,1.30296,1.30304
2013.03.05 00:40:16.088,1.30298,1.30305
2013.03.05 00:40:17.357,1.303,1.30305
2013.03.05 00:40:17.908,1.30298,1.30304
2013.03.05 00:40:18.827,1.30297,1.30303
2013.03.05 00:40:20.690,1.30296,1.30303
2013.03.05 00:40:21.228,1.30295,1.30302
2013.03.05 00:40:25.008,1.30296,1.30303
2013.03.05 00:40:26.119,1.30297,1.30304
2013.03.05 00:40:26.368,1.30297,1.30304
2013.03.05 00:40:26.899,1.303,1.30305
2013.03.05 00:40:28.619,1.30301,1.30305
2013.03.05 00:40:28.859,1.303,1.30306
2013.03.05 00:40:29.038,1.303,1.30306
2013.03.05 00:40:32.019,1.303,1.30306
2013.03.05 00:40:36.620,1.303,1.30306
2013.03.05 00:40:39.749,1.30299,1.30306
2013.03.05 00:40:41.567,1.30299,1.30306
2013.03.05 00:40:48.605,1.303,1.30306
2013.03.05 00:40:49.156,1.303,1.30306
2013.03.05 00:40:50.759,1.303,1.30307
2013.03.05 00:40:55.301,1.30299,1.30306
2013.03.05 00:40:56.868,1.30299,1.30306
2013.03.05 00:40:57.528,1.30299,1.30306
2013.03.05 00:40:57.588,1.303,1.30306
2013.03.05 00:40:58.129,1.30299,1.30307
2013.03.05 00:40:58.498,1.30301,1.30307
2013.03.05 00:40:58.928,1.30301,1.30306
2013.03.05 00:40:59.950,1.30299,1.30306
2013.03.05 00:41:00.559,1.303,1.30306
2013.03.05 00:41:02.300,1.303,1.30307
2013.03.05 00:41:03.094,1.30299,1.30306
2013.03.05 00:41:04.666,1.303,1.30307
2013.03.05 00:41:06.218,1.30299,1.30307
2013.03.05 00:41:25.160,1.30299,1.30306
2013.03.05 00:41:29.059,1.303,1.30307
2013.03.05 00:41:30.771,1.303,1.30306
2013.03.05 00:41:32.900,1.303,1.30306
2013.03.05 00:41:35.922,1.303,1.30307
2013.03.05 00:41:38.758,1.303,1.30304
2013.03.05 00:41:39.119,1.30297,1.30305
2013.03.05 00:41:39.178,1.30297,1.30303
2013.03.05 00:41:39.718,1.30295,1.30303
2013.03.05 00:41:41.780,1.30294,1.30302
2013.03.05 00:41:41.910,1.30294,1.30301
2013.03.05 00:42:04.449,1.30293,1.303
2013.03.05 00:42:05.848,1.30292,1.303
2013.03.05 00:42:06.877,1.30291,1.30299
2013.03.05 00:42:08.459,1.30291,1.30298
2013.03.05 00:42:08.764,1.3029,1.30297
2013.03.05 00:42:09.070,1.30289,1.30297
2013.03.05 00:42:09.142,1.30289,1.30295
2013.03.05 00:42:09.449,1.30288,1.30295
2013.03.05 00:42:09.691,1.30286,1.30292
2013.03.05 00:42:09.998,1.30286,1.30295
2013.03.05 00:42:10.058,1.30286,1.30293
2013.03.05 00:42:10.118,1.30287,1.30295
2013.03.05 00:42:10.178,1.30286,1.30295
2013.03.05 00:42:10.600,1.30287,1.30295
2013.03.05 00:42:11.258,1.30287,1.30295
2013.03.05 00:42:12.847,1.30288,1.30295
2013.03.05 00:42:13.588,1.30288,1.30294
2013.03.05 00:42:14.851,1.30288,1.30294
2013.03.05 00:42:15.193,1.30287,1.30294
2013.03.05 00:42:15.748,1.30286,1.30294
2013.03.05 00:42:15.988,1.30286,1.30292
2013.03.05 00:42:16.288,1.30286,1.30295
2013.03.05 00:42:16.409,1.30286,1.30295
2013.03.05 00:42:17.259,1.30288,1.30296
2013.03.05 00:42:18.279,1.30287,1.30295
2013.03.05 00:42:19.148,1.30286,1.30294
2013.03.05 00:42:23.773,1.30287,1.30295
2013.03.05 00:42:33.020,1.30286,1.30294
2013.03.05 00:42:35.188,1.30287,1.30294
2013.03.05 00:42:35.937,1.30286,1.30294
2013.03.05 00:42:36.480,1.30285,1.30293
2013.03.05 00:42:37.028,1.30285,1.30292
2013.03.05 00:42:45.538,1.30285,1.30291
2013.03.05 00:42:46.127,1.30283,1.30289
2013.03.05 00:42:46.202,1.3028,1.30288
2013.03.05 00:42:46.449,1.30281,1.30288
2013.03.05 00:42:46.749,1.30279,1.30287
2013.03.05 00:42:46.989,1.30278,1.30285
2013.03.05 00:42:47.169,1.30278,1.30286
2013.03.05 00:42:47.718,1.30278,1.30286
2013.03.05 00:42:48.463,1.30278,1.30286
2013.03.05 00:42:50.420,1.30278,1.30285
2013.03.05 00:42:50.609,1.30275,1.30282
2013.03.05 00:42:50.730,1.30275,1.3028
2013.03.05 00:42:51.090,1.30275,1.30279
2013.03.05 00:42:51.639,1.30275,1.30278
2013.03.05 00:42:52.161,1.30275,1.30277
2013.03.05 00:42:52.350,1.30275,1.30277
2013.03.05 00:42:52.492,1.30272,1.30279
2013.03.05 00:42:53.078,1.30271,1.30278
2013.03.05 00:42:54.787,1.30268,1.30275
2013.03.05 00:42:55.088,1.30266,1.30273
2013.03.05 00:42:55.148,1.30265,1.30272
2013.03.05 00:42:55.628,1.30264,1.30269
2013.03.05 00:42:56.129,1.30265,1.30269
2013.03.05 00:42:56.517,1.30265,1.30269
2013.03.05 00:42:56.699,1.30266,1.30272
2013.03.05 00:42:56.759,1.30267,1.30272
2013.03.05 00:42:56.879,1.30267,1.30274
2013.03.05 00:42:57.430,1.30268,1.30274
2013.03.05 00:42:58.313,1.30268,1.30274
2013.03.05 00:42:58.383,1.30268,1.30274
2013.03.05 00:42:58.647,1.30268,1.30274
2013.03.05 00:42:58.769,1.30268,1.30274
2013.03.05 00:42:58.949,1.30267,1.30273
2013.03.05 00:42:59.249,1.30267,1.30274
2013.03.05 00:43:02.409,1.30269,1.30274
2013.03.05 00:43:03.947,1.30268,1.30274
2013.03.05 00:43:04.510,1.30268,1.30275
2013.03.05 00:43:05.048,1.30268,1.30274
2013.03.05 00:43:05.587,1.30269,1.30275
2013.03.05 00:43:05.768,1.30269,1.30277
2013.03.05 00:43:06.959,1.3027,1.30277
2013.03.05 00:43:07.403,1.30274,1.3028
2013.03.05 00:43:07.528,1.30274,1.30281
2013.03.05 00:43:07.708,1.30274,1.30282
2013.03.05 00:43:08.013,1.30274,1.30283
2013.03.05 00:43:08.139,1.30275,1.30283
2013.03.05 00:43:08.443,1.30276,1.30283
2013.03.05 00:43:08.511,1.30277,1.30283
2013.03.05 00:43:08.640,1.30278,1.30283
2013.03.05 00:43:08.700,1.30278,1.30285
2013.03.05 00:43:09.001,1.30281,1.30283
2013.03.05 00:43:09.129,1.3028,1.30286
2013.03.05 00:43:09.431,1.3028,1.30287
2013.03.05 00:43:09.499,1.30281,1.30287
2013.03.05 00:43:09.558,1.30282,1.30288
2013.03.05 00:43:09.618,1.30282,1.30289
2013.03.05 00:43:09.680,1.30282,1.3029
2013.03.05 00:43:10.038,1.30284,1.30289
2013.03.05 00:43:10.219,1.30284,1.30291
2013.03.05 00:43:11.150,1.30286,1.3029
2013.03.05 00:43:11.220,1.30289,1.30294
2013.03.05 00:43:11.278,1.30286,1.30293
2013.03.05 00:43:11.338,1.30285,1.30292
2013.03.05 00:43:11.879,1.30286,1.30292
2013.03.05 00:43:14.498,1.30287,1.30292
2013.03.05 00:43:14.800,1.30284,1.3029
2013.03.05 00:43:14.979,1.30282,1.30289
2013.03.05 00:43:15.538,1.30282,1.30289
2013.03.05 00:43:17.909,1.30282,1.30288
2013.03.05 00:43:33.940,1.3028,1.30287
2013.03.05 00:43:34.240,1.30279,1.30285
2013.03.05 00:43:34.599,1.30276,1.30281
2013.03.05 00:43:35.182,1.30275,1.3028
2013.03.05 00:43:39.048,1.30274,1.30282
2013.03.05 00:43:41.638,1.30273,1.30282
2013.03.05 00:43:45.768,1.30273,1.30279
2013.03.05 00:43:46.768,1.30273,1.3028
2013.03.05 00:43:47.398,1.30273,1.3028
2013.03.05 00:43:48.030,1.30273,1.30278
2013.03.05 00:43:48.588,1.3027,1.30278
2013.03.05 00:43:48.889,1.3027,1.30275
2013.03.05 00:43:49.249,1.30269,1.30275
2013.03.05 00:43:49.548,1.30267,1.30273
2013.03.05 00:43:49.670,1.30267,1.30275
2013.03.05 00:43:50.208,1.30269,1.30276
2013.03.05 00:43:51.174,1.30269,1.30277
2013.03.05 00:43:52.420,1.30269,1.30276
2013.03.05 00:43:53.009,1.3027,1.30277
2013.03.05 00:43:53.200,1.30271,1.30277
2013.03.05 00:43:53.380,1.30272,1.30278
2013.03.05 00:43:53.559,1.30274,1.3028
2013.03.05 00:43:53.969,1.30277,1.30281
2013.03.05 00:43:54.249,1.30277,1.30283
2013.03.05 00:43:54.489,1.30275,1.30283
2013.03.05 00:43:57.328,1.30273,1.30281
2013.03.05 00:43:57.581,1.30273,1.30281
2013.03.05 00:43:59.123,1.30273,1.30281
2013.03.05 00:43:59.971,1.30273,1.30281
2013.03.05 00:44:01.429,1.30272,1.3028
2013.03.05 00:44:01.488,1.3027,1.30278
2013.03.05 00:44:01.548,1.3027,1.30278
2013.03.05 00:44:01.728,1.3027,1.30278
2013.03.05 00:44:11.279,1.3027,1.30278
2013.03.05 00:44:14.228,1.30274,1.30278
2013.03.05 00:44:14.649,1.30274,1.30282
2013.03.05 00:44:14.711,1.30274,1.30282
2013.03.05 00:44:14.779,1.30274,1.30282
2013.03.05 00:44:16.110,1.30274,1.30282
2013.03.05 00:44:16.299,1.30274,1.3028
2013.03.05 00:44:16.419,1.3027,1.30279
2013.03.05 00:44:16.480,1.30269,1.30278
2013.03.05 00:44:16.659,1.30269,1.30276
2013.03.05 00:44:17.218,1.30269,1.30276
2013.03.05 00:44:18.168,1.3027,1.30277
2013.03.05 00:44:18.859,1.3027,1.30277
2013.03.05 00:44:19.828,1.3027,1.30277
2013.03.05 00:44:25.737,1.3027,1.30277
2013.03.05 00:44:26.278,1.3027,1.30277
2013.03.05 00:44:26.949,1.3027,1.30277
2013.03.05 00:44:37.651,1.3027,1.30277
2013.03.05 00:44:40.818,1.30271,1.30277
2013.03.05 00:44:46.328,1.3027,1.30277
2013.03.05 00:44:52.188,1.30271,1.30279
2013.03.05 00:44:59.541,1.30274,1.3028
2013.03.05 00:44:59.850,1.30276,1.30282
2013.03.05 00:44:59.971,1.30277,1.30284
2013.03.05 00:45:00.099,1.30278,1.30286
2013.03.05 00:45:00.338,1.30279,1.30286
2013.03.05 00:45:00.769,1.30279,1.30286
2013.03.05 00:45:01.868,1.30279,1.30287
2013.03.05 00:45:02.108,1.30279,1.30286
2013.03.05 00:45:11.070,1.30279,1.30286
2013.03.05 00:45:13.038,1.30279,1.30287
2013.03.05 00:45:16.189,1.30279,1.30287
2013.03.05 00:45:16.618,1.30279,1.30287
2013.03.05 00:45:18.678,1.30278,1.30286
2013.03.05 00:45:25.599,1.30281,1.30286
2013.03.05 00:45:25.851,1.30281,1.30287
2013.03.05 00:45:26.100,1.3028,1.3029
2013.03.05 00:45:26.160,1.30284,1.30293
2013.03.05 00:45:26.601,1.30286,1.30292
2013.03.05 00:45:26.909,1.30289,1.30296
2013.03.05 00:45:27.448,1.30289,1.30296
2013.03.05 00:45:27.629,1.30287,1.30293
2013.03.05 00:45:27.750,1.30285,1.30292
2013.03.05 00:45:27.930,1.30283,1.30291
2013.03.05 00:45:27.990,1.30282,1.3029
2013.03.05 00:45:28.049,1.30282,1.30289
2013.03.05 00:45:28.229,1.3028,1.30288
2013.03.05 00:45:28.411,1.3028,1.30288
2013.03.05 00:45:28.919,1.30279,1.30288
2013.03.05 00:45:29.448,1.30279,1.30287
2013.03.05 00:45:29.988,1.30279,1.30287
2013.03.05 00:45:31.258,1.30278,1.30285
2013.03.05 00:45:31.619,1.30275,1.30283
2013.03.05 00:45:31.919,1.30275,1.30284
2013.03.05 00:45:32.220,1.30272,1.30282
2013.03.05 00:45:32.452,1.30273,1.3028
2013.03.05 00:45:32.960,1.30274,1.3028
2013.03.05 00:45:33.261,1.30272,1.30279
2013.03.05 00:45:33.689,1.30271,1.30279
2013.03.05 00:45:33.990,1.30276,1.30279
2013.03.05 00:45:34.501,1.30277,1.30281
2013.03.05 00:45:35.409,1.30271,1.30281
2013.03.05 00:45:35.589,1.30271,1.30279
2013.03.05 00:45:42.208,1.3027,1.30278
2013.03.05 00:45:43.319,1.3027,1.30277
2013.03.05 00:45:49.142,1.30269,1.30276
2013.03.05 00:45:49.514,1.30267,1.30276
2013.03.05 00:45:50.113,1.30268,1.30273
2013.03.05 00:45:50.908,1.30268,1.30273
2013.03.05 00:45:55.089,1.30267,1.30274
2013.03.05 00:45:57.079,1.30267,1.30275
2013.03.05 00:45:57.138,1.30267,1.30276
2013.03.05 00:46:00.699,1.30268,1.30276
2013.03.05 00:46:01.238,1.30267,1.30274
2013.03.05 00:46:12.465,1.30267,1.30274
2013.03.05 00:46:12.648,1.30268,1.30274
2013.03.05 00:46:13.180,1.30268,1.30275
2013.03.05 00:46:14.349,1.30268,1.30274
2013.03.05 00:46:17.399,1.30267,1.30274
2013.03.05 00:46:17.461,1.30265,1.30272
2013.03.05 00:46:17.590,1.30263,1.30271
2013.03.05 00:46:18.129,1.30263,1.30269
2013.03.05 00:46:18.805,1.30263,1.30269
2013.03.05 00:46:19.351,1.30262,1.30266
2013.03.05 00:46:22.530,1.30261,1.30268
2013.03.05 00:46:22.831,1.30265,1.30269
2013.03.05 00:46:23.019,1.30265,1.30273
2013.03.05 00:46:23.081,1.30266,1.30273
2013.03.05 00:46:23.259,1.30267,1.30275
2013.03.05 00:46:23.319,1.30267,1.30274
2013.03.05 00:46:23.849,1.30269,1.30274
2013.03.05 00:46:25.239,1.30269,1.30274
2013.03.05 00:46:26.048,1.30269,1.30276
2013.03.05 00:46:31.299,1.30268,1.30275
2013.03.05 00:46:32.889,1.30266,1.30274
2013.03.05 00:46:33.189,1.30266,1.30274
2013.03.05 00:46:33.249,1.30267,1.30275
2013.03.05 00:46:33.369,1.30267,1.30274
2013.03.05 00:46:33.551,1.30267,1.30274
2013.03.05 00:46:35.049,1.30265,1.30273
2013.03.05 00:46:35.556,1.30265,1.30274
2013.03.05 00:46:37.618,1.30265,1.30273
2013.03.05 00:46:41.789,1.30267,1.30273
2013.03.05 00:46:42.098,1.30267,1.30274
2013.03.05 00:46:42.667,1.30267,1.30274
2013.03.05 00:46:44.999,1.30265,1.30271
2013.03.05 00:46:45.300,1.30262,1.3027
2013.03.05 00:46:45.420,1.30261,1.3027
2013.03.05 00:46:45.969,1.30262,1.3027
2013.03.05 00:46:51.308,1.30261,1.30269
2013.03.05 00:46:51.858,1.30262,1.30269
2013.03.05 00:46:58.429,1.3026,1.30267
2013.03.05 00:47:06.078,1.30259,1.30266
2013.03.05 00:47:06.380,1.30258,1.30265
2013.03.05 00:47:06.934,1.30257,1.30265
2013.03.05 00:47:07.470,1.30259,1.30265
2013.03.05 00:47:08.939,1.3026,1.30267
2013.03.05 00:47:10.971,1.3026,1.30264
2013.03.05 00:47:11.100,1.30257,1.30263
2013.03.05 00:47:11.161,1.30259,1.30263
2013.03.05 00:47:11.409,1.30259,1.30267
2013.03.05 00:47:13.824,1.30259,1.30267
2013.03.05 00:47:14.379,1.30262,1.30268
2013.03.05 00:47:14.810,1.30262,1.30268
2013.03.05 00:47:15.289,1.3026,1.30268
2013.03.05 00:47:15.498,1.3026,1.30267
2013.03.05 00:47:17.651,1.30262,1.30268
2013.03.05 00:47:18.093,1.30263,1.30269
2013.03.05 00:47:18.175,1.30263,1.3027
2013.03.05 00:47:18.540,1.30265,1.3027
2013.03.05 00:47:20.272,1.30264,1.30272
2013.03.05 00:47:22.530,1.30266,1.30272
2013.03.05 00:47:23.560,1.30268,1.30272
2013.03.05 00:47:23.690,1.30267,1.30275
2013.03.05 00:47:23.821,1.30268,1.30276
2013.03.05 00:47:23.949,1.30269,1.30277
2013.03.05 00:47:24.131,1.3027,1.30278
2013.03.05 00:47:24.502,1.30272,1.30278
2013.03.05 00:47:25.079,1.30272,1.3028
2013.03.05 00:47:27.621,1.30273,1.3028
2013.03.05 00:47:30.999,1.30274,1.3028
2013.03.05 00:47:33.472,1.30274,1.30281
2013.03.05 00:47:39.329,1.30274,1.30282
2013.03.05 00:47:41.720,1.30278,1.30285
2013.03.05 00:47:41.789,1.30279,1.30285
2013.03.05 00:47:42.339,1.30277,1.30285
2013.03.05 00:47:43.608,1.30277,1.30284
2013.03.05 00:47:43.929,1.30276,1.30282
2013.03.05 00:47:44.230,1.30274,1.30282
2013.03.05 00:47:44.538,1.30271,1.30279
2013.03.05 00:47:48.288,1.30271,1.30279
2013.03.05 00:47:51.508,1.30271,1.30279
2013.03.05 00:47:52.439,1.30271,1.30279
2013.03.05 00:47:53.172,1.30271,1.3028
2013.03.05 00:47:57.579,1.30273,1.30281
2013.03.05 00:47:59.010,1.30273,1.30281
2013.03.05 00:47:59.250,1.30276,1.30282
2013.03.05 00:47:59.369,1.30277,1.30284
2013.03.05 00:47:59.549,1.30277,1.30285
2013.03.05 00:48:05.829,1.30277,1.30286
2013.03.05 00:48:12.179,1.30277,1.30284
2013.03.05 00:48:16.778,1.30278,1.30286
2013.03.05 00:48:18.459,1.30278,1.30286
2013.03.05 00:48:32.871,1.30278,1.30286
2013.03.05 00:48:41.189,1.30279,1.30286
2013.03.05 00:48:44.268,1.30279,1.30287
2013.03.05 00:48:47.239,1.3028,1.30287
2013.03.05 00:48:47.659,1.30282,1.30287
2013.03.05 00:48:47.779,1.30283,1.30289
2013.03.05 00:48:48.710,1.30283,1.3029
2013.03.05 00:48:48.769,1.30283,1.3029
2013.03.05 00:48:48.892,1.30285,1.3029
2013.03.05 00:48:49.021,1.30285,1.30292
2013.03.05 00:48:49.081,1.30288,1.30292
2013.03.05 00:48:49.210,1.30289,1.30294
2013.03.05 00:48:49.330,1.30289,1.30295
2013.03.05 00:48:49.869,1.30289,1.30292
2013.03.05 00:48:49.989,1.30289,1.30294
2013.03.05 00:48:52.189,1.30287,1.30292
2013.03.05 00:48:52.250,1.30288,1.30294
2013.03.05 00:48:52.370,1.30286,1.30292
2013.03.05 00:48:52.549,1.30288,1.30294
2013.03.05 00:48:52.899,1.30288,1.30292
2013.03.05 00:48:52.971,1.30286,1.30293
2013.03.05 00:48:53.091,1.30286,1.30294
2013.03.05 00:48:54.991,1.30287,1.30293
2013.03.05 00:48:55.180,1.30287,1.30294
2013.03.05 00:48:55.698,1.30287,1.30294
2013.03.05 00:48:59.691,1.30287,1.30293
2013.03.05 00:49:00.000,1.30286,1.30293
2013.03.05 00:49:00.359,1.30285,1.30292
2013.03.05 00:49:00.418,1.30284,1.30291
2013.03.05 00:49:01.329,1.30283,1.30291
2013.03.05 00:49:01.879,1.30282,1.3029
2013.03.05 00:49:02.000,1.30278,1.30287
2013.03.05 00:49:02.060,1.30278,1.30287
2013.03.05 00:49:02.361,1.30278,1.30286
2013.03.05 00:49:03.228,1.30278,1.30285
2013.03.05 00:49:03.572,1.30277,1.30285
2013.03.05 00:49:03.938,1.30276,1.30284
2013.03.05 00:49:04.479,1.30275,1.30283
2013.03.05 00:49:08.979,1.30274,1.30282
2013.03.05 00:49:10.680,1.30273,1.30281
2013.03.05 00:49:22.228,1.30272,1.3028
2013.03.05 00:49:26.609,1.30269,1.30277
2013.03.05 00:49:30.057,1.30271,1.30278
2013.03.05 00:49:34.601,1.30271,1.30279
2013.03.05 00:49:35.131,1.30271,1.30279
2013.03.05 00:49:35.489,1.3027,1.30278
2013.03.05 00:49:41.639,1.30271,1.30278
2013.03.05 00:49:41.998,1.3027,1.30278
2013.03.05 00:50:00.999,1.30271,1.30277
2013.03.05 00:50:18.159,1.3027,1.30278
2013.03.05 00:50:32.760,1.30271,1.30278
2013.03.05 00:50:36.569,1.30271,1.30278
2013.03.05 00:50:45.349,1.3027,1.30278
2013.03.05 00:50:45.769,1.3027,1.30276
2013.03.05 00:51:04.403,1.3027,1.30276
2013.03.05 00:51:05.178,1.30269,1.30277
2013.03.05 00:51:09.759,1.30269,1.30276
2013.03.05 00:51:13.760,1.30269,1.30276
2013.03.05 00:51:39.037,1.30269,1.30277
2013.03.05 00:51:45.598,1.30269,1.30277
2013.03.05 00:51:47.443,1.30268,1.30277
2013.03.05 00:51:49.970,1.30269,1.30276
2013.03.05 00:51:50.629,1.30268,1.30277
2013.03.05 00:51:51.119,1.3027,1.30278
2013.03.05 00:51:51.300,1.3027,1.30278
2013.03.05 00:51:52.700,1.30269,1.30277
2013.03.05 00:51:52.880,1.30267,1.30274
2013.03.05 00:51:53.600,1.30268,1.30274
2013.03.05 00:51:56.191,1.30268,1.30274
2013.03.05 00:51:58.839,1.3027,1.30277
2013.03.05 00:52:00.150,1.3027,1.30278
2013.03.05 00:52:00.329,1.3027,1.30278
2013.03.05 00:52:14.265,1.30271,1.30279
2013.03.05 00:52:14.403,1.30274,1.3028
2013.03.05 00:52:14.651,1.30275,1.30282
2013.03.05 00:52:15.629,1.30274,1.30283
2013.03.05 00:52:18.191,1.30276,1.30282
2013.03.05 00:52:18.309,1.30277,1.30285
2013.03.05 00:52:18.371,1.30279,1.30284
2013.03.05 00:52:18.490,1.30278,1.30286
2013.03.05 00:52:18.739,1.30279,1.30286
2013.03.05 00:52:24.349,1.30279,1.30286
2013.03.05 00:52:24.409,1.30279,1.30284
2013.03.05 00:52:24.529,1.30276,1.30285
2013.03.05 00:52:25.060,1.30276,1.30284
2013.03.05 00:52:25.300,1.30278,1.30284
2013.03.05 00:52:25.419,1.30278,1.30286
2013.03.05 00:52:26.591,1.30276,1.30283
2013.03.05 00:52:26.649,1.30274,1.30281
2013.03.05 00:52:26.829,1.30271,1.3028
2013.03.05 00:52:26.949,1.30271,1.3028
2013.03.05 00:52:27.533,1.30271,1.3028
2013.03.05 00:52:30.041,1.30272,1.3028
2013.03.05 00:52:30.709,1.30274,1.3028
2013.03.05 00:52:30.950,1.30278,1.30283
2013.03.05 00:52:31.011,1.30279,1.30286
2013.03.05 00:52:31.070,1.30279,1.30288
2013.03.05 00:52:31.369,1.3028,1.30288
2013.03.05 00:52:33.009,1.3028,1.30288
2013.03.05 00:52:33.070,1.3028,1.30288
2013.03.05 00:52:41.899,1.30281,1.30288
2013.03.05 00:52:42.251,1.30281,1.30288
2013.03.05 00:52:48.809,1.30284,1.30288
2013.03.05 00:52:49.351,1.30285,1.30291
2013.03.05 00:52:49.771,1.30282,1.30289
2013.03.05 00:52:54.420,1.30282,1.30289
2013.03.05 00:52:54.781,1.30286,1.30289
2013.03.05 00:52:54.900,1.30286,1.30291
2013.03.05 00:52:54.962,1.30285,1.30291
2013.03.05 00:52:55.631,1.30286,1.30293
2013.03.05 00:52:55.750,1.30288,1.30295
2013.03.05 00:52:56.409,1.3029,1.30294
2013.03.05 00:52:58.030,1.3029,1.30294
2013.03.05 00:53:02.680,1.30288,1.30294
2013.03.05 00:53:02.741,1.3029,1.30295
2013.03.05 00:53:03.361,1.30293,1.30297
2013.03.05 00:53:03.441,1.30293,1.30299
2013.03.05 00:53:04.249,1.30293,1.30299
2013.03.05 00:53:06.109,1.30293,1.30299
2013.03.05 00:53:16.109,1.30293,1.30298
2013.03.05 00:53:16.685,1.30292,1.30297
2013.03.05 00:53:20.490,1.30292,1.30296
2013.03.05 00:53:20.611,1.30287,1.30295
2013.03.05 00:53:20.680,1.30287,1.30294
2013.03.05 00:53:20.801,1.30285,1.30292
2013.03.05 00:53:20.860,1.30284,1.30292
2013.03.05 00:53:21.219,1.30281,1.30288
2013.03.05 00:53:21.340,1.3028,1.30288
2013.03.05 00:53:21.401,1.30281,1.30288
2013.03.05 00:53:23.081,1.30281,1.30288
2013.03.05 00:53:23.680,1.30283,1.30288
2013.03.05 00:53:28.520,1.30279,1.30287
2013.03.05 00:53:28.670,1.30279,1.30287
2013.03.05 00:53:30.859,1.30279,1.30287
2013.03.05 00:53:33.170,1.30279,1.30287
2013.03.05 00:53:34.139,1.30279,1.30288
2013.03.05 00:53:35.228,1.30281,1.30288
2013.03.05 00:53:42.019,1.30281,1.30288
2013.03.05 00:53:48.775,1.30284,1.30291
2013.03.05 00:53:54.229,1.30284,1.30289
2013.03.05 00:54:00.230,1.30283,1.30285
2013.03.05 00:54:00.411,1.30279,1.30285
2013.03.05 00:54:00.591,1.30277,1.30285
2013.03.05 00:54:00.710,1.30277,1.30284
2013.03.05 00:54:01.011,1.30279,1.30284
2013.03.05 00:54:01.430,1.3028,1.30287
2013.03.05 00:54:02.442,1.3028,1.30287
2013.03.05 00:54:11.439,1.3028,1.30287
2013.03.05 00:54:18.218,1.3028,1.30287
2013.03.05 00:54:30.774,1.30278,1.30287
2013.03.05 00:54:35.000,1.30278,1.30286
2013.03.05 00:54:35.539,1.30278,1.30286
2013.03.05 00:54:41.469,1.30278,1.30286
2013.03.05 00:54:41.770,1.30278,1.30285
2013.03.05 00:54:41.892,1.30276,1.30284
2013.03.05 00:54:42.070,1.30275,1.30282
2013.03.05 00:54:42.625,1.30276,1.30283
2013.03.05 00:54:43.231,1.30276,1.30283
2013.03.05 00:54:45.591,1.30274,1.30283
2013.03.05 00:54:46.159,1.30276,1.30283
2013.03.05 00:54:46.886,1.30276,1.30283
2013.03.05 00:54:46.953,1.30275,1.30281
2013.03.05 00:54:47.620,1.30275,1.30281
2013.03.05 00:54:48.219,1.30275,1.30281
2013.03.05 00:54:50.200,1.30274,1.3028
2013.03.05 00:54:52.223,1.30273,1.30279
2013.03.05 00:54:55.147,1.30274,1.30279
2013.03.05 00:54:56.982,1.30276,1.30281
2013.03.05 00:54:57.111,1.30276,1.30283
2013.03.05 00:54:57.290,1.30277,1.30283
2013.03.05 00:54:57.410,1.30277,1.30285
2013.03.05 00:54:57.472,1.30279,1.30285
2013.03.05 00:54:57.685,1.30279,1.30286
2013.03.05 00:54:57.821,1.3028,1.30286
2013.03.05 00:54:58.190,1.3028,1.30288
2013.03.05 00:54:58.729,1.30281,1.30288
2013.03.05 00:55:00.231,1.30282,1.30289
2013.03.05 00:55:00.967,1.30283,1.3029
2013.03.05 00:55:01.160,1.30284,1.3029
2013.03.05 00:55:01.401,1.30285,1.30291
2013.03.05 00:55:01.642,1.30285,1.30292
2013.03.05 00:55:01.701,1.30289,1.30294
2013.03.05 00:55:02.000,1.30286,1.30293
2013.03.05 00:55:02.060,1.30286,1.30292
2013.03.05 00:55:02.180,1.30283,1.30291
2013.03.05 00:55:02.362,1.30284,1.3029
2013.03.05 00:55:02.930,1.30285,1.30292
2013.03.05 00:55:03.230,1.30288,1.30295
2013.03.05 00:55:03.590,1.30288,1.30295
2013.03.05 00:55:04.142,1.30288,1.30295
2013.03.05 00:55:05.390,1.30286,1.30295
2013.03.05 00:55:05.450,1.30288,1.30295
2013.03.05 00:55:05.630,1.30287,1.30294
2013.03.05 00:55:05.751,1.30286,1.30293
2013.03.05 00:55:05.821,1.30288,1.30293
2013.03.05 00:55:05.951,1.30288,1.30293
2013.03.05 00:55:06.259,1.30288,1.30294
2013.03.05 00:55:07.043,1.30286,1.30294
2013.03.05 00:55:07.170,1.30286,1.30293
2013.03.05 00:55:07.230,1.30287,1.30293
2013.03.05 00:55:07.770,1.30289,1.30293
2013.03.05 00:55:08.312,1.3029,1.30296
2013.03.05 00:55:09.132,1.3029,1.30296
2013.03.05 00:55:09.439,1.30288,1.30295
2013.03.05 00:55:09.741,1.3029,1.30296
2013.03.05 00:55:11.610,1.3029,1.30295
2013.03.05 00:55:11.970,1.3029,1.30295
2013.03.05 00:55:12.052,1.30291,1.30295
2013.03.05 00:55:12.120,1.30291,1.30295
2013.03.05 00:55:12.621,1.30291,1.30296
2013.03.05 00:55:12.803,1.30291,1.30297
2013.03.05 00:55:13.060,1.30291,1.30299
2013.03.05 00:55:13.419,1.30291,1.30299
2013.03.05 00:55:13.540,1.30291,1.30299
2013.03.05 00:55:14.221,1.30291,1.30299
2013.03.05 00:55:14.421,1.30292,1.30299
2013.03.05 00:55:14.540,1.30295,1.30301
2013.03.05 00:55:14.659,1.30295,1.30304
2013.03.05 00:55:14.782,1.30297,1.30305
2013.03.05 00:55:14.975,1.303,1.30307
2013.03.05 00:55:15.101,1.303,1.30308
2013.03.05 00:55:15.461,1.303,1.30309
2013.03.05 00:55:15.641,1.303,1.30305
2013.03.05 00:55:16.181,1.303,1.30306
2013.03.05 00:55:16.243,1.303,1.30308
2013.03.05 00:55:16.311,1.303,1.30309
2013.03.05 00:55:16.382,1.303,1.30309
2013.03.05 00:55:16.689,1.30298,1.30308
2013.03.05 00:55:18.902,1.303,1.30309
2013.03.05 00:55:19.038,1.303,1.30308
2013.03.05 00:55:19.103,1.303,1.30308
2013.03.05 00:55:19.230,1.303,1.30307
2013.03.05 00:55:19.350,1.303,1.30308
2013.03.05 00:55:20.669,1.30299,1.30308
2013.03.05 00:55:20.793,1.30299,1.30308
2013.03.05 00:55:20.862,1.30298,1.30305
2013.03.05 00:55:20.989,1.30298,1.30305
2013.03.05 00:55:21.052,1.30302,1.30308
2013.03.05 00:55:21.360,1.30303,1.3031
2013.03.05 00:55:21.862,1.30303,1.3031
2013.03.05 00:55:21.989,1.30303,1.3031
2013.03.05 00:55:23.761,1.30303,1.3031
2013.03.05 00:55:23.940,1.30303,1.3031
2013.03.05 00:55:24.121,1.30303,1.3031
2013.03.05 00:55:24.470,1.30301,1.30308
2013.03.05 00:55:24.615,1.30298,1.30307
2013.03.05 00:55:24.921,1.30299,1.30306
2013.03.05 00:55:25.220,1.303,1.30306
2013.03.05 00:55:25.579,1.30299,1.30307
2013.03.05 00:55:26.179,1.30299,1.30307
2013.03.05 00:55:26.614,1.30299,1.30305
2013.03.05 00:55:26.741,1.30298,1.30305
2013.03.05 00:55:27.100,1.30299,1.30305
2013.03.05 00:55:27.539,1.30299,1.30308
2013.03.05 00:55:28.360,1.30299,1.30308
2013.03.05 00:55:28.421,1.30298,1.30306
2013.03.05 00:55:28.540,1.30297,1.30305
2013.03.05 00:55:29.081,1.30297,1.30304
2013.03.05 00:55:29.640,1.30297,1.30304
2013.03.05 00:55:30.222,1.30297,1.30304
2013.03.05 00:55:30.542,1.30294,1.30302
2013.03.05 00:55:30.671,1.30294,1.303
2013.03.05 00:55:30.732,1.30292,1.30299
2013.03.05 00:55:31.161,1.3029,1.30297
2013.03.05 00:55:32.970,1.30291,1.30298
2013.03.05 00:55:33.271,1.30289,1.30297
2013.03.05 00:55:33.711,1.30289,1.30295
2013.03.05 00:55:34.270,1.30288,1.30295
2013.03.05 00:55:34.573,1.30289,1.30295
2013.03.05 00:55:35.200,1.30288,1.30295
2013.03.05 00:55:35.821,1.30289,1.30297
2013.03.05 00:55:36.360,1.30289,1.30297
2013.03.05 00:55:37.870,1.30289,1.30297
2013.03.05 00:55:38.650,1.30289,1.30295
2013.03.05 00:55:39.151,1.30287,1.30294
2013.03.05 00:55:40.861,1.3029,1.30297
2013.03.05 00:55:40.982,1.30292,1.30299
2013.03.05 00:55:41.041,1.30292,1.30299
2013.03.05 00:55:41.342,1.30294,1.30299
2013.03.05 00:55:41.530,1.30294,1.30299
2013.03.05 00:55:41.652,1.30293,1.30302
2013.03.05 00:55:41.840,1.30294,1.30303
2013.03.05 00:55:41.900,1.30297,1.30306
2013.03.05 00:55:42.260,1.30297,1.30305
2013.03.05 00:55:42.380,1.30299,1.30305
2013.03.05 00:55:45.773,1.30298,1.30305
2013.03.05 00:55:46.330,1.30298,1.30305
2013.03.05 00:55:49.981,1.30297,1.30304
2013.03.05 00:55:50.110,1.30297,1.30303
2013.03.05 00:55:50.292,1.30293,1.30301
2013.03.05 00:55:50.659,1.30293,1.303
2013.03.05 00:55:53.241,1.30294,1.30301
2013.03.05 00:55:53.802,1.30294,1.30301
2013.03.05 00:55:56.430,1.30294,1.30301
2013.03.05 00:55:56.550,1.30295,1.30301
2013.03.05 00:55:56.731,1.30295,1.30302
2013.03.05 00:55:56.790,1.30295,1.30303
2013.03.05 00:55:57.212,1.30295,1.30303
2013.03.05 00:55:57.401,1.30292,1.30301
2013.03.05 00:55:57.461,1.30292,1.30296
2013.03.05 00:55:57.521,1.30289,1.30296
2013.03.05 00:55:57.642,1.30289,1.30296
2013.03.05 00:55:57.770,1.3029,1.30298
2013.03.05 00:55:58.190,1.30292,1.30299
2013.03.05 00:55:58.501,1.30292,1.30299
2013.03.05 00:56:00.356,1.30292,1.30298
2013.03.05 00:56:00.431,1.30292,1.30298
2013.03.05 00:56:00.562,1.30289,1.30297
2013.03.05 00:56:01.103,1.3029,1.30297
2013.03.05 00:56:03.123,1.30291,1.30297
2013.03.05 00:56:04.970,1.30291,1.30297
2013.03.05 00:56:06.244,1.30291,1.30297
2013.03.05 00:56:06.372,1.30295,1.30297
2013.03.05 00:56:06.621,1.30293,1.30301
2013.03.05 00:56:06.800,1.30294,1.30302
2013.03.05 00:56:06.862,1.30297,1.30305
2013.03.05 00:56:06.920,1.30298,1.30306
2013.03.05 00:56:07.546,1.30298,1.30306
2013.03.05 00:56:07.672,1.30298,1.30305
2013.03.05 00:56:07.790,1.30299,1.30306
2013.03.05 00:56:07.851,1.30299,1.30306
2013.03.05 00:56:07.910,1.30299,1.30306
2013.03.05 00:56:09.329,1.30298,1.30306
2013.03.05 00:56:09.391,1.30298,1.30305
2013.03.05 00:56:09.510,1.30297,1.30304
2013.03.05 00:56:09.750,1.30296,1.30303
2013.03.05 00:56:10.051,1.30292,1.303
2013.03.05 00:56:10.409,1.30296,1.30303
2013.03.05 00:56:13.041,1.30296,1.30303
2013.03.05 00:56:13.838,1.30297,1.30305
2013.03.05 00:56:13.912,1.30297,1.30306
2013.03.05 00:56:14.942,1.30296,1.30304
2013.03.05 00:56:15.011,1.30295,1.30304
2013.03.05 00:56:15.431,1.30296,1.30301
2013.03.05 00:56:15.860,1.30292,1.303
2013.03.05 00:56:22.588,1.30292,1.303
2013.03.05 00:56:22.952,1.30289,1.30298
2013.03.05 00:56:23.020,1.30289,1.30298
2013.03.05 00:56:23.980,1.30289,1.30298
2013.03.05 00:56:24.511,1.30292,1.30299
2013.03.05 00:56:33.070,1.3029,1.30298
2013.03.05 00:56:33.570,1.3029,1.30298
2013.03.05 00:56:35.550,1.30292,1.30299
2013.03.05 00:56:55.100,1.30292,1.303
2013.03.05 00:56:55.735,1.30292,1.30299
2013.03.05 00:57:03.690,1.30289,1.30298
2013.03.05 00:57:05.547,1.30289,1.30296
2013.03.05 00:57:07.381,1.30287,1.30296
2013.03.05 00:57:10.729,1.30288,1.30295
2013.03.05 00:57:17.429,1.30286,1.30295
2013.03.05 00:57:17.909,1.30286,1.30292
2013.03.05 00:57:18.270,1.30285,1.30292
2013.03.05 00:57:18.510,1.30284,1.30292
2013.03.05 00:57:19.049,1.30284,1.3029
2013.03.05 00:57:19.887,1.30285,1.30292
2013.03.05 00:57:19.955,1.30286,1.30293
2013.03.05 00:57:20.320,1.30287,1.30296
2013.03.05 00:57:20.620,1.30288,1.30295
2013.03.05 00:57:24.289,1.30287,1.30295
2013.03.05 00:57:24.470,1.30287,1.30294
2013.03.05 00:57:24.999,1.30287,1.30294
2013.03.05 00:57:29.430,1.30286,1.30294
2013.03.05 00:57:29.790,1.30285,1.30293
2013.03.05 00:57:32.730,1.30287,1.30291
2013.03.05 00:57:32.973,1.30287,1.30296
2013.03.05 00:57:33.519,1.30291,1.30298
2013.03.05 00:57:34.061,1.30291,1.30298
2013.03.05 00:57:34.609,1.30292,1.30298
2013.03.05 00:57:35.179,1.30292,1.30299
2013.03.05 00:57:35.791,1.30294,1.30302
2013.03.05 00:57:40.210,1.30295,1.30302
2013.03.05 00:57:41.371,1.30294,1.30302
2013.03.05 00:57:45.139,1.30294,1.30302
2013.03.05 00:57:45.320,1.30293,1.303
2013.03.05 00:57:45.620,1.30291,1.30298
2013.03.05 00:57:46.486,1.30293,1.30298
2013.03.05 00:57:47.806,1.30291,1.30298
2013.03.05 00:57:50.510,1.30293,1.303
2013.03.05 00:57:50.997,1.30297,1.30303
2013.03.05 00:57:51.062,1.30297,1.30304
2013.03.05 00:57:51.419,1.30297,1.30305
2013.03.05 00:57:53.170,1.30296,1.30303
2013.03.05 00:57:53.409,1.30297,1.30303
2013.03.05 00:57:53.949,1.30297,1.30304
2013.03.05 00:57:54.626,1.30297,1.30303
2013.03.05 00:57:56.249,1.30298,1.30305
2013.03.05 00:57:56.372,1.30298,1.30306
2013.03.05 00:57:56.430,1.30298,1.30306
2013.03.05 00:57:57.550,1.30298,1.30306
2013.03.05 00:57:57.670,1.30296,1.30304
2013.03.05 00:57:58.204,1.30296,1.30304
2013.03.05 00:58:00.584,1.30299,1.30304
2013.03.05 00:58:00.772,1.303,1.30307
2013.03.05 00:58:00.840,1.303,1.30307
2013.03.05 00:58:00.960,1.303,1.30307
2013.03.05 00:58:01.415,1.303,1.30305
2013.03.05 00:58:02.012,1.30299,1.30304
2013.03.05 00:58:02.743,1.30298,1.30304
2013.03.05 00:58:04.669,1.30298,1.30304
2013.03.05 00:58:10.616,1.30298,1.30306
2013.03.05 00:58:10.680,1.30298,1.30306
2013.03.05 00:58:11.313,1.30298,1.30306
2013.03.05 00:58:11.759,1.30297,1.30305
2013.03.05 00:58:11.950,1.30297,1.30304
2013.03.05 00:58:12.950,1.30299,1.30304
2013.03.05 00:58:14.290,1.30298,1.30304
2013.03.05 00:58:18.429,1.30298,1.30303
2013.03.05 00:58:19.439,1.30297,1.30305
2013.03.05 00:58:19.500,1.30297,1.30305
2013.03.05 00:58:20.049,1.30297,1.30306
2013.03.05 00:58:20.556,1.30297,1.30306
2013.03.05 00:58:21.230,1.30297,1.30305
2013.03.05 00:58:22.200,1.30297,1.30305
2013.03.05 00:58:22.319,1.30297,1.30306
2013.03.05 00:58:22.620,1.30297,1.30305
2013.03.05 00:58:22.679,1.30298,1.30305
2013.03.05 00:58:27.280,1.30298,1.30304
2013.03.05 00:58:28.951,1.30297,1.30303
2013.03.05 00:58:29.010,1.30297,1.30302
2013.03.05 00:58:29.440,1.30297,1.30298
2013.03.05 00:58:29.800,1.30297,1.30299
2013.03.05 00:58:31.070,1.30297,1.30299
2013.03.05 00:58:31.611,1.30297,1.30299
2013.03.05 00:58:39.210,1.30297,1.30301
2013.03.05 00:58:41.248,1.30297,1.30299
2013.03.05 00:58:41.782,1.30297,1.30299
2013.03.05 00:58:42.630,1.30297,1.303
2013.03.05 00:58:50.840,1.30297,1.303
2013.03.05 00:58:51.459,1.30297,1.30299
2013.03.05 00:58:52.990,1.30297,1.30299
2013.03.05 00:58:53.111,1.30297,1.30302
2013.03.05 00:58:53.170,1.30297,1.30303
2013.03.05 00:58:53.290,1.30297,1.30299
2013.03.05 00:58:59.530,1.30297,1.303
2013.03.05 00:59:00.071,1.30298,1.30306
2013.03.05 00:59:00.192,1.30298,1.30306
2013.03.05 00:59:00.631,1.30298,1.30306
2013.03.05 00:59:00.990,1.30298,1.30306
2013.03.05 00:59:01.231,1.30298,1.30306
2013.03.05 00:59:01.350,1.30298,1.30306
2013.03.05 00:59:02.120,1.303,1.30306
2013.03.05 00:59:03.570,1.30302,1.30308
2013.03.05 00:59:05.550,1.30303,1.30308
2013.03.05 00:59:05.909,1.30302,1.30308
2013.03.05 00:59:06.389,1.30303,1.30309
2013.03.05 00:59:10.979,1.30303,1.30308
2013.03.05 00:59:11.481,1.303,1.30306
2013.03.05 00:59:11.842,1.303,1.30306
2013.03.05 00:59:13.285,1.303,1.30307
2013.03.05 00:59:13.820,1.303,1.30305
2013.03.05 00:59:22.099,1.303,1.30305
2013.03.05 00:59:25.261,1.303,1.30305
2013.03.05 00:59:32.179,1.303,1.30304
2013.03.05 00:59:43.439,1.303,1.30306
2013.03.05 01:00:01.173,1.30297,1.30303
2013.03.05 01:00:01.240,1.30297,1.30307
2013.03.05 01:00:01.299,1.30297,1.30307
2013.03.05 01:00:01.359,1.30297,1.30307
2013.03.05 01:00:01.600,1.30297,1.30303
2013.03.05 01:00:01.781,1.30297,1.30301
2013.03.05 01:00:02.441,1.30297,1.30299
2013.03.05 01:00:03.051,1.30297,1.30299
2013.03.05 01:00:03.350,1.30293,1.30302
2013.03.05 01:00:03.789,1.30294,1.30299
2013.03.05 01:00:04.269,1.30293,1.30298
2013.03.05 01:00:04.619,1.30293,1.30297
2013.03.05 01:00:04.690,1.30292,1.30297
2013.03.05 01:00:05.246,1.30291,1.30296
2013.03.05 01:00:05.370,1.3029,1.30295
2013.03.05 01:00:05.909,1.3029,1.30293
2013.03.05 01:00:06.429,1.30289,1.30292
2013.03.05 01:00:07.059,1.30288,1.30291
2013.03.05 01:00:07.934,1.30285,1.30288
2013.03.05 01:00:08.481,1.30285,1.30288
2013.03.05 01:00:10.435,1.30285,1.30289
2013.03.05 01:00:14.778,1.30283,1.30289
2013.03.05 01:00:16.739,1.30283,1.30288
2013.03.05 01:00:17.280,1.30283,1.30288
2013.03.05 01:00:18.539,1.30282,1.30288
2013.03.05 01:00:19.070,1.30283,1.30288
2013.03.05 01:00:19.580,1.30283,1.30289
2013.03.05 01:00:22.008,1.30283,1.30288
2013.03.05 01:00:22.593,1.30283,1.30288
2013.03.05 01:00:23.869,1.30283,1.30291
2013.03.05 01:00:24.050,1.30283,1.30291
2013.03.05 01:00:24.530,1.30283,1.30291
2013.03.05 01:00:24.653,1.30285,1.30292
2013.03.05 01:00:26.178,1.30284,1.30292
2013.03.05 01:00:26.360,1.30283,1.30289
2013.03.05 01:00:28.299,1.30283,1.3029
2013.03.05 01:00:28.884,1.30284,1.30291
2013.03.05 01:00:35.339,1.30284,1.3029
2013.03.05 01:00:37.352,1.30284,1.3029
2013.03.05 01:00:41.009,1.30282,1.30289
2013.03.05 01:00:41.070,1.30282,1.30289
2013.03.05 01:00:41.689,1.30281,1.30289
2013.03.05 01:00:42.942,1.3028,1.30285
2013.03.05 01:00:43.010,1.3028,1.30285
2013.03.05 01:00:43.309,1.30277,1.30285
2013.03.05 01:00:43.549,1.30277,1.30285
2013.03.05 01:00:44.450,1.30278,1.30285
2013.03.05 01:00:44.510,1.3028,1.30285
2013.03.05 01:00:44.811,1.3028,1.30287
2013.03.05 01:00:45.170,1.3028,1.30288
2013.03.05 01:00:45.471,1.30281,1.30288
2013.03.05 01:00:46.011,1.30284,1.30292
2013.03.05 01:00:46.371,1.30283,1.30291
2013.03.05 01:00:46.610,1.30283,1.30286
2013.03.05 01:00:46.670,1.30281,1.30286
2013.03.05 01:00:50.354,1.30281,1.30286
2013.03.05 01:00:50.915,1.30281,1.30286
2013.03.05 01:00:51.003,1.30281,1.30287
2013.03.05 01:00:51.371,1.30281,1.30288
2013.03.05 01:00:54.621,1.30282,1.30288
2013.03.05 01:00:54.740,1.30281,1.3029
2013.03.05 01:00:54.862,1.30283,1.3029
2013.03.05 01:00:54.981,1.30285,1.3029
2013.03.05 01:00:55.521,1.30285,1.30291
2013.03.05 01:00:55.701,1.30285,1.30292
2013.03.05 01:00:56.241,1.30286,1.30293
2013.03.05 01:00:56.842,1.30288,1.30293
2013.03.05 01:00:57.391,1.30288,1.30295
2013.03.05 01:00:57.453,1.30287,1.30294
2013.03.05 01:00:57.581,1.30287,1.30294
2013.03.05 01:00:57.941,1.30287,1.30294
