Time,Bid,Ask
2013.03.18 00:00:00.269,1.28907,1.28914
2013.03.18 00:00:00.807,1.28907,1.28915
2013.03.18 00:00:01.117,1.28904,1.28914
2013.03.18 00:00:01.657,1.28904,1.28914
2013.03.18 00:00:01.839,1.28907,1.28914
2013.03.18 00:00:02.378,1.28908,1.28914
2013.03.18 00:00:02.918,1.28906,1.28914
2013.03.18 00:00:03.277,1.28904,1.28913
2013.03.18 00:00:03.578,1.28904,1.28911
2013.03.18 00:00:04.318,1.28902,1.28911
2013.03.18 00:00:04.437,1.28902,1.28913
2013.03.18 00:00:07.697,1.28903,1.28914
2013.03.18 00:00:08.058,1.28902,1.28913
2013.03.18 00:00:10.828,1.28903,1.28914
2013.03.18 00:00:11.588,1.28905,1.28914
2013.03.18 00:00:12.358,1.28905,1.28914
2013.03.18 00:00:12.717,1.28903,1.28913
2013.03.18 00:00:14.488,1.28902,1.28913
2013.03.18 00:00:15.888,1.28904,1.28914
2013.03.18 00:00:16.337,1.28906,1.28914
2013.03.18 00:00:16.967,1.28908,1.28915
2013.03.18 00:00:18.127,1.28908,1.28915
2013.03.18 00:00:18.308,1.28906,1.28911
2013.03.18 00:00:20.788,1.28906,1.28911
2013.03.18 00:00:21.459,1.28906,1.28912
2013.03.18 00:00:22.048,1.28906,1.28914
2013.03.18 00:00:23.577,1.28906,1.28914
2013.03.18 00:00:23.989,1.28906,1.28913
2013.03.18 00:00:24.059,1.28901,1.28908
2013.03.18 00:00:24.361,1.289,1.28906
2013.03.18 00:00:24.420,1.28898,1.28906
2013.03.18 00:00:24.966,1.28898,1.28908
2013.03.18 00:00:25.167,1.28898,1.28906
2013.03.18 00:00:26.847,1.28897,1.28906
2013.03.18 00:00:26.907,1.28896,1.28904
2013.03.18 00:00:28.057,1.28896,1.28905
2013.03.18 00:00:28.639,1.28896,1.28904
2013.03.18 00:00:29.157,1.28896,1.28904
2013.03.18 00:00:32.668,1.28894,1.28903
2013.03.18 00:00:32.799,1.28894,1.28899
2013.03.18 00:00:33.343,1.28895,1.28901
2013.03.18 00:00:33.988,1.28895,1.28901
2013.03.18 00:00:35.308,1.28895,1.28901
2013.03.18 00:00:36.028,1.28897,1.28901
2013.03.18 00:00:36.978,1.28896,1.28901
2013.03.18 00:00:37.823,1.28897,1.28901
2013.03.18 00:00:38.089,1.28895,1.28899
2013.03.18 00:00:38.508,1.28893,1.28899
2013.03.18 00:00:38.569,1.28893,1.28903
2013.03.18 00:00:38.688,1.28896,1.28903
2013.03.18 00:00:38.808,1.28896,1.28903
2013.03.18 00:00:39.048,1.28893,1.28902
2013.03.18 00:00:39.109,1.28893,1.28901
2013.03.18 00:00:39.669,1.28897,1.28901
2013.03.18 00:00:40.538,1.28897,1.28901
2013.03.18 00:00:40.838,1.28894,1.28902
2013.03.18 00:00:40.960,1.28892,1.28896
2013.03.18 00:00:41.079,1.28893,1.28902
2013.03.18 00:00:41.141,1.28894,1.28902
2013.03.18 00:00:41.269,1.28896,1.28902
2013.03.18 00:00:41.688,1.28898,1.28903
2013.03.18 00:00:42.048,1.289,1.28905
2013.03.18 00:00:42.478,1.28899,1.28906
2013.03.18 00:00:42.898,1.28896,1.28902
2013.03.18 00:00:43.018,1.28896,1.28903
2013.03.18 00:00:43.639,1.28896,1.28901
2013.03.18 00:00:43.818,1.28896,1.28901
2013.03.18 00:00:44.358,1.28896,1.28901
2013.03.18 00:00:45.008,1.28896,1.28901
2013.03.18 00:00:45.798,1.28896,1.28902
2013.03.18 00:00:47.641,1.28888,1.28896
2013.03.18 00:00:47.769,1.28889,1.28897
2013.03.18 00:00:47.828,1.28887,1.28896
2013.03.18 00:00:47.948,1.28889,1.28897
2013.03.18 00:00:49.398,1.28889,1.28897
2013.03.18 00:00:50.059,1.28891,1.28899
2013.03.18 00:00:50.478,1.28891,1.28899
2013.03.18 00:00:51.739,1.28893,1.289
2013.03.18 00:00:51.979,1.28895,1.28902
2013.03.18 00:00:52.578,1.28894,1.28902
2013.03.18 00:00:53.274,1.28894,1.28902
2013.03.18 00:00:53.829,1.28896,1.28903
2013.03.18 00:00:54.395,1.28897,1.28903
2013.03.18 00:00:54.759,1.28897,1.28903
2013.03.18 00:00:54.951,1.2889,1.28896
2013.03.18 00:00:55.009,1.28888,1.28896
2013.03.18 00:00:55.068,1.28887,1.28894
2013.03.18 00:00:55.608,1.28888,1.28894
2013.03.18 00:00:56.259,1.28888,1.28894
2013.03.18 00:00:56.809,1.28892,1.28894
2013.03.18 00:00:57.364,1.28892,1.28902
2013.03.18 00:00:57.431,1.28892,1.28902
2013.03.18 00:00:57.799,1.28898,1.28904
2013.03.18 00:00:58.098,1.28896,1.28905
2013.03.18 00:01:00.349,1.28896,1.28905
2013.03.18 00:01:00.668,1.289,1.28906
2013.03.18 00:01:01.208,1.28898,1.28907
2013.03.18 00:01:01.779,1.28898,1.28906
2013.03.18 00:01:02.098,1.28898,1.28906
2013.03.18 00:01:02.628,1.28898,1.28906
2013.03.18 00:01:03.227,1.28901,1.28907
2013.03.18 00:01:03.288,1.28903,1.28911
2013.03.18 00:01:03.349,1.28901,1.28906
2013.03.18 00:01:03.709,1.28902,1.28906
2013.03.18 00:01:03.949,1.28903,1.28905
2013.03.18 00:01:04.489,1.289,1.28907
2013.03.18 00:01:05.448,1.28899,1.28905
2013.03.18 00:01:06.109,1.28899,1.28905
2013.03.18 00:01:06.648,1.28897,1.28905
2013.03.18 00:01:06.709,1.28897,1.28905
2013.03.18 00:01:06.768,1.28897,1.28905
2013.03.18 00:01:07.308,1.28897,1.28904
2013.03.18 00:01:07.859,1.28897,1.28903
2013.03.18 00:01:08.399,1.28893,1.28902
2013.03.18 00:01:08.948,1.28892,1.28901
2013.03.18 00:01:09.790,1.28896,1.28904
2013.03.18 00:01:10.340,1.28897,1.28905
2013.03.18 00:01:11.049,1.28894,1.28903
2013.03.18 00:01:11.127,1.28897,1.28904
2013.03.18 00:01:11.199,1.28897,1.28905
2013.03.18 00:01:17.754,1.28901,1.28905
2013.03.18 00:01:18.229,1.289,1.28905
2013.03.18 00:01:19.129,1.28901,1.28907
2013.03.18 00:01:19.678,1.28901,1.28907
2013.03.18 00:01:20.638,1.289,1.28907
2013.03.18 00:01:23.739,1.289,1.28907
2013.03.18 00:01:23.918,1.289,1.28907
2013.03.18 00:01:25.129,1.289,1.28907
2013.03.18 00:01:25.959,1.289,1.28907
2013.03.18 00:01:27.239,1.28902,1.28907
2013.03.18 00:01:28.358,1.28902,1.28907
2013.03.18 00:01:28.669,1.28902,1.28907
2013.03.18 00:01:29.049,1.28903,1.28912
2013.03.18 00:01:29.750,1.28904,1.28912
2013.03.18 00:01:30.468,1.28903,1.28912
2013.03.18 00:01:31.119,1.28904,1.28912
2013.03.18 00:01:33.349,1.28904,1.28913
2013.03.18 00:01:33.888,1.28904,1.28913
2013.03.18 00:01:34.858,1.28905,1.28913
2013.03.18 00:01:35.730,1.28907,1.28913
2013.03.18 00:01:36.269,1.2891,1.28914
2013.03.18 00:01:36.869,1.28908,1.28914
2013.03.18 00:01:38.098,1.2891,1.28916
2013.03.18 00:01:38.638,1.28906,1.28914
2013.03.18 00:01:39.239,1.28904,1.28914
2013.03.18 00:01:39.599,1.28902,1.28908
2013.03.18 00:01:40.160,1.289,1.28908
2013.03.18 00:01:40.218,1.289,1.28909
2013.03.18 00:01:40.397,1.289,1.2891
2013.03.18 00:01:40.648,1.289,1.28907
2013.03.18 00:01:41.008,1.28901,1.28907
2013.03.18 00:01:41.548,1.28899,1.28907
2013.03.18 00:01:41.609,1.28899,1.28907
2013.03.18 00:01:42.788,1.28902,1.2891
2013.03.18 00:01:43.850,1.28902,1.2891
2013.03.18 00:01:43.970,1.28899,1.28906
2013.03.18 00:01:44.151,1.28899,1.28905
2013.03.18 00:01:45.315,1.28899,1.28908
2013.03.18 00:01:45.378,1.28899,1.28907
2013.03.18 00:01:45.738,1.28899,1.28907
2013.03.18 00:01:45.998,1.28899,1.28909
2013.03.18 00:01:46.069,1.28899,1.28907
2013.03.18 00:01:48.389,1.28899,1.28907
2013.03.18 00:01:48.905,1.28899,1.28908
2013.03.18 00:01:49.688,1.28899,1.28905
2013.03.18 00:01:50.169,1.289,1.28909
2013.03.18 00:01:50.288,1.289,1.28908
2013.03.18 00:01:51.038,1.28899,1.28907
2013.03.18 00:01:51.578,1.28899,1.28905
2013.03.18 00:01:52.698,1.28899,1.28905
2013.03.18 00:01:54.278,1.28899,1.28905
2013.03.18 00:01:54.818,1.28899,1.28905
2013.03.18 00:01:55.519,1.28899,1.28908
2013.03.18 00:01:56.057,1.28899,1.28908
2013.03.18 00:01:56.823,1.28899,1.28908
2013.03.18 00:01:58.138,1.289,1.28908
2013.03.18 00:01:58.680,1.289,1.28907
2013.03.18 00:01:58.739,1.28897,1.28901
2013.03.18 00:01:58.801,1.28891,1.28899
2013.03.18 00:01:58.919,1.28892,1.289
2013.03.18 00:01:59.098,1.28892,1.28899
2013.03.18 00:01:59.158,1.28894,1.28901
2013.03.18 00:01:59.218,1.28895,1.28903
2013.03.18 00:01:59.338,1.28895,1.28903
2013.03.18 00:01:59.459,1.28894,1.28903
2013.03.18 00:01:59.819,1.28895,1.289
2013.03.18 00:01:59.999,1.28895,1.28902
2013.03.18 00:02:00.538,1.28895,1.28902
2013.03.18 00:02:00.780,1.28899,1.28903
2013.03.18 00:02:00.902,1.28899,1.28907
2013.03.18 00:02:00.969,1.28901,1.28907
2013.03.18 00:02:01.089,1.28906,1.28908
2013.03.18 00:02:01.149,1.28907,1.28911
2013.03.18 00:02:01.329,1.28907,1.28911
2013.03.18 00:02:02.158,1.28904,1.2891
2013.03.18 00:02:02.291,1.28903,1.2891
2013.03.18 00:02:02.588,1.28903,1.28912
2013.03.18 00:02:03.028,1.28902,1.28909
2013.03.18 00:02:03.989,1.28901,1.28909
2013.03.18 00:02:04.826,1.28904,1.2891
2013.03.18 00:02:05.407,1.28904,1.2891
2013.03.18 00:02:05.469,1.28906,1.28916
2013.03.18 00:02:05.589,1.28905,1.28913
2013.03.18 00:02:06.008,1.28901,1.28911
2013.03.18 00:02:07.748,1.28902,1.28911
2013.03.18 00:02:07.929,1.28902,1.28909
2013.03.18 00:02:08.108,1.28898,1.28909
2013.03.18 00:02:08.170,1.28898,1.28909
2013.03.18 00:02:08.229,1.28898,1.28908
2013.03.18 00:02:08.289,1.28898,1.28907
2013.03.18 00:02:08.649,1.28897,1.28907
2013.03.18 00:02:08.890,1.28902,1.28909
2013.03.18 00:02:09.009,1.28903,1.2891
2013.03.18 00:02:09.319,1.28909,1.28917
2013.03.18 00:02:09.499,1.28905,1.28915
2013.03.18 00:02:10.274,1.28909,1.28915
2013.03.18 00:02:10.347,1.28908,1.28915
2013.03.18 00:02:10.411,1.28908,1.28915
2013.03.18 00:02:10.948,1.28908,1.28916
2013.03.18 00:02:11.547,1.28908,1.28918
2013.03.18 00:02:11.847,1.28906,1.28913
2013.03.18 00:02:12.150,1.28905,1.28913
2013.03.18 00:02:12.518,1.28906,1.28913
2013.03.18 00:02:12.699,1.28911,1.28917
2013.03.18 00:02:13.239,1.28909,1.28914
2013.03.18 00:02:13.597,1.28909,1.28917
2013.03.18 00:02:13.718,1.28909,1.28916
2013.03.18 00:02:13.778,1.28909,1.28917
2013.03.18 00:02:14.018,1.28909,1.28916
2013.03.18 00:02:15.208,1.28909,1.28916
2013.03.18 00:02:15.638,1.28909,1.28914
2013.03.18 00:02:15.998,1.28909,1.28916
2013.03.18 00:02:16.058,1.28909,1.28914
2013.03.18 00:02:17.189,1.28905,1.28914
2013.03.18 00:02:17.938,1.28905,1.28915
2013.03.18 00:02:18.537,1.28905,1.28913
2013.03.18 00:02:18.658,1.28903,1.28912
2013.03.18 00:02:18.718,1.28902,1.28909
2013.03.18 00:02:19.019,1.28899,1.28908
2013.03.18 00:02:19.438,1.28898,1.28908
2013.03.18 00:02:21.238,1.28899,1.28909
2013.03.18 00:02:21.678,1.28898,1.28908
2013.03.18 00:02:22.617,1.28899,1.28909
2013.03.18 00:02:23.578,1.28901,1.28909
2013.03.18 00:02:24.118,1.28902,1.28909
2013.03.18 00:02:24.239,1.28902,1.28909
2013.03.18 00:02:24.360,1.28904,1.28913
2013.03.18 00:02:24.658,1.28905,1.28913
2013.03.18 00:02:25.438,1.28911,1.28914
2013.03.18 00:02:25.978,1.28909,1.28914
2013.03.18 00:02:26.289,1.28909,1.28914
2013.03.18 00:02:26.861,1.28908,1.28916
2013.03.18 00:02:27.278,1.28908,1.28918
2013.03.18 00:02:27.398,1.28908,1.28916
2013.03.18 00:02:29.944,1.28908,1.28916
2013.03.18 00:02:31.478,1.28912,1.28917
2013.03.18 00:02:31.599,1.28908,1.28916
2013.03.18 00:02:31.898,1.28906,1.28916
2013.03.18 00:02:32.317,1.28906,1.28916
2013.03.18 00:02:32.377,1.28906,1.28916
2013.03.18 00:02:32.858,1.28904,1.28914
2013.03.18 00:02:32.980,1.28905,1.28914
2013.03.18 00:02:34.248,1.28906,1.28914
2013.03.18 00:02:34.368,1.28906,1.28916
2013.03.18 00:02:34.728,1.28908,1.28916
2013.03.18 00:02:35.148,1.28907,1.28913
2013.03.18 00:02:35.449,1.28904,1.28913
2013.03.18 00:02:35.508,1.28902,1.28909
2013.03.18 00:02:35.628,1.28902,1.28909
2013.03.18 00:02:37.538,1.28902,1.28909
2013.03.18 00:02:37.660,1.28902,1.28909
2013.03.18 00:02:38.019,1.28901,1.28904
2013.03.18 00:02:38.378,1.28901,1.28904
2013.03.18 00:02:38.439,1.28901,1.28907
2013.03.18 00:02:38.808,1.28901,1.28909
2013.03.18 00:02:39.678,1.28901,1.28909
2013.03.18 00:02:40.708,1.28901,1.28909
2013.03.18 00:02:41.245,1.28899,1.28908
2013.03.18 00:02:42.859,1.28904,1.28909
2013.03.18 00:02:43.048,1.28903,1.2891
2013.03.18 00:02:44.020,1.28903,1.2891
2013.03.18 00:02:46.198,1.28902,1.2891
2013.03.18 00:02:46.318,1.28902,1.28909
2013.03.18 00:02:46.678,1.28902,1.28909
2013.03.18 00:02:47.039,1.28897,1.28905
2013.03.18 00:02:47.277,1.28897,1.28907
2013.03.18 00:02:47.888,1.28897,1.28905
2013.03.18 00:02:48.078,1.28897,1.28907
2013.03.18 00:02:48.198,1.28897,1.28905
2013.03.18 00:02:49.238,1.28898,1.28906
2013.03.18 00:02:49.608,1.28898,1.28907
2013.03.18 00:02:49.739,1.28898,1.28907
2013.03.18 00:02:50.047,1.28897,1.28905
2013.03.18 00:02:50.657,1.28898,1.28908
2013.03.18 00:02:50.818,1.28897,1.28906
2013.03.18 00:02:52.690,1.28892,1.28899
2013.03.18 00:02:52.749,1.28888,1.28894
2013.03.18 00:02:52.808,1.28887,1.28892
2013.03.18 00:02:52.988,1.28887,1.28894
2013.03.18 00:02:53.049,1.28885,1.28893
2013.03.18 00:02:53.168,1.28883,1.28894
2013.03.18 00:02:53.679,1.28887,1.28896
2013.03.18 00:02:54.288,1.28889,1.28897
2013.03.18 00:02:54.349,1.28891,1.289
2013.03.18 00:02:54.528,1.28894,1.28899
2013.03.18 00:02:54.829,1.28896,1.28899
2013.03.18 00:02:54.949,1.28894,1.28902
2013.03.18 00:02:55.609,1.28895,1.28903
2013.03.18 00:02:55.910,1.28898,1.28905
2013.03.18 00:02:56.388,1.28897,1.28906
2013.03.18 00:02:56.868,1.28898,1.28908
2013.03.18 00:02:57.048,1.28897,1.28906
2013.03.18 00:02:57.588,1.28897,1.28906
2013.03.18 00:02:58.198,1.28898,1.28907
2013.03.18 00:02:59.188,1.28901,1.28906
2013.03.18 00:02:59.490,1.28901,1.28907
2013.03.18 00:03:00.138,1.28897,1.28907
2013.03.18 00:03:00.199,1.28897,1.28905
2013.03.18 00:03:00.740,1.28898,1.28905
2013.03.18 00:03:00.801,1.289,1.28904
2013.03.18 00:03:02.001,1.289,1.28903
2013.03.18 00:03:02.138,1.28897,1.28905
2013.03.18 00:03:02.278,1.28897,1.28905
2013.03.18 00:03:02.598,1.28897,1.28905
2013.03.18 00:03:03.298,1.28897,1.28905
2013.03.18 00:03:04.778,1.289,1.28905
2013.03.18 00:03:05.288,1.289,1.28905
2013.03.18 00:03:05.790,1.28899,1.28905
2013.03.18 00:03:07.208,1.28899,1.28905
2013.03.18 00:03:07.752,1.28896,1.28903
2013.03.18 00:03:07.821,1.28897,1.28903
2013.03.18 00:03:08.359,1.28897,1.28903
2013.03.18 00:03:08.419,1.28896,1.28903
2013.03.18 00:03:09.198,1.28895,1.28902
2013.03.18 00:03:09.740,1.28895,1.28903
2013.03.18 00:03:12.699,1.28895,1.28903
2013.03.18 00:03:13.240,1.28895,1.28903
2013.03.18 00:03:13.637,1.28895,1.28903
2013.03.18 00:03:14.139,1.28895,1.28902
2013.03.18 00:03:14.689,1.28895,1.28902
2013.03.18 00:03:15.599,1.28895,1.28902
2013.03.18 00:03:15.658,1.28893,1.28901
2013.03.18 00:03:16.831,1.28893,1.28901
2013.03.18 00:03:16.904,1.28892,1.28899
2013.03.18 00:03:17.449,1.28891,1.28898
2013.03.18 00:03:18.179,1.28892,1.28899
2013.03.18 00:03:18.738,1.28889,1.28897
2013.03.18 00:03:19.278,1.28894,1.28899
2013.03.18 00:03:19.999,1.28894,1.28899
2013.03.18 00:03:20.359,1.28896,1.28904
2013.03.18 00:03:20.659,1.28897,1.28905
2013.03.18 00:03:21.208,1.28898,1.28906
2013.03.18 00:03:21.328,1.28898,1.28905
2013.03.18 00:03:21.388,1.28895,1.28903
2013.03.18 00:03:21.748,1.28895,1.28903
2013.03.18 00:03:22.709,1.28895,1.28902
2013.03.18 00:03:23.279,1.28895,1.28902
2013.03.18 00:03:23.840,1.28895,1.28902
2013.03.18 00:03:24.020,1.28897,1.28905
2013.03.18 00:03:24.079,1.28897,1.28905
2013.03.18 00:03:24.620,1.28897,1.28905
2013.03.18 00:03:24.978,1.28897,1.28905
2013.03.18 00:03:25.569,1.28897,1.28905
2013.03.18 00:03:26.110,1.28897,1.28905
2013.03.18 00:03:26.958,1.28898,1.28907
2013.03.18 00:03:27.018,1.28897,1.28905
2013.03.18 00:03:27.559,1.28897,1.28905
2013.03.18 00:03:27.678,1.28897,1.28907
2013.03.18 00:03:28.257,1.28898,1.28907
2013.03.18 00:03:28.318,1.28897,1.28905
2013.03.18 00:03:28.378,1.28898,1.28907
2013.03.18 00:03:28.665,1.28897,1.28905
2013.03.18 00:03:30.188,1.28897,1.28905
2013.03.18 00:03:30.261,1.28892,1.28899
2013.03.18 00:03:30.629,1.28888,1.28898
2013.03.18 00:03:30.748,1.28888,1.28898
2013.03.18 00:03:31.308,1.28892,1.28899
2013.03.18 00:03:31.791,1.28892,1.28899
2013.03.18 00:03:31.851,1.28896,1.28901
2013.03.18 00:03:32.388,1.28892,1.28901
2013.03.18 00:03:32.448,1.28892,1.289
2013.03.18 00:03:32.988,1.28895,1.28902
2013.03.18 00:03:33.168,1.28895,1.28903
2013.03.18 00:03:33.949,1.28895,1.28903
2013.03.18 00:03:35.871,1.28895,1.28902
2013.03.18 00:03:35.928,1.28894,1.28899
2013.03.18 00:03:36.049,1.28891,1.28899
2013.03.18 00:03:36.169,1.28892,1.28901
2013.03.18 00:03:36.468,1.28895,1.28903
2013.03.18 00:03:36.908,1.28895,1.28903
2013.03.18 00:03:39.048,1.28894,1.28902
2013.03.18 00:03:39.659,1.28895,1.28902
2013.03.18 00:03:44.020,1.28896,1.28903
2013.03.18 00:03:44.544,1.28897,1.28905
2013.03.18 00:03:45.589,1.28896,1.28905
2013.03.18 00:03:46.280,1.28896,1.28905
2013.03.18 00:03:46.838,1.28897,1.28905
2013.03.18 00:03:47.438,1.28898,1.28906
2013.03.18 00:03:48.040,1.28898,1.28906
2013.03.18 00:03:50.328,1.28904,1.28909
2013.03.18 00:03:51.118,1.28905,1.2891
2013.03.18 00:03:51.598,1.28903,1.28908
2013.03.18 00:03:51.899,1.28901,1.28906
2013.03.18 00:03:52.438,1.28904,1.28908
2013.03.18 00:03:52.859,1.28905,1.28908
2013.03.18 00:03:53.460,1.28904,1.28908
2013.03.18 00:03:53.998,1.28905,1.2891
2013.03.18 00:03:54.518,1.28904,1.2891
2013.03.18 00:03:55.559,1.28904,1.28908
2013.03.18 00:03:56.098,1.28904,1.28909
2013.03.18 00:03:57.988,1.28905,1.28911
2013.03.18 00:03:58.289,1.289,1.28908
2013.03.18 00:03:58.829,1.28902,1.28908
2013.03.18 00:03:59.309,1.289,1.28907
2013.03.18 00:04:00.888,1.28902,1.28908
2013.03.18 00:04:01.729,1.28905,1.28908
2013.03.18 00:04:02.149,1.28904,1.28908
2013.03.18 00:04:02.809,1.28903,1.28908
2013.03.18 00:04:03.349,1.28904,1.28908
2013.03.18 00:04:03.892,1.28907,1.28912
2013.03.18 00:04:06.040,1.28904,1.28909
2013.03.18 00:04:06.519,1.28902,1.28909
2013.03.18 00:04:06.938,1.28906,1.28912
2013.03.18 00:04:07.479,1.28906,1.28912
2013.03.18 00:04:08.249,1.28905,1.28909
2013.03.18 00:04:09.019,1.28905,1.28909
2013.03.18 00:04:09.558,1.28905,1.28912
2013.03.18 00:04:09.618,1.28908,1.28913
2013.03.18 00:04:09.858,1.28908,1.28914
2013.03.18 00:04:10.400,1.28905,1.28913
2013.03.18 00:04:10.969,1.28906,1.28911
2013.03.18 00:04:11.518,1.28907,1.28911
2013.03.18 00:04:11.579,1.28907,1.28914
2013.03.18 00:04:11.818,1.28909,1.28917
2013.03.18 00:04:12.058,1.28911,1.28919
2013.03.18 00:04:12.118,1.28911,1.28919
2013.03.18 00:04:12.478,1.28909,1.28914
2013.03.18 00:04:12.969,1.28907,1.28914
2013.03.18 00:04:13.450,1.28907,1.28915
2013.03.18 00:04:13.753,1.28911,1.28918
2013.03.18 00:04:13.832,1.28911,1.28919
2013.03.18 00:04:14.449,1.28914,1.28919
2013.03.18 00:04:14.988,1.28914,1.28919
2013.03.18 00:04:15.680,1.28917,1.28922
2013.03.18 00:04:15.799,1.28918,1.28923
2013.03.18 00:04:15.919,1.28923,1.28927
2013.03.18 00:04:15.980,1.28925,1.28931
2013.03.18 00:04:16.219,1.28924,1.28933
2013.03.18 00:04:16.339,1.28927,1.28932
2013.03.18 00:04:16.699,1.28927,1.28934
2013.03.18 00:04:16.759,1.28928,1.28935
2013.03.18 00:04:17.299,1.28929,1.28936
2013.03.18 00:04:17.900,1.2893,1.28937
2013.03.18 00:04:18.438,1.28935,1.28943
2013.03.18 00:04:18.799,1.28935,1.2894
2013.03.18 00:04:19.279,1.28933,1.28942
2013.03.18 00:04:19.459,1.28935,1.28943
2013.03.18 00:04:19.579,1.28933,1.28943
2013.03.18 00:04:20.840,1.28933,1.2894
2013.03.18 00:04:20.959,1.28928,1.28936
2013.03.18 00:04:21.200,1.28928,1.28934
2013.03.18 00:04:21.260,1.28927,1.28934
2013.03.18 00:04:21.379,1.28922,1.2893
2013.03.18 00:04:21.559,1.28922,1.2893
2013.03.18 00:04:21.619,1.28925,1.2893
2013.03.18 00:04:21.739,1.28928,1.28934
2013.03.18 00:04:22.348,1.28929,1.28934
2013.03.18 00:04:22.441,1.28927,1.28937
2013.03.18 00:04:22.679,1.28928,1.28938
2013.03.18 00:04:22.859,1.28929,1.28939
2013.03.18 00:04:23.218,1.28932,1.28942
2013.03.18 00:04:23.399,1.28931,1.28941
2013.03.18 00:04:23.460,1.28932,1.28941
2013.03.18 00:04:23.578,1.28929,1.28939
2013.03.18 00:04:23.640,1.28929,1.28938
2013.03.18 00:04:23.999,1.28923,1.28935
2013.03.18 00:04:24.538,1.28924,1.28935
2013.03.18 00:04:25.078,1.28924,1.28935
2013.03.18 00:04:25.522,1.28924,1.28935
2013.03.18 00:04:25.999,1.28925,1.28933
2013.03.18 00:04:26.528,1.28925,1.28933
2013.03.18 00:04:27.122,1.28925,1.28933
2013.03.18 00:04:27.722,1.28926,1.28934
2013.03.18 00:04:28.333,1.28933,1.28937
2013.03.18 00:04:28.698,1.28933,1.28939
2013.03.18 00:04:29.059,1.28929,1.28938
2013.03.18 00:04:29.119,1.28928,1.28935
2013.03.18 00:04:29.180,1.28929,1.28935
2013.03.18 00:04:29.419,1.28927,1.28935
2013.03.18 00:04:29.539,1.28925,1.28932
2013.03.18 00:04:29.599,1.28922,1.28932
2013.03.18 00:04:29.660,1.28924,1.28934
2013.03.18 00:04:30.020,1.2893,1.28939
2013.03.18 00:04:30.140,1.2893,1.2894
2013.03.18 00:04:30.320,1.28935,1.28941
2013.03.18 00:04:30.679,1.28937,1.28945
2013.03.18 00:04:31.217,1.28937,1.28945
2013.03.18 00:04:31.279,1.28933,1.28943
2013.03.18 00:04:32.058,1.28933,1.28941
2013.03.18 00:04:32.178,1.2893,1.28937
2013.03.18 00:04:32.298,1.28931,1.28938
2013.03.18 00:04:32.418,1.28932,1.2894
2013.03.18 00:04:32.539,1.28936,1.28944
2013.03.18 00:04:32.898,1.28938,1.28945
2013.03.18 00:04:32.958,1.28938,1.28943
2013.03.18 00:04:33.018,1.28938,1.28943
2013.03.18 00:04:33.318,1.28933,1.28939
2013.03.18 00:04:33.378,1.28931,1.28938
2013.03.18 00:04:33.738,1.2893,1.28937
2013.03.18 00:04:33.799,1.28932,1.28937
2013.03.18 00:04:34.288,1.28931,1.28937
2013.03.18 00:04:34.528,1.28931,1.28936
2013.03.18 00:04:35.068,1.28928,1.28936
2013.03.18 00:04:35.254,1.28928,1.28936
2013.03.18 00:04:35.808,1.28924,1.28932
2013.03.18 00:04:36.289,1.28924,1.28932
2013.03.18 00:04:37.218,1.28926,1.28934
2013.03.18 00:04:38.339,1.28927,1.28933
2013.03.18 00:04:38.400,1.28927,1.28935
2013.03.18 00:04:38.758,1.28927,1.28935
2013.03.18 00:04:39.279,1.28927,1.28935
2013.03.18 00:04:39.688,1.28927,1.28935
2013.03.18 00:04:40.438,1.28929,1.28936
2013.03.18 00:04:40.987,1.28929,1.28937
2013.03.18 00:04:41.528,1.28929,1.28936
2013.03.18 00:04:41.958,1.28929,1.28936
2013.03.18 00:04:42.078,1.28926,1.28934
2013.03.18 00:04:42.629,1.28926,1.28934
2013.03.18 00:04:43.349,1.28926,1.28931
2013.03.18 00:04:43.469,1.28927,1.28934
2013.03.18 00:04:43.589,1.28928,1.28934
2013.03.18 00:04:43.893,1.28928,1.28935
2013.03.18 00:04:44.458,1.28925,1.28933
2013.03.18 00:04:44.878,1.28923,1.28933
2013.03.18 00:04:46.440,1.28925,1.28933
2013.03.18 00:04:46.918,1.28925,1.28932
2013.03.18 00:04:48.398,1.28926,1.28933
2013.03.18 00:04:50.389,1.28926,1.28933
2013.03.18 00:04:50.928,1.28924,1.28933
2013.03.18 00:04:51.408,1.28927,1.28933
2013.03.18 00:04:53.338,1.28927,1.28935
2013.03.18 00:04:54.148,1.28927,1.28935
2013.03.18 00:04:55.228,1.28927,1.28936
2013.03.18 00:04:55.829,1.28925,1.28935
2013.03.18 00:04:59.718,1.28923,1.28932
2013.03.18 00:04:59.778,1.28925,1.28933
2013.03.18 00:05:00.318,1.28927,1.28933
2013.03.18 00:05:01.679,1.28929,1.28935
2013.03.18 00:05:01.739,1.28929,1.28936
2013.03.18 00:05:01.918,1.2893,1.28938
2013.03.18 00:05:02.098,1.28932,1.2894
2013.03.18 00:05:02.279,1.28934,1.28942
2013.03.18 00:05:02.339,1.28934,1.28943
2013.03.18 00:05:02.879,1.28936,1.28944
2013.03.18 00:05:03.438,1.28936,1.28945
2013.03.18 00:05:03.798,1.28938,1.28946
2013.03.18 00:05:04.279,1.28935,1.28945
2013.03.18 00:05:04.828,1.28935,1.28945
2013.03.18 00:05:05.329,1.28935,1.28945
2013.03.18 00:05:05.919,1.28935,1.28945
2013.03.18 00:05:06.474,1.28935,1.28945
2013.03.18 00:05:06.969,1.28935,1.28945
2013.03.18 00:05:07.499,1.28937,1.28945
2013.03.18 00:05:07.801,1.28937,1.28945
2013.03.18 00:05:07.980,1.28935,1.28943
2013.03.18 00:05:08.378,1.28935,1.28943
2013.03.18 00:05:10.098,1.28935,1.28943
2013.03.18 00:05:10.900,1.28935,1.28943
2013.03.18 00:05:13.318,1.28935,1.28943
2013.03.18 00:05:13.498,1.28937,1.28945
2013.03.18 00:05:13.558,1.28937,1.28945
2013.03.18 00:05:14.098,1.28937,1.28946
2013.03.18 00:05:15.190,1.28937,1.28947
2013.03.18 00:05:16.339,1.28938,1.28947
2013.03.18 00:05:16.458,1.28937,1.28945
2013.03.18 00:05:16.639,1.28937,1.28945
2013.03.18 00:05:16.879,1.28937,1.28945
2013.03.18 00:05:17.239,1.28937,1.28947
2013.03.18 00:05:17.788,1.28939,1.28947
2013.03.18 00:05:18.208,1.28941,1.28947
2013.03.18 00:05:18.628,1.28939,1.28947
2013.03.18 00:05:18.988,1.28937,1.28947
2013.03.18 00:05:20.018,1.28938,1.28948
2013.03.18 00:05:21.868,1.2894,1.28947
2013.03.18 00:05:22.418,1.2894,1.28947
2013.03.18 00:05:24.100,1.28939,1.28947
2013.03.18 00:05:24.338,1.28939,1.28948
2013.03.18 00:05:24.999,1.2894,1.28948
2013.03.18 00:05:25.119,1.28942,1.2895
2013.03.18 00:05:25.299,1.28942,1.28952
2013.03.18 00:05:25.359,1.28943,1.28952
2013.03.18 00:05:25.898,1.28943,1.28952
2013.03.18 00:05:26.438,1.28943,1.28952
2013.03.18 00:05:27.428,1.28943,1.28952
2013.03.18 00:05:29.268,1.28943,1.28952
2013.03.18 00:05:29.808,1.28943,1.28952
2013.03.18 00:05:30.789,1.28943,1.28952
2013.03.18 00:05:31.159,1.28943,1.28952
2013.03.18 00:05:31.518,1.28939,1.28947
2013.03.18 00:05:31.639,1.28939,1.28943
2013.03.18 00:05:32.478,1.28935,1.28944
2013.03.18 00:05:33.220,1.28935,1.28945
2013.03.18 00:05:34.439,1.28934,1.28943
2013.03.18 00:05:35.090,1.28934,1.28943
2013.03.18 00:05:35.269,1.28933,1.28942
2013.03.18 00:05:35.329,1.28933,1.28941
2013.03.18 00:05:35.869,1.28934,1.28941
2013.03.18 00:05:36.408,1.28934,1.28941
2013.03.18 00:05:36.769,1.28934,1.28941
2013.03.18 00:05:37.759,1.28934,1.28941
2013.03.18 00:05:39.009,1.28934,1.28941
2013.03.18 00:05:39.800,1.28934,1.2894
2013.03.18 00:05:39.859,1.28933,1.28939
2013.03.18 00:05:40.221,1.2893,1.28937
2013.03.18 00:05:40.279,1.28927,1.28936
2013.03.18 00:05:40.340,1.28927,1.28934
2013.03.18 00:05:40.700,1.28923,1.2893
2013.03.18 00:05:40.939,1.28924,1.28933
2013.03.18 00:05:41.938,1.28922,1.28931
2013.03.18 00:05:43.139,1.28922,1.28931
2013.03.18 00:05:44.267,1.28922,1.28931
2013.03.18 00:05:44.818,1.28922,1.28931
2013.03.18 00:05:49.841,1.28922,1.28931
2013.03.18 00:05:51.329,1.28922,1.28929
2013.03.18 00:05:52.138,1.28922,1.28931
2013.03.18 00:05:52.261,1.28925,1.28931
2013.03.18 00:05:52.619,1.28932,1.28935
2013.03.18 00:05:53.128,1.28927,1.28936
2013.03.18 00:05:54.340,1.28927,1.28935
2013.03.18 00:05:54.401,1.28925,1.2893
2013.03.18 00:05:55.070,1.28922,1.2893
2013.03.18 00:05:55.609,1.28922,1.2893
2013.03.18 00:06:01.559,1.28922,1.2893
2013.03.18 00:06:02.452,1.28922,1.28932
2013.03.18 00:06:03.035,1.28924,1.28932
2013.03.18 00:06:03.597,1.28924,1.28932
2013.03.18 00:06:03.879,1.28924,1.28933
2013.03.18 00:06:04.680,1.28924,1.28933
2013.03.18 00:06:05.218,1.28926,1.28934
2013.03.18 00:06:05.719,1.28926,1.28935
2013.03.18 00:06:05.960,1.28932,1.28937
2013.03.18 00:06:06.020,1.28932,1.2894
2013.03.18 00:06:06.558,1.28932,1.28941
2013.03.18 00:06:07.440,1.28932,1.28941
2013.03.18 00:06:08.188,1.28932,1.28941
2013.03.18 00:06:08.769,1.28932,1.28941
2013.03.18 00:06:10.828,1.28932,1.2894
2013.03.18 00:06:11.249,1.2893,1.28938
2013.03.18 00:06:11.429,1.28927,1.28935
2013.03.18 00:06:11.789,1.28924,1.28934
2013.03.18 00:06:12.300,1.28924,1.28934
2013.03.18 00:06:12.739,1.28926,1.28935
2013.03.18 00:06:14.148,1.28924,1.28934
2013.03.18 00:06:14.519,1.28924,1.28934
2013.03.18 00:06:14.919,1.28927,1.28935
2013.03.18 00:06:15.100,1.28928,1.28938
2013.03.18 00:06:15.220,1.2893,1.28939
2013.03.18 00:06:15.460,1.28933,1.28942
2013.03.18 00:06:15.839,1.28932,1.28941
2013.03.18 00:06:16.140,1.28928,1.28934
2013.03.18 00:06:16.379,1.28926,1.28932
2013.03.18 00:06:16.499,1.28924,1.28932
2013.03.18 00:06:17.182,1.28924,1.28932
2013.03.18 00:06:20.368,1.28922,1.28931
2013.03.18 00:06:21.229,1.28924,1.28932
2013.03.18 00:06:22.039,1.28924,1.28932
2013.03.18 00:06:22.647,1.28924,1.28932
2013.03.18 00:06:23.159,1.28924,1.28931
2013.03.18 00:06:23.219,1.28924,1.28928
2013.03.18 00:06:23.279,1.28922,1.28928
2013.03.18 00:06:23.339,1.28922,1.28928
2013.03.18 00:06:23.519,1.28924,1.2893
2013.03.18 00:06:23.578,1.28924,1.28932
2013.03.18 00:06:23.638,1.28924,1.28932
2013.03.18 00:06:24.179,1.28924,1.28932
2013.03.18 00:06:24.659,1.28924,1.28932
2013.03.18 00:06:24.719,1.28923,1.28932
2013.03.18 00:06:24.840,1.28921,1.28928
2013.03.18 00:06:25.199,1.28921,1.28926
2013.03.18 00:06:25.260,1.28918,1.28924
2013.03.18 00:06:25.560,1.28918,1.28926
2013.03.18 00:06:25.801,1.28922,1.28928
2013.03.18 00:06:26.159,1.28924,1.28932
2013.03.18 00:06:26.999,1.28924,1.28932
2013.03.18 00:06:30.229,1.28924,1.28932
2013.03.18 00:06:33.959,1.28924,1.28932
2013.03.18 00:06:34.318,1.28922,1.2893
2013.03.18 00:06:34.869,1.28922,1.2893
2013.03.18 00:06:37.599,1.28925,1.28932
2013.03.18 00:06:38.929,1.28925,1.28931
2013.03.18 00:06:38.988,1.28925,1.28933
2013.03.18 00:06:39.491,1.28925,1.2893
2013.03.18 00:06:40.090,1.28925,1.28933
2013.03.18 00:06:40.630,1.28925,1.28933
2013.03.18 00:06:41.789,1.28925,1.28933
2013.03.18 00:06:44.639,1.28923,1.28928
2013.03.18 00:06:44.819,1.2892,1.28928
2013.03.18 00:06:44.939,1.2892,1.28928
2013.03.18 00:06:45.304,1.28921,1.28928
2013.03.18 00:06:45.549,1.28919,1.28927
2013.03.18 00:06:47.280,1.2892,1.28928
2013.03.18 00:06:47.343,1.28921,1.28929
2013.03.18 00:06:47.529,1.28925,1.28933
2013.03.18 00:06:47.890,1.28923,1.28931
2013.03.18 00:06:48.130,1.28924,1.28932
2013.03.18 00:06:48.669,1.28924,1.28932
2013.03.18 00:06:48.790,1.28922,1.2893
2013.03.18 00:06:49.090,1.28919,1.28925
2013.03.18 00:06:51.309,1.2892,1.28925
2013.03.18 00:06:52.129,1.2892,1.28927
2013.03.18 00:06:52.189,1.2892,1.28928
2013.03.18 00:06:52.429,1.28922,1.2893
2013.03.18 00:06:52.489,1.28925,1.28932
2013.03.18 00:06:52.549,1.28925,1.28932
2013.03.18 00:06:52.610,1.28925,1.28933
2013.03.18 00:06:52.909,1.28921,1.28925
2013.03.18 00:06:52.968,1.28917,1.28925
2013.03.18 00:06:53.269,1.28917,1.28927
2013.03.18 00:06:53.330,1.28919,1.28927
2013.03.18 00:06:53.509,1.28923,1.28931
2013.03.18 00:06:53.569,1.28923,1.28932
2013.03.18 00:06:54.084,1.28925,1.28933
2013.03.18 00:06:54.470,1.28925,1.28933
2013.03.18 00:06:55.239,1.28927,1.28933
2013.03.18 00:06:55.419,1.28929,1.28935
2013.03.18 00:06:55.479,1.28931,1.28935
2013.03.18 00:06:55.659,1.28931,1.2894
2013.03.18 00:06:55.718,1.28932,1.28942
2013.03.18 00:06:55.958,1.28932,1.2894
2013.03.18 00:06:56.259,1.28931,1.28938
2013.03.18 00:06:56.320,1.2893,1.28935
2013.03.18 00:06:56.619,1.28923,1.28933
2013.03.18 00:06:57.234,1.28923,1.28933
2013.03.18 00:06:57.491,1.28925,1.28933
2013.03.18 00:06:57.910,1.28926,1.28934
2013.03.18 00:06:58.868,1.28926,1.28935
2013.03.18 00:06:59.545,1.28927,1.28935
2013.03.18 00:07:00.094,1.28927,1.28937
2013.03.18 00:07:00.628,1.28934,1.28944
2013.03.18 00:07:01.238,1.28934,1.28944
2013.03.18 00:07:01.788,1.28934,1.28944
2013.03.18 00:07:03.118,1.28936,1.28944
2013.03.18 00:07:05.459,1.28936,1.28944
2013.03.18 00:07:05.999,1.28936,1.28944
2013.03.18 00:07:08.299,1.28939,1.28946
2013.03.18 00:07:08.421,1.28941,1.28949
2013.03.18 00:07:08.541,1.28941,1.28949
2013.03.18 00:07:08.958,1.28943,1.28951
2013.03.18 00:07:09.259,1.28943,1.2895
2013.03.18 00:07:09.378,1.28943,1.28951
2013.03.18 00:07:09.919,1.28942,1.28949
2013.03.18 00:07:10.039,1.28942,1.28947
2013.03.18 00:07:10.580,1.28942,1.28948
2013.03.18 00:07:10.701,1.28942,1.28952
2013.03.18 00:07:10.770,1.28942,1.28954
2013.03.18 00:07:11.309,1.28942,1.28954
2013.03.18 00:07:11.958,1.28942,1.28955
2013.03.18 00:07:13.238,1.28942,1.28955
2013.03.18 00:07:14.979,1.28945,1.28954
2013.03.18 00:07:15.870,1.28945,1.28954
2013.03.18 00:07:16.228,1.28945,1.28951
2013.03.18 00:07:16.529,1.28942,1.28949
2013.03.18 00:07:16.891,1.28945,1.28953
2013.03.18 00:07:17.079,1.28945,1.28953
2013.03.18 00:07:17.319,1.28944,1.2895
2013.03.18 00:07:18.038,1.28943,1.28951
2013.03.18 00:07:18.339,1.28945,1.28951
2013.03.18 00:07:18.519,1.28945,1.28951
2013.03.18 00:07:19.149,1.28943,1.2895
2013.03.18 00:07:20.788,1.28942,1.28949
2013.03.18 00:07:21.349,1.28942,1.28951
2013.03.18 00:07:21.829,1.28943,1.28952
2013.03.18 00:07:22.369,1.28943,1.28953
2013.03.18 00:07:23.029,1.28943,1.28953
2013.03.18 00:07:23.518,1.28948,1.28956
2013.03.18 00:07:23.819,1.28946,1.28955
2013.03.18 00:07:23.939,1.28945,1.28953
2013.03.18 00:07:24.978,1.28943,1.28953
2013.03.18 00:07:25.579,1.28943,1.28953
2013.03.18 00:07:25.840,1.28948,1.28956
2013.03.18 00:07:25.899,1.28949,1.28957
2013.03.18 00:07:26.200,1.28952,1.2896
2013.03.18 00:07:26.379,1.28952,1.28965
2013.03.18 00:07:26.799,1.28953,1.28961
2013.03.18 00:07:27.339,1.28953,1.28961
2013.03.18 00:07:29.173,1.28958,1.28969
2013.03.18 00:07:29.479,1.28961,1.28969
2013.03.18 00:07:29.779,1.28958,1.28967
2013.03.18 00:07:29.839,1.28958,1.28965
2013.03.18 00:07:30.359,1.28955,1.28964
2013.03.18 00:07:30.900,1.2896,1.28971
2013.03.18 00:07:31.258,1.2896,1.2897
2013.03.18 00:07:31.559,1.28957,1.28967
2013.03.18 00:07:32.099,1.28957,1.28965
2013.03.18 00:07:32.648,1.28957,1.28965
2013.03.18 00:07:32.829,1.28957,1.28966
2013.03.18 00:07:34.118,1.28957,1.28965
2013.03.18 00:07:35.698,1.28957,1.28965
2013.03.18 00:07:36.339,1.28957,1.28965
2013.03.18 00:07:36.518,1.2896,1.28968
2013.03.18 00:07:36.909,1.2896,1.28968
2013.03.18 00:07:37.269,1.28955,1.28965
2013.03.18 00:07:38.039,1.28955,1.28963
2013.03.18 00:07:38.279,1.28959,1.28967
2013.03.18 00:07:38.339,1.28961,1.28967
2013.03.18 00:07:38.400,1.28962,1.28969
2013.03.18 00:07:38.460,1.28962,1.2897
2013.03.18 00:07:38.641,1.28964,1.28972
2013.03.18 00:07:38.700,1.28964,1.28973
2013.03.18 00:07:39.119,1.28962,1.28972
2013.03.18 00:07:42.169,1.28962,1.28972
2013.03.18 00:07:43.718,1.28962,1.28972
2013.03.18 00:07:43.900,1.28961,1.28971
2013.03.18 00:07:43.959,1.28961,1.28971
2013.03.18 00:07:44.199,1.28962,1.28973
2013.03.18 00:07:44.535,1.28963,1.28973
2013.03.18 00:07:45.349,1.28963,1.28973
2013.03.18 00:07:46.569,1.28963,1.28973
2013.03.18 00:07:50.139,1.28967,1.28975
2013.03.18 00:07:50.559,1.28962,1.2897
2013.03.18 00:07:50.799,1.28962,1.28972
2013.03.18 00:07:51.779,1.28962,1.28972
2013.03.18 00:07:52.559,1.2896,1.2897
2013.03.18 00:07:52.739,1.28958,1.28968
2013.03.18 00:07:53.099,1.28959,1.28968
2013.03.18 00:07:53.520,1.28964,1.28971
2013.03.18 00:07:53.639,1.28963,1.28972
2013.03.18 00:07:54.059,1.28962,1.2897
2013.03.18 00:07:55.972,1.28961,1.28969
2013.03.18 00:07:56.279,1.28957,1.28965
2013.03.18 00:07:56.699,1.28958,1.28965
2013.03.18 00:07:56.760,1.28957,1.28965
2013.03.18 00:07:56.941,1.2896,1.28967
2013.03.18 00:07:57.001,1.28961,1.28968
2013.03.18 00:07:57.120,1.28962,1.28971
2013.03.18 00:07:57.599,1.28965,1.28973
2013.03.18 00:07:57.659,1.28965,1.28973
2013.03.18 00:07:57.958,1.28968,1.28976
2013.03.18 00:07:58.199,1.28968,1.28976
2013.03.18 00:08:00.930,1.28971,1.28976
2013.03.18 00:08:00.989,1.28971,1.28978
2013.03.18 00:08:01.109,1.28971,1.28979
2013.03.18 00:08:01.229,1.28971,1.28981
2013.03.18 00:08:01.849,1.28971,1.28979
2013.03.18 00:08:02.389,1.28971,1.28979
2013.03.18 00:08:02.449,1.28971,1.28981
2013.03.18 00:08:02.629,1.28971,1.28981
2013.03.18 00:08:03.989,1.28972,1.28981
2013.03.18 00:08:04.349,1.28972,1.28979
2013.03.18 00:08:04.729,1.28972,1.28981
2013.03.18 00:08:09.140,1.28976,1.28981
2013.03.18 00:08:09.263,1.28977,1.28981
2013.03.18 00:08:09.339,1.28977,1.28983
2013.03.18 00:08:09.878,1.28975,1.28981
2013.03.18 00:08:10.180,1.28975,1.28981
2013.03.18 00:08:10.239,1.28975,1.28981
2013.03.18 00:08:10.360,1.28972,1.28977
2013.03.18 00:08:10.420,1.2897,1.28977
2013.03.18 00:08:10.539,1.28968,1.28977
2013.03.18 00:08:12.279,1.28968,1.28975
2013.03.18 00:08:12.580,1.28968,1.28974
2013.03.18 00:08:13.118,1.28966,1.28975
2013.03.18 00:08:13.479,1.28965,1.28974
2013.03.18 00:08:13.779,1.2896,1.28965
2013.03.18 00:08:13.899,1.28963,1.28971
2013.03.18 00:08:14.019,1.28962,1.28969
2013.03.18 00:08:14.199,1.28962,1.2897
2013.03.18 00:08:14.439,1.28963,1.28972
2013.03.18 00:08:14.500,1.28963,1.28974
2013.03.18 00:08:14.559,1.28964,1.28974
2013.03.18 00:08:16.338,1.28964,1.28974
2013.03.18 00:08:16.761,1.28966,1.28973
2013.03.18 00:08:16.819,1.28966,1.28974
2013.03.18 00:08:17.419,1.28967,1.28974
2013.03.18 00:08:18.072,1.28967,1.28975
2013.03.18 00:08:19.821,1.28969,1.28977
2013.03.18 00:08:19.965,1.2897,1.28977
2013.03.18 00:08:20.032,1.28972,1.28979
2013.03.18 00:08:20.160,1.28972,1.28981
2013.03.18 00:08:20.638,1.28972,1.28979
2013.03.18 00:08:20.879,1.28972,1.28979
2013.03.18 00:08:20.939,1.28972,1.28981
2013.03.18 00:08:21.488,1.28972,1.28981
2013.03.18 00:08:21.608,1.28972,1.28982
2013.03.18 00:08:22.138,1.28972,1.28982
2013.03.18 00:08:22.199,1.28971,1.28982
2013.03.18 00:08:22.559,1.28973,1.28981
2013.03.18 00:08:22.679,1.28973,1.28983
2013.03.18 00:08:22.739,1.28973,1.28985
2013.03.18 00:08:22.800,1.28981,1.28991
2013.03.18 00:08:22.859,1.28982,1.28991
2013.03.18 00:08:22.979,1.28985,1.28992
2013.03.18 00:08:23.339,1.28984,1.28992
2013.03.18 00:08:23.519,1.28985,1.28994
2013.03.18 00:08:23.819,1.28985,1.28993
2013.03.18 00:08:23.939,1.28985,1.28993
2013.03.18 00:08:24.301,1.28986,1.28995
2013.03.18 00:08:24.489,1.28987,1.28995
2013.03.18 00:08:25.019,1.28987,1.28995
2013.03.18 00:08:25.439,1.28989,1.28999
2013.03.18 00:08:25.500,1.28989,1.29001
2013.03.18 00:08:25.621,1.28989,1.29003
2013.03.18 00:08:25.681,1.28993,1.29
2013.03.18 00:08:25.859,1.28993,1.29002
2013.03.18 00:08:26.220,1.28999,1.29009
2013.03.18 00:08:26.518,1.28999,1.2901
2013.03.18 00:08:27.059,1.28996,1.29008
2013.03.18 00:08:27.788,1.28999,1.29008
2013.03.18 00:08:27.909,1.29002,1.29009
2013.03.18 00:08:28.090,1.29003,1.29013
2013.03.18 00:08:28.270,1.29003,1.29014
2013.03.18 00:08:28.630,1.29004,1.2901
2013.03.18 00:08:28.691,1.29005,1.29013
2013.03.18 00:08:28.810,1.29005,1.29013
2013.03.18 00:08:29.229,1.29005,1.29014
2013.03.18 00:08:29.410,1.29,1.29009
2013.03.18 00:08:29.469,1.28998,1.29008
2013.03.18 00:08:29.650,1.28996,1.29008
2013.03.18 00:08:29.829,1.29,1.29008
2013.03.18 00:08:30.129,1.28999,1.29008
2013.03.18 00:08:30.489,1.28995,1.29008
2013.03.18 00:08:32.429,1.28998,1.29008
2013.03.18 00:08:32.999,1.28998,1.29008
2013.03.18 00:08:33.539,1.28998,1.29008
2013.03.18 00:08:34.209,1.28999,1.29002
2013.03.18 00:08:34.390,1.29,1.29013
2013.03.18 00:08:34.570,1.29007,1.29014
2013.03.18 00:08:34.689,1.29007,1.29015
2013.03.18 00:08:34.749,1.29007,1.29015
2013.03.18 00:08:36.271,1.29007,1.29015
2013.03.18 00:08:36.869,1.29009,1.29015
2013.03.18 00:08:37.409,1.29009,1.29017
2013.03.18 00:08:37.590,1.29016,1.29023
2013.03.18 00:08:37.949,1.2901,1.29018
2013.03.18 00:08:38.251,1.29014,1.2902
2013.03.18 00:08:38.370,1.29015,1.29022
2013.03.18 00:08:38.430,1.29015,1.29023
2013.03.18 00:08:38.969,1.29016,1.29023
2013.03.18 00:08:39.029,1.29016,1.29022
2013.03.18 00:08:39.339,1.29012,1.2902
2013.03.18 00:08:40.059,1.29012,1.2902
2013.03.18 00:08:40.419,1.29012,1.29018
2013.03.18 00:08:40.959,1.2901,1.29017
2013.03.18 00:08:41.139,1.2901,1.29019
2013.03.18 00:08:41.679,1.2901,1.29019
2013.03.18 00:08:42.489,1.2901,1.29019
2013.03.18 00:08:43.071,1.29013,1.29024
2013.03.18 00:08:43.130,1.29014,1.29022
2013.03.18 00:08:43.250,1.29014,1.29024
2013.03.18 00:08:43.669,1.29014,1.29017
2013.03.18 00:08:43.970,1.29008,1.29017
2013.03.18 00:08:44.329,1.29008,1.29016
2013.03.18 00:08:46.528,1.29008,1.29015
2013.03.18 00:08:51.289,1.29008,1.29013
2013.03.18 00:08:51.649,1.29006,1.29011
2013.03.18 00:08:54.779,1.29005,1.29013
2013.03.18 00:08:55.772,1.29005,1.29013
2013.03.18 00:08:56.552,1.29007,1.29015
2013.03.18 00:08:57.760,1.29005,1.29015
2013.03.18 00:08:57.939,1.29005,1.29013
2013.03.18 00:08:58.239,1.29005,1.29013
2013.03.18 00:08:58.719,1.29007,1.29016
2013.03.18 00:09:00.179,1.29008,1.29016
2013.03.18 00:09:00.689,1.29008,1.29016
2013.03.18 00:09:03.289,1.29007,1.29015
2013.03.18 00:09:04.339,1.29007,1.29014
2013.03.18 00:09:05.029,1.29006,1.29014
2013.03.18 00:09:05.573,1.29008,1.29015
2013.03.18 00:09:06.120,1.29008,1.29014
2013.03.18 00:09:06.659,1.29008,1.29016
2013.03.18 00:09:06.960,1.29012,1.29018
2013.03.18 00:09:07.199,1.29017,1.29019
2013.03.18 00:09:07.995,1.29017,1.29024
2013.03.18 00:09:08.066,1.29023,1.29028
2013.03.18 00:09:08.549,1.2902,1.29028
2013.03.18 00:09:09.089,1.2902,1.29027
2013.03.18 00:09:10.269,1.2902,1.29027
2013.03.18 00:09:11.029,1.2902,1.29027
2013.03.18 00:09:11.389,1.2902,1.29025
2013.03.18 00:09:11.629,1.29017,1.29025
2013.03.18 00:09:12.119,1.29019,1.29025
2013.03.18 00:09:14.320,1.29019,1.29023
2013.03.18 00:09:14.440,1.29016,1.29023
2013.03.18 00:09:14.749,1.29018,1.29023
2013.03.18 00:09:15.109,1.29016,1.29023
2013.03.18 00:09:15.755,1.29016,1.29023
2013.03.18 00:09:16.779,1.29015,1.29023
2013.03.18 00:09:17.898,1.29015,1.29023
2013.03.18 00:09:18.141,1.29014,1.2902
2013.03.18 00:09:18.382,1.29011,1.29016
2013.03.18 00:09:19.060,1.29011,1.29016
2013.03.18 00:09:19.599,1.2901,1.29016
2013.03.18 00:09:20.119,1.29009,1.29015
2013.03.18 00:09:21.620,1.29014,1.29018
2013.03.18 00:09:21.678,1.29018,1.29024
2013.03.18 00:09:21.799,1.29019,1.29027
2013.03.18 00:09:21.859,1.29019,1.29027
2013.03.18 00:09:22.100,1.29019,1.29027
2013.03.18 00:09:22.650,1.29019,1.29027
2013.03.18 00:09:23.349,1.29019,1.29028
2013.03.18 00:09:23.409,1.29019,1.29028
2013.03.18 00:09:23.590,1.29021,1.29028
2013.03.18 00:09:23.650,1.29022,1.29028
2013.03.18 00:09:23.959,1.29024,1.29028
2013.03.18 00:09:24.019,1.29024,1.2903
2013.03.18 00:09:24.079,1.29021,1.29027
2013.03.18 00:09:24.619,1.29021,1.29026
2013.03.18 00:09:26.669,1.29021,1.29026
2013.03.18 00:09:26.729,1.29021,1.29031
2013.03.18 00:09:27.774,1.29022,1.29031
2013.03.18 00:09:27.855,1.29029,1.29035
2013.03.18 00:09:30.000,1.2903,1.29036
2013.03.18 00:09:30.339,1.29032,1.29036
2013.03.18 00:09:30.858,1.29032,1.29036
2013.03.18 00:09:31.418,1.2903,1.29037
2013.03.18 00:09:35.159,1.29032,1.29037
2013.03.18 00:09:35.219,1.29032,1.29039
2013.03.18 00:09:35.279,1.29033,1.29041
2013.03.18 00:09:35.519,1.29034,1.29042
2013.03.18 00:09:36.000,1.29034,1.29039
2013.03.18 00:09:36.060,1.29033,1.29039
2013.03.18 00:09:36.239,1.29032,1.29038
2013.03.18 00:09:37.808,1.29029,1.29038
2013.03.18 00:09:38.359,1.2903,1.29038
2013.03.18 00:09:40.879,1.29029,1.29038
2013.03.18 00:09:41.749,1.29028,1.29038
2013.03.18 00:09:41.989,1.29028,1.29037
2013.03.18 00:09:42.724,1.29027,1.29035
2013.03.18 00:09:43.239,1.29027,1.29035
2013.03.18 00:09:43.869,1.29026,1.29034
2013.03.18 00:09:45.440,1.29026,1.29035
2013.03.18 00:09:47.069,1.29026,1.29035
2013.03.18 00:09:48.452,1.29026,1.29034
2013.03.18 00:10:00.799,1.29025,1.29033
2013.03.18 00:10:01.379,1.29025,1.29034
2013.03.18 00:10:09.119,1.29025,1.29035
2013.03.18 00:10:10.139,1.29025,1.29034
2013.03.18 00:10:10.199,1.29025,1.29033
2013.03.18 00:10:10.321,1.29022,1.29029
2013.03.18 00:10:10.501,1.29021,1.29028
2013.03.18 00:10:10.680,1.29014,1.29024
2013.03.18 00:10:11.218,1.29014,1.29024
2013.03.18 00:10:19.449,1.29015,1.29024
2013.03.18 00:10:21.740,1.29015,1.29022
2013.03.18 00:10:22.339,1.29015,1.29022
2013.03.18 00:10:24.700,1.29015,1.2902
2013.03.18 00:10:26.979,1.29013,1.2902
2013.03.18 00:10:27.599,1.29013,1.2902
2013.03.18 00:10:29.160,1.29013,1.2902
2013.03.18 00:10:29.751,1.29013,1.2902
2013.03.18 00:10:30.860,1.29013,1.2902
2013.03.18 00:10:34.019,1.29012,1.29019
2013.03.18 00:10:34.500,1.29013,1.2902
2013.03.18 00:10:36.092,1.29011,1.29015
2013.03.18 00:10:36.211,1.29011,1.29015
2013.03.18 00:10:36.270,1.29007,1.29015
2013.03.18 00:10:36.510,1.29004,1.29012
2013.03.18 00:10:36.870,1.29004,1.29012
2013.03.18 00:10:38.589,1.29005,1.29012
2013.03.18 00:10:40.629,1.29005,1.29013
2013.03.18 00:10:41.241,1.29003,1.29012
2013.03.18 00:10:41.749,1.29003,1.29012
2013.03.18 00:10:42.824,1.29003,1.29012
2013.03.18 00:10:44.179,1.29003,1.29012
2013.03.18 00:10:44.999,1.29004,1.29012
2013.03.18 00:10:45.369,1.29008,1.29012
2013.03.18 00:10:45.552,1.29008,1.29014
2013.03.18 00:10:45.611,1.29009,1.29016
2013.03.18 00:10:45.670,1.29011,1.29017
2013.03.18 00:10:45.789,1.29011,1.29019
2013.03.18 00:10:45.849,1.29011,1.29019
2013.03.18 00:10:46.089,1.29011,1.29019
2013.03.18 00:10:46.209,1.29011,1.29019
2013.03.18 00:10:47.339,1.29011,1.29019
2013.03.18 00:10:49.429,1.29014,1.29021
2013.03.18 00:10:49.549,1.29014,1.29022
2013.03.18 00:10:49.849,1.29017,1.29023
2013.03.18 00:10:51.249,1.29017,1.29022
2013.03.18 00:10:51.309,1.29014,1.29022
2013.03.18 00:10:51.630,1.29014,1.29021
2013.03.18 00:10:51.811,1.29015,1.2902
2013.03.18 00:10:51.930,1.29013,1.29019
2013.03.18 00:10:52.110,1.29013,1.29018
2013.03.18 00:10:52.549,1.29011,1.29016
2013.03.18 00:10:52.789,1.29011,1.29018
2013.03.18 00:10:54.502,1.29012,1.29019
2013.03.18 00:10:54.739,1.2901,1.29016
2013.03.18 00:10:55.039,1.29009,1.29016
2013.03.18 00:10:55.400,1.29007,1.29016
2013.03.18 00:10:55.461,1.29008,1.29014
2013.03.18 00:10:55.820,1.29007,1.29013
2013.03.18 00:10:55.880,1.29006,1.29013
2013.03.18 00:10:56.070,1.29006,1.29012
2013.03.18 00:10:56.490,1.29005,1.29012
2013.03.18 00:10:57.010,1.29004,1.29012
2013.03.18 00:10:59.094,1.29003,1.29011
2013.03.18 00:10:59.279,1.29002,1.29011
2013.03.18 00:10:59.520,1.28997,1.29005
2013.03.18 00:11:00.070,1.28997,1.29004
2013.03.18 00:11:00.729,1.28995,1.29003
2013.03.18 00:11:01.289,1.28995,1.29002
2013.03.18 00:11:01.709,1.28997,1.29003
2013.03.18 00:11:01.891,1.29,1.29003
2013.03.18 00:11:02.250,1.29002,1.29007
2013.03.18 00:11:02.310,1.29004,1.29009
2013.03.18 00:11:02.609,1.29005,1.29013
2013.03.18 00:11:02.849,1.29002,1.29012
2013.03.18 00:11:03.030,1.29002,1.2901
2013.03.18 00:11:03.149,1.29002,1.2901
2013.03.18 00:11:03.449,1.29002,1.2901
2013.03.18 00:11:03.630,1.29002,1.29006
2013.03.18 00:11:03.690,1.28999,1.29005
2013.03.18 00:11:03.749,1.28995,1.29001
2013.03.18 00:11:03.869,1.28995,1.29003
2013.03.18 00:11:05.370,1.28995,1.29005
2013.03.18 00:11:05.430,1.28996,1.29004
2013.03.18 00:11:05.789,1.28998,1.29006
2013.03.18 00:11:06.149,1.28998,1.29007
2013.03.18 00:11:07.059,1.29,1.29009
2013.03.18 00:11:07.182,1.29001,1.2901
2013.03.18 00:11:07.501,1.29003,1.29011
2013.03.18 00:11:07.860,1.29003,1.29009
2013.03.18 00:11:08.160,1.28998,1.29005
2013.03.18 00:11:08.399,1.28997,1.29003
2013.03.18 00:11:08.939,1.28997,1.29004
2013.03.18 00:11:09.785,1.29,1.29008
2013.03.18 00:11:10.090,1.29,1.29006
2013.03.18 00:11:10.389,1.29,1.29008
2013.03.18 00:11:10.450,1.29,1.29006
2013.03.18 00:11:10.509,1.28996,1.29002
2013.03.18 00:11:10.999,1.28994,1.29001
2013.03.18 00:11:11.239,1.28994,1.29
2013.03.18 00:11:12.849,1.28994,1.29001
2013.03.18 00:11:13.389,1.28993,1.28999
2013.03.18 00:11:15.599,1.28993,1.29
2013.03.18 00:11:17.811,1.28993,1.28999
2013.03.18 00:11:18.169,1.28991,1.28998
2013.03.18 00:11:18.530,1.28988,1.28995
2013.03.18 00:11:18.710,1.28988,1.28994
2013.03.18 00:11:20.209,1.28987,1.28995
2013.03.18 00:11:20.330,1.28987,1.28993
2013.03.18 00:11:21.332,1.28987,1.28992
2013.03.18 00:11:21.640,1.28981,1.28987
2013.03.18 00:11:22.059,1.28983,1.28989
2013.03.18 00:11:22.180,1.28984,1.2899
2013.03.18 00:11:22.719,1.28986,1.28992
2013.03.18 00:11:23.480,1.28986,1.28992
2013.03.18 00:11:24.022,1.28984,1.28989
2013.03.18 00:11:24.080,1.28984,1.28989
2013.03.18 00:11:24.499,1.28983,1.28989
2013.03.18 00:11:25.043,1.28983,1.28989
2013.03.18 00:11:25.579,1.28981,1.28986
2013.03.18 00:11:25.639,1.28981,1.28986
2013.03.18 00:11:26.240,1.28981,1.28987
2013.03.18 00:11:26.299,1.28984,1.28989
2013.03.18 00:11:26.779,1.28984,1.28989
2013.03.18 00:11:28.271,1.28984,1.28989
2013.03.18 00:11:28.809,1.28984,1.2899
2013.03.18 00:11:28.870,1.28988,1.28991
2013.03.18 00:11:29.110,1.28988,1.28996
2013.03.18 00:11:29.229,1.28986,1.28996
2013.03.18 00:11:29.589,1.28988,1.28996
2013.03.18 00:11:30.053,1.28988,1.28996
2013.03.18 00:11:30.124,1.28986,1.28993
2013.03.18 00:11:30.190,1.28985,1.28993
2013.03.18 00:11:30.249,1.28985,1.28991
2013.03.18 00:11:30.789,1.28985,1.2899
2013.03.18 00:11:30.857,1.28985,1.2899
2013.03.18 00:11:31.537,1.28981,1.28989
2013.03.18 00:11:31.859,1.2898,1.28987
2013.03.18 00:11:32.409,1.28981,1.28988
2013.03.18 00:11:32.990,1.28981,1.28988
2013.03.18 00:11:35.509,1.28981,1.28989
2013.03.18 00:11:35.569,1.28981,1.28989
2013.03.18 00:11:36.092,1.28981,1.28989
2013.03.18 00:11:36.519,1.28984,1.28992
2013.03.18 00:11:36.699,1.28986,1.28994
2013.03.18 00:11:37.120,1.28988,1.28995
2013.03.18 00:11:37.419,1.28985,1.28993
2013.03.18 00:11:37.959,1.28985,1.28994
2013.03.18 00:11:38.918,1.28984,1.28992
2013.03.18 00:11:38.988,1.28984,1.28994
2013.03.18 00:11:39.495,1.28986,1.28994
2013.03.18 00:11:40.005,1.28986,1.28994
2013.03.18 00:11:40.438,1.28986,1.28992
2013.03.18 00:11:40.619,1.28984,1.28991
2013.03.18 00:11:41.139,1.28984,1.28991
2013.03.18 00:11:41.619,1.28987,1.28989
2013.03.18 00:11:41.979,1.28991,1.28997
2013.03.18 00:11:42.039,1.28991,1.28999
2013.03.18 00:11:42.099,1.28988,1.28995
2013.03.18 00:11:42.219,1.28986,1.28992
2013.03.18 00:11:42.578,1.28982,1.28991
2013.03.18 00:11:42.759,1.28982,1.2899
2013.03.18 00:11:44.698,1.28982,1.28991
2013.03.18 00:11:44.819,1.28982,1.28989
2013.03.18 00:11:45.239,1.28984,1.28989
2013.03.18 00:11:45.299,1.28985,1.28993
2013.03.18 00:11:45.539,1.28986,1.28994
2013.03.18 00:11:49.212,1.28987,1.28993
2013.03.18 00:11:49.727,1.28983,1.28992
2013.03.18 00:11:49.858,1.28983,1.28991
2013.03.18 00:11:50.699,1.28983,1.2899
2013.03.18 00:11:51.239,1.28983,1.28991
2013.03.18 00:11:51.599,1.28983,1.28991
2013.03.18 00:11:52.119,1.28983,1.2899
2013.03.18 00:11:52.179,1.28981,1.2899
2013.03.18 00:11:52.299,1.28981,1.28989
2013.03.18 00:11:52.478,1.28981,1.28991
2013.03.18 00:11:52.838,1.28983,1.28991
2013.03.18 00:11:53.849,1.28983,1.28993
2013.03.18 00:11:54.709,1.28983,1.28991
2013.03.18 00:11:56.310,1.28986,1.28993
2013.03.18 00:11:57.989,1.28987,1.28995
2013.03.18 00:12:00.070,1.2899,1.28995
2013.03.18 00:12:00.191,1.28992,1.28998
2013.03.18 00:12:00.549,1.28992,1.28998
2013.03.18 00:12:00.609,1.28992,1.29
2013.03.18 00:12:02.559,1.28991,1.28998
2013.03.18 00:12:03.921,1.2899,1.28998
2013.03.18 00:12:05.080,1.28992,1.28998
2013.03.18 00:12:05.618,1.28993,1.28998
2013.03.18 00:12:06.388,1.28993,1.28998
2013.03.18 00:12:10.689,1.28993,1.28998
2013.03.18 00:12:11.309,1.28993,1.28998
2013.03.18 00:12:11.460,1.28991,1.28997
2013.03.18 00:12:11.581,1.28991,1.28996
2013.03.18 00:12:11.701,1.28988,1.28992
2013.03.18 00:12:12.059,1.28984,1.28992
2013.03.18 00:12:12.619,1.28982,1.2899
2013.03.18 00:12:13.417,1.28982,1.2899
2013.03.18 00:12:15.179,1.28982,1.2899
2013.03.18 00:12:19.169,1.28982,1.2899
2013.03.18 00:12:20.109,1.28981,1.2899
2013.03.18 00:12:21.140,1.28983,1.2899
2013.03.18 00:12:21.680,1.28983,1.2899
2013.03.18 00:12:22.019,1.28982,1.2899
2013.03.18 00:12:23.290,1.28982,1.2899
2013.03.18 00:12:24.953,1.28982,1.28989
2013.03.18 00:12:26.608,1.28981,1.2899
2013.03.18 00:12:27.619,1.28982,1.2899
2013.03.18 00:12:27.859,1.28983,1.28993
2013.03.18 00:12:28.280,1.28986,1.28994
2013.03.18 00:12:30.860,1.28986,1.28994
2013.03.18 00:12:31.739,1.28985,1.28995
2013.03.18 00:12:42.849,1.28985,1.28992
2013.03.18 00:12:43.468,1.28982,1.28992
2013.03.18 00:12:44.929,1.28985,1.28992
2013.03.18 00:12:45.574,1.28985,1.28992
2013.03.18 00:12:46.227,1.28986,1.28992
2013.03.18 00:12:46.529,1.28989,1.28995
2013.03.18 00:12:46.898,1.28989,1.28995
2013.03.18 00:12:47.959,1.28988,1.28994
2013.03.18 00:12:48.289,1.28989,1.28995
2013.03.18 00:12:48.589,1.28988,1.28996
2013.03.18 00:12:52.699,1.28989,1.28998
2013.03.18 00:12:52.879,1.28991,1.28998
2013.03.18 00:12:52.939,1.28992,1.28998
2013.03.18 00:12:53.501,1.28992,1.28998
2013.03.18 00:12:56.959,1.28991,1.28998
2013.03.18 00:12:57.019,1.28991,1.28997
2013.03.18 00:12:57.538,1.28991,1.28997
2013.03.18 00:12:58.970,1.28991,1.28998
2013.03.18 00:13:08.099,1.2899,1.28997
2013.03.18 00:13:12.538,1.28991,1.28997
2013.03.18 00:13:12.899,1.28993,1.28999
2013.03.18 00:13:14.749,1.28993,1.29
2013.03.18 00:13:21.902,1.28992,1.29
2013.03.18 00:13:22.905,1.28991,1.28998
2013.03.18 00:13:23.448,1.28991,1.28998
2013.03.18 00:13:23.989,1.28992,1.29
2013.03.18 00:13:24.110,1.28994,1.29
2013.03.18 00:13:24.649,1.28994,1.29
2013.03.18 00:13:25.020,1.28995,1.29002
2013.03.18 00:13:25.592,1.28994,1.29002
2013.03.18 00:13:26.011,1.28996,1.29002
2013.03.18 00:13:26.489,1.28996,1.29002
2013.03.18 00:13:27.029,1.28994,1.28999
2013.03.18 00:13:27.089,1.28995,1.29001
2013.03.18 00:13:27.509,1.28994,1.28999
2013.03.18 00:13:27.809,1.28993,1.29
2013.03.18 00:13:28.501,1.28994,1.29
2013.03.18 00:13:28.620,1.28994,1.29
2013.03.18 00:13:29.280,1.28994,1.29
2013.03.18 00:13:29.841,1.28994,1.29
2013.03.18 00:13:30.379,1.28994,1.29
2013.03.18 00:13:31.981,1.28995,1.29
2013.03.18 00:13:32.099,1.28998,1.29003
2013.03.18 00:13:32.929,1.28997,1.29002
2013.03.18 00:13:33.636,1.28997,1.29002
2013.03.18 00:13:36.059,1.28993,1.29001
2013.03.18 00:13:36.359,1.28992,1.29
2013.03.18 00:13:37.149,1.28991,1.28999
2013.03.18 00:13:39.249,1.2899,1.28996
2013.03.18 00:13:39.371,1.28987,1.28996
2013.03.18 00:13:39.429,1.28986,1.28993
2013.03.18 00:13:39.969,1.28985,1.28993
2013.03.18 00:13:42.109,1.28984,1.28993
2013.03.18 00:13:43.909,1.28985,1.28994
2013.03.18 00:13:44.249,1.28987,1.28994
2013.03.18 00:13:44.369,1.28985,1.28994
2013.03.18 00:13:44.929,1.28987,1.28993
2013.03.18 00:13:45.607,1.28985,1.28994
2013.03.18 00:13:47.069,1.28985,1.28994
2013.03.18 00:13:49.750,1.28985,1.28992
2013.03.18 00:13:50.289,1.28984,1.28992
2013.03.18 00:13:50.349,1.28984,1.28992
2013.03.18 00:13:50.890,1.28984,1.28992
2013.03.18 00:13:51.249,1.28984,1.28992
2013.03.18 00:13:51.849,1.28984,1.28992
2013.03.18 00:13:53.699,1.28984,1.2899
2013.03.18 00:13:54.260,1.28984,1.2899
2013.03.18 00:13:54.789,1.28984,1.2899
2013.03.18 00:13:55.090,1.28984,1.28989
2013.03.18 00:13:56.029,1.28981,1.28988
2013.03.18 00:13:56.816,1.28982,1.2899
2013.03.18 00:13:57.800,1.28984,1.2899
2013.03.18 00:13:58.989,1.28982,1.2899
2013.03.18 00:14:00.019,1.28982,1.28989
2013.03.18 00:14:00.569,1.28982,1.28989
2013.03.18 00:14:03.990,1.28982,1.2899
2013.03.18 00:14:05.459,1.28982,1.2899
2013.03.18 00:14:05.639,1.28981,1.28991
2013.03.18 00:14:06.170,1.28981,1.2899
2013.03.18 00:14:06.409,1.28981,1.2899
2013.03.18 00:14:06.939,1.28981,1.2899
2013.03.18 00:14:09.922,1.28981,1.2899
2013.03.18 00:14:11.079,1.28981,1.2899
2013.03.18 00:14:11.639,1.28981,1.2899
2013.03.18 00:14:13.709,1.28981,1.28991
2013.03.18 00:14:14.300,1.28981,1.2899
2013.03.18 00:14:15.390,1.28985,1.28988
2013.03.18 00:14:15.510,1.28986,1.28991
2013.03.18 00:14:15.751,1.28989,1.28991
2013.03.18 00:14:15.812,1.28989,1.28994
2013.03.18 00:14:15.992,1.28988,1.28994
2013.03.18 00:14:16.051,1.28988,1.28996
2013.03.18 00:14:16.230,1.28985,1.28994
2013.03.18 00:14:16.779,1.28986,1.28994
2013.03.18 00:14:17.319,1.28985,1.28993
2013.03.18 00:14:18.959,1.28987,1.28993
2013.03.18 00:14:19.512,1.28987,1.28992
2013.03.18 00:14:21.130,1.28986,1.28992
2013.03.18 00:14:21.249,1.28985,1.28992
2013.03.18 00:14:21.929,1.28985,1.28992
2013.03.18 00:14:22.589,1.28985,1.28992
2013.03.18 00:14:23.099,1.28985,1.28992
2013.03.18 00:14:24.570,1.28985,1.28992
2013.03.18 00:14:26.475,1.28985,1.28991
2013.03.18 00:14:27.019,1.28985,1.28991
2013.03.18 00:14:31.569,1.28985,1.28991
2013.03.18 00:14:32.240,1.28985,1.2899
2013.03.18 00:14:32.899,1.28983,1.2899
2013.03.18 00:14:33.199,1.28983,1.2899
2013.03.18 00:14:33.259,1.28981,1.28988
2013.03.18 00:14:33.799,1.28983,1.28988
2013.03.18 00:14:37.080,1.28983,1.28988
2013.03.18 00:14:37.140,1.28983,1.2899
2013.03.18 00:14:37.439,1.28983,1.2899
2013.03.18 00:14:37.799,1.28981,1.28989
2013.03.18 00:14:38.339,1.28983,1.28989
2013.03.18 00:14:38.520,1.28983,1.2899
2013.03.18 00:14:38.819,1.28983,1.28989
2013.03.18 00:14:38.939,1.28983,1.28989
2013.03.18 00:14:39.430,1.2898,1.28987
2013.03.18 00:14:39.610,1.28978,1.28984
2013.03.18 00:14:39.730,1.28975,1.28982
2013.03.18 00:14:39.977,1.28977,1.28984
2013.03.18 00:14:40.710,1.28977,1.28985
2013.03.18 00:14:41.249,1.28977,1.28983
2013.03.18 00:14:41.787,1.28977,1.28983
2013.03.18 00:14:42.339,1.28977,1.28983
2013.03.18 00:14:43.179,1.28977,1.28983
2013.03.18 00:14:43.899,1.28977,1.28983
2013.03.18 00:14:44.401,1.28978,1.28984
2013.03.18 00:14:45.469,1.28978,1.28984
2013.03.18 00:14:46.285,1.28982,1.28988
2013.03.18 00:14:46.349,1.28983,1.2899
2013.03.18 00:14:46.650,1.28985,1.28991
2013.03.18 00:14:47.940,1.28986,1.28992
2013.03.18 00:14:49.800,1.28987,1.28993
2013.03.18 00:14:50.709,1.28985,1.28993
2013.03.18 00:14:50.889,1.28988,1.28993
2013.03.18 00:14:51.551,1.28988,1.28995
2013.03.18 00:14:54.680,1.28988,1.28995
2013.03.18 00:14:57.230,1.28989,1.28995
2013.03.18 00:14:59.000,1.28989,1.28995
2013.03.18 00:14:59.509,1.28989,1.28995
2013.03.18 00:15:00.789,1.28989,1.28995
2013.03.18 00:15:06.229,1.28989,1.28995
2013.03.18 00:15:07.329,1.28989,1.28995
2013.03.18 00:15:08.269,1.28987,1.28995
2013.03.18 00:15:08.771,1.28987,1.28995
2013.03.18 00:15:09.310,1.28988,1.28995
2013.03.18 00:15:10.150,1.28988,1.28995
2013.03.18 00:15:10.690,1.28988,1.28994
2013.03.18 00:15:11.051,1.28993,1.28998
2013.03.18 00:15:11.589,1.28994,1.29001
2013.03.18 00:15:11.729,1.28994,1.29001
2013.03.18 00:15:13.220,1.28993,1.29
2013.03.18 00:15:13.699,1.28994,1.29
2013.03.18 00:15:14.919,1.28994,1.29
2013.03.18 00:15:16.079,1.28995,1.29001
2013.03.18 00:15:16.200,1.28996,1.29003
2013.03.18 00:15:16.319,1.28997,1.29003
2013.03.18 00:15:25.930,1.28997,1.29003
2013.03.18 00:15:27.199,1.28999,1.29004
2013.03.18 00:15:27.560,1.29001,1.29006
2013.03.18 00:15:27.680,1.29001,1.29006
2013.03.18 00:15:27.740,1.29006,1.29012
2013.03.18 00:15:27.799,1.29007,1.29012
2013.03.18 00:15:28.039,1.29008,1.29014
2013.03.18 00:15:28.280,1.29008,1.29014
2013.03.18 00:15:29.369,1.29009,1.29016
2013.03.18 00:15:30.111,1.2901,1.29016
2013.03.18 00:15:32.449,1.2901,1.29016
2013.03.18 00:15:32.509,1.2901,1.29017
2013.03.18 00:15:33.050,1.29011,1.29018
2013.03.18 00:15:33.470,1.29013,1.29018
2013.03.18 00:15:33.590,1.29014,1.2902
2013.03.18 00:15:34.151,1.29013,1.2902
2013.03.18 00:15:34.689,1.29013,1.2902
2013.03.18 00:15:35.610,1.29013,1.2902
2013.03.18 00:15:35.729,1.29013,1.29019
2013.03.18 00:15:36.650,1.29009,1.29014
2013.03.18 00:15:36.769,1.29007,1.29014
2013.03.18 00:15:36.829,1.29007,1.29012
2013.03.18 00:15:37.720,1.29007,1.29013
2013.03.18 00:15:38.280,1.29007,1.29012
2013.03.18 00:15:46.170,1.29007,1.29013
2013.03.18 00:15:46.229,1.29007,1.29013
2013.03.18 00:15:46.988,1.29007,1.29014
2013.03.18 00:15:48.419,1.29007,1.29014
2013.03.18 00:15:50.030,1.29007,1.29014
2013.03.18 00:15:50.599,1.29007,1.29015
2013.03.18 00:15:52.499,1.29008,1.29015
2013.03.18 00:15:54.469,1.29008,1.29016
2013.03.18 00:15:55.009,1.29007,1.29015
2013.03.18 00:15:57.519,1.29007,1.29014
2013.03.18 00:15:58.080,1.29007,1.29014
2013.03.18 00:15:59.050,1.29008,1.29015
2013.03.18 00:16:00.699,1.2901,1.29014
2013.03.18 00:16:00.760,1.2901,1.29018
2013.03.18 00:16:01.301,1.29012,1.29018
2013.03.18 00:16:01.360,1.29012,1.29018
2013.03.18 00:16:01.779,1.29014,1.29021
2013.03.18 00:16:03.089,1.29015,1.29021
2013.03.18 00:16:03.770,1.29015,1.29021
2013.03.18 00:16:03.950,1.29011,1.29017
2013.03.18 00:16:04.069,1.29011,1.29017
2013.03.18 00:16:05.172,1.29011,1.29016
2013.03.18 00:16:05.420,1.29015,1.29022
2013.03.18 00:16:05.481,1.29017,1.29022
2013.03.18 00:16:05.900,1.29018,1.29025
2013.03.18 00:16:06.019,1.29021,1.29026
2013.03.18 00:16:06.259,1.29021,1.29027
2013.03.18 00:16:06.379,1.2902,1.29027
2013.03.18 00:16:07.332,1.29022,1.29028
2013.03.18 00:16:07.404,1.29022,1.29028
2013.03.18 00:16:08.209,1.29023,1.29028
2013.03.18 00:16:08.329,1.29023,1.29028
2013.03.18 00:16:08.513,1.29025,1.29029
2013.03.18 00:16:08.630,1.29025,1.29029
2013.03.18 00:16:09.050,1.29021,1.29028
2013.03.18 00:16:09.109,1.2902,1.29028
2013.03.18 00:16:09.410,1.29018,1.29023
2013.03.18 00:16:09.590,1.29018,1.29022
2013.03.18 00:16:09.890,1.29015,1.29023
2013.03.18 00:16:10.190,1.29018,1.29023
2013.03.18 00:16:10.273,1.29019,1.29025
2013.03.18 00:16:10.340,1.29019,1.29025
2013.03.18 00:16:10.760,1.29019,1.29026
2013.03.18 00:16:11.269,1.29019,1.29027
2013.03.18 00:16:11.770,1.29019,1.29027
2013.03.18 00:16:12.549,1.2902,1.29027
2013.03.18 00:16:13.699,1.29019,1.29027
2013.03.18 00:16:15.379,1.29019,1.29026
2013.03.18 00:16:18.230,1.29019,1.29026
2013.03.18 00:16:18.590,1.29025,1.29029
2013.03.18 00:16:18.772,1.29023,1.29032
2013.03.18 00:16:19.369,1.29026,1.29032
2013.03.18 00:16:19.913,1.29026,1.29033
2013.03.18 00:16:20.610,1.29027,1.29034
2013.03.18 00:16:20.790,1.29027,1.29034
2013.03.18 00:16:21.149,1.29029,1.29033
2013.03.18 00:16:21.269,1.29029,1.29035
2013.03.18 00:16:21.819,1.29028,1.29035
2013.03.18 00:16:22.701,1.29029,1.29037
2013.03.18 00:16:23.719,1.29029,1.29037
2013.03.18 00:16:24.201,1.2903,1.29037
2013.03.18 00:16:24.660,1.29029,1.29037
2013.03.18 00:16:25.203,1.29027,1.29035
2013.03.18 00:16:26.070,1.29025,1.29035
2013.03.18 00:16:26.599,1.29026,1.29035
2013.03.18 00:16:30.680,1.29029,1.29034
2013.03.18 00:16:31.039,1.29028,1.29033
2013.03.18 00:16:31.160,1.29028,1.29035
2013.03.18 00:16:31.688,1.29026,1.29035
2013.03.18 00:16:32.239,1.29028,1.29035
2013.03.18 00:16:35.243,1.29028,1.29035
2013.03.18 00:16:42.400,1.29028,1.29036
2013.03.18 00:16:43.339,1.29028,1.29036
2013.03.18 00:16:44.841,1.29029,1.29036
2013.03.18 00:16:44.959,1.29029,1.29037
2013.03.18 00:16:45.489,1.29027,1.29035
2013.03.18 00:16:46.030,1.29027,1.29035
2013.03.18 00:16:46.149,1.29025,1.29033
2013.03.18 00:16:46.509,1.29025,1.29034
2013.03.18 00:16:47.049,1.29027,1.29035
2013.03.18 00:16:48.107,1.29027,1.29035
2013.03.18 00:16:49.270,1.29027,1.29035
2013.03.18 00:16:50.590,1.29027,1.29035
2013.03.18 00:16:51.130,1.29027,1.29035
2013.03.18 00:16:51.690,1.29028,1.29037
2013.03.18 00:16:53.399,1.29029,1.29037
2013.03.18 00:16:55.839,1.29029,1.29037
2013.03.18 00:16:56.519,1.29027,1.29036
2013.03.18 00:17:00.639,1.29028,1.29037
2013.03.18 00:17:02.239,1.29027,1.29036
2013.03.18 00:17:04.690,1.29027,1.29036
2013.03.18 00:17:05.278,1.29027,1.29036
2013.03.18 00:17:11.499,1.29027,1.29033
2013.03.18 00:17:11.679,1.29026,1.29032
2013.03.18 00:17:11.801,1.29022,1.29028
2013.03.18 00:17:12.340,1.29022,1.29029
2013.03.18 00:17:12.879,1.29024,1.2903
2013.03.18 00:17:13.540,1.29024,1.29031
2013.03.18 00:17:13.661,1.29024,1.29031
2013.03.18 00:17:14.201,1.29024,1.29031
2013.03.18 00:17:14.530,1.29021,1.29028
2013.03.18 00:17:15.086,1.29021,1.29029
2013.03.18 00:17:16.289,1.29021,1.29029
2013.03.18 00:17:18.140,1.29021,1.29028
2013.03.18 00:17:18.560,1.29021,1.29028
2013.03.18 00:17:18.679,1.29019,1.29026
2013.03.18 00:17:19.160,1.29019,1.29026
2013.03.18 00:17:19.281,1.29015,1.29023
2013.03.18 00:17:19.402,1.29015,1.29021
2013.03.18 00:17:19.462,1.29015,1.29019
2013.03.18 00:17:19.760,1.29013,1.29019
2013.03.18 00:17:19.942,1.29013,1.29019
2013.03.18 00:17:20.240,1.29014,1.29022
2013.03.18 00:17:20.600,1.29014,1.29021
2013.03.18 00:17:20.839,1.29014,1.29021
2013.03.18 00:17:21.735,1.29014,1.2902
2013.03.18 00:17:21.805,1.29012,1.29018
2013.03.18 00:17:22.229,1.29011,1.29017
2013.03.18 00:17:22.539,1.29011,1.29019
2013.03.18 00:17:22.599,1.29012,1.29018
2013.03.18 00:17:22.720,1.29014,1.29021
2013.03.18 00:17:22.840,1.29014,1.29022
2013.03.18 00:17:23.380,1.29016,1.29022
2013.03.18 00:17:23.501,1.29014,1.29023
2013.03.18 00:17:23.799,1.29015,1.29023
2013.03.18 00:17:24.310,1.29015,1.29024
2013.03.18 00:17:24.490,1.29014,1.29018
2013.03.18 00:17:24.730,1.29012,1.29019
2013.03.18 00:17:25.270,1.29011,1.29019
2013.03.18 00:17:25.799,1.29011,1.29017
2013.03.18 00:17:26.870,1.29008,1.29016
2013.03.18 00:17:27.170,1.29008,1.29016
2013.03.18 00:17:27.410,1.29008,1.29016
2013.03.18 00:17:28.251,1.29008,1.29014
2013.03.18 00:17:28.489,1.29006,1.29013
2013.03.18 00:17:29.030,1.29006,1.29013
2013.03.18 00:17:29.580,1.29006,1.29013
2013.03.18 00:17:29.640,1.29006,1.29012
2013.03.18 00:17:31.699,1.29005,1.29012
2013.03.18 00:17:32.651,1.29006,1.29014
2013.03.18 00:17:32.770,1.29006,1.29015
2013.03.18 00:17:34.251,1.29006,1.29014
2013.03.18 00:17:34.799,1.29006,1.29015
2013.03.18 00:17:45.380,1.29007,1.29015
2013.03.18 00:17:46.890,1.29007,1.29017
2013.03.18 00:17:47.429,1.29007,1.29015
2013.03.18 00:17:47.969,1.29007,1.29015
2013.03.18 00:17:48.528,1.29007,1.29015
2013.03.18 00:17:52.203,1.29007,1.29015
2013.03.18 00:17:53.189,1.29007,1.29016
2013.03.18 00:17:54.319,1.29007,1.29016
2013.03.18 00:18:05.499,1.29008,1.29016
2013.03.18 00:18:06.890,1.29011,1.29018
2013.03.18 00:18:07.250,1.29015,1.29022
2013.03.18 00:18:07.370,1.29015,1.29022
2013.03.18 00:18:07.549,1.2901,1.29018
2013.03.18 00:18:07.849,1.29007,1.29015
2013.03.18 00:18:08.390,1.29007,1.29015
2013.03.18 00:18:10.020,1.29007,1.29015
2013.03.18 00:18:17.140,1.29007,1.29015
2013.03.18 00:18:18.709,1.29007,1.29015
2013.03.18 00:18:23.400,1.29007,1.29015
2013.03.18 00:18:23.759,1.29006,1.29015
2013.03.18 00:18:23.940,1.29006,1.29015
2013.03.18 00:18:25.811,1.29005,1.29013
2013.03.18 00:18:26.446,1.29005,1.29013
2013.03.18 00:18:28.145,1.29005,1.29012
2013.03.18 00:18:28.569,1.29002,1.29009
2013.03.18 00:18:29.110,1.29002,1.29008
2013.03.18 00:18:29.350,1.29004,1.2901
2013.03.18 00:18:30.029,1.29003,1.29009
2013.03.18 00:18:30.570,1.29003,1.29008
2013.03.18 00:18:30.630,1.28999,1.29006
2013.03.18 00:18:31.079,1.28998,1.29005
2013.03.18 00:18:31.820,1.28998,1.29005
2013.03.18 00:18:31.880,1.28999,1.29006
2013.03.18 00:18:31.940,1.29001,1.29006
2013.03.18 00:18:32.480,1.29001,1.29008
2013.03.18 00:18:34.010,1.29004,1.29009
2013.03.18 00:18:34.252,1.29005,1.29013
2013.03.18 00:18:34.500,1.29005,1.29013
2013.03.18 00:18:34.634,1.29007,1.29015
2013.03.18 00:18:34.760,1.29006,1.29013
2013.03.18 00:18:34.820,1.29005,1.2901
2013.03.18 00:18:35.000,1.29002,1.29009
2013.03.18 00:18:35.059,1.29002,1.2901
2013.03.18 00:18:35.549,1.29004,1.29014
2013.03.18 00:18:36.090,1.29004,1.29014
2013.03.18 00:18:39.109,1.29006,1.29015
2013.03.18 00:18:39.229,1.29006,1.29015
2013.03.18 00:18:40.129,1.29006,1.29015
2013.03.18 00:18:41.392,1.29004,1.29013
2013.03.18 00:18:41.929,1.29004,1.29013
2013.03.18 00:18:44.040,1.29004,1.29013
2013.03.18 00:18:44.280,1.29004,1.29011
2013.03.18 00:18:44.519,1.29003,1.29009
2013.03.18 00:18:45.060,1.28999,1.29007
2013.03.18 00:18:45.180,1.29001,1.29009
2013.03.18 00:18:45.480,1.29005,1.29012
2013.03.18 00:18:51.709,1.29005,1.29013
2013.03.18 00:18:52.330,1.29005,1.29015
2013.03.18 00:18:55.180,1.29004,1.29013
2013.03.18 00:18:55.242,1.29003,1.29011
2013.03.18 00:18:55.360,1.29002,1.2901
2013.03.18 00:18:55.720,1.29002,1.29009
2013.03.18 00:18:56.569,1.29003,1.29009
2013.03.18 00:18:56.630,1.29004,1.29011
2013.03.18 00:18:56.929,1.29004,1.29011
2013.03.18 00:18:57.291,1.29001,1.29008
2013.03.18 00:18:58.230,1.29002,1.29008
2013.03.18 00:18:58.349,1.29003,1.29011
2013.03.18 00:18:58.470,1.29003,1.29012
2013.03.18 00:18:59.860,1.29006,1.29013
2013.03.18 00:19:00.051,1.29007,1.29016
2013.03.18 00:19:00.110,1.29007,1.29017
2013.03.18 00:19:00.232,1.2901,1.29018
2013.03.18 00:19:00.471,1.2901,1.29018
2013.03.18 00:19:00.590,1.29009,1.29015
2013.03.18 00:19:00.891,1.29008,1.29013
2013.03.18 00:19:01.440,1.29004,1.29013
2013.03.18 00:19:02.781,1.29003,1.29013
2013.03.18 00:19:04.152,1.29003,1.29013
2013.03.18 00:19:04.210,1.29003,1.29012
2013.03.18 00:19:04.749,1.29003,1.29011
2013.03.18 00:19:05.750,1.29003,1.29011
2013.03.18 00:19:06.260,1.29002,1.29011
2013.03.18 00:19:06.860,1.29003,1.29011
2013.03.18 00:19:07.420,1.29002,1.29009
2013.03.18 00:19:07.959,1.29002,1.29009
2013.03.18 00:19:08.610,1.29002,1.2901
2013.03.18 00:19:10.139,1.29001,1.29009
2013.03.18 00:19:10.440,1.28997,1.29005
2013.03.18 00:19:10.680,1.28997,1.29005
2013.03.18 00:19:11.281,1.28996,1.29004
2013.03.18 00:19:12.499,1.28996,1.29004
2013.03.18 00:19:14.680,1.28996,1.29004
2013.03.18 00:19:16.815,1.28996,1.29005
2013.03.18 00:19:20.533,1.28997,1.29005
2013.03.18 00:19:21.040,1.28995,1.29005
2013.03.18 00:19:23.990,1.28995,1.29003
2013.03.18 00:19:24.590,1.28995,1.29005
2013.03.18 00:19:25.230,1.28997,1.29005
2013.03.18 00:19:25.770,1.28997,1.29006
2013.03.18 00:19:27.170,1.29001,1.29005
2013.03.18 00:19:27.291,1.29002,1.29007
2013.03.18 00:19:27.530,1.29003,1.29012
2013.03.18 00:19:27.650,1.29004,1.29012
2013.03.18 00:19:29.930,1.29004,1.29012
2013.03.18 00:19:30.551,1.29007,1.29012
2013.03.18 00:19:30.610,1.29007,1.29014
2013.03.18 00:19:30.970,1.29006,1.29014
2013.03.18 00:19:31.090,1.29005,1.29014
2013.03.18 00:19:32.290,1.29011,1.29014
2013.03.18 00:19:32.530,1.29012,1.29016
2013.03.18 00:19:32.590,1.29014,1.29022
2013.03.18 00:19:32.650,1.29015,1.29023
2013.03.18 00:19:33.071,1.29017,1.29025
2013.03.18 00:19:33.429,1.29017,1.29025
2013.03.18 00:19:33.730,1.29014,1.29019
2013.03.18 00:19:33.850,1.29014,1.29019
2013.03.18 00:19:33.969,1.29014,1.29019
2013.03.18 00:19:34.524,1.29014,1.29019
2013.03.18 00:19:35.049,1.29011,1.29017
2013.03.18 00:19:35.589,1.29011,1.29019
2013.03.18 00:19:35.890,1.29011,1.2902
2013.03.18 00:19:36.011,1.29009,1.29017
2013.03.18 00:19:37.751,1.29008,1.29016
2013.03.18 00:19:38.800,1.29007,1.29016
2013.03.18 00:19:39.450,1.29007,1.29016
2013.03.18 00:19:39.523,1.2901,1.29017
2013.03.18 00:19:39.703,1.2901,1.29017
2013.03.18 00:19:40.061,1.29013,1.29019
2013.03.18 00:19:40.180,1.29012,1.29021
2013.03.18 00:19:40.719,1.29013,1.29021
2013.03.18 00:19:40.900,1.29012,1.29018
2013.03.18 00:19:41.140,1.29008,1.29016
2013.03.18 00:19:41.682,1.29006,1.29014
2013.03.18 00:19:42.241,1.29006,1.29012
2013.03.18 00:19:42.300,1.29004,1.2901
2013.03.18 00:19:42.359,1.29004,1.29012
2013.03.18 00:19:42.540,1.29004,1.2901
2013.03.18 00:19:43.080,1.29007,1.2901
2013.03.18 00:19:43.500,1.29007,1.29012
2013.03.18 00:19:43.560,1.29007,1.29012
2013.03.18 00:19:43.861,1.29013,1.29017
2013.03.18 00:19:44.101,1.29019,1.29024
2013.03.18 00:19:44.220,1.29021,1.29027
2013.03.18 00:19:44.460,1.29018,1.29024
2013.03.18 00:19:44.700,1.29021,1.29027
2013.03.18 00:19:44.881,1.29023,1.2903
2013.03.18 00:19:44.999,1.29023,1.2903
2013.03.18 00:19:45.300,1.29027,1.2903
2013.03.18 00:19:45.851,1.29027,1.2903
2013.03.18 00:19:46.470,1.29027,1.29031
2013.03.18 00:19:47.250,1.29027,1.29033
2013.03.18 00:19:48.411,1.29027,1.29032
2013.03.18 00:19:48.929,1.29027,1.29033
2013.03.18 00:19:55.280,1.29027,1.29033
2013.03.18 00:19:56.773,1.29028,1.29033
2013.03.18 00:19:56.841,1.29031,1.29035
2013.03.18 00:19:57.143,1.29034,1.29039
2013.03.18 00:19:57.211,1.29035,1.2904
2013.03.18 00:19:57.389,1.29036,1.29042
2013.03.18 00:19:57.690,1.29033,1.2904
2013.03.18 00:19:57.750,1.29031,1.29038
2013.03.18 00:19:57.991,1.29031,1.29035
2013.03.18 00:19:58.650,1.29029,1.29034
2013.03.18 00:19:58.710,1.29028,1.29034
2013.03.18 00:19:59.366,1.29028,1.29034
2013.03.18 00:19:59.871,1.29028,1.29034
2013.03.18 00:20:00.361,1.29026,1.29033
2013.03.18 00:20:00.422,1.29024,1.29031
2013.03.18 00:20:00.659,1.29024,1.2903
2013.03.18 00:20:01.801,1.29025,1.29031
2013.03.18 00:20:02.220,1.29026,1.29033
2013.03.18 00:20:02.759,1.29026,1.29033
2013.03.18 00:20:07.180,1.29026,1.29033
2013.03.18 00:20:07.361,1.29025,1.29031
2013.03.18 00:20:07.600,1.29028,1.29035
2013.03.18 00:20:07.660,1.29029,1.29036
2013.03.18 00:20:08.020,1.29027,1.29035
2013.03.18 00:20:08.080,1.29027,1.29036
2013.03.18 00:20:08.200,1.29027,1.29036
2013.03.18 00:20:08.740,1.29027,1.29035
2013.03.18 00:20:09.260,1.29027,1.29035
2013.03.18 00:20:11.521,1.29029,1.29035
2013.03.18 00:20:12.360,1.29029,1.29035
2013.03.18 00:20:12.901,1.29028,1.29035
2013.03.18 00:20:13.501,1.29029,1.29032
2013.03.18 00:20:18.292,1.29027,1.29033
2013.03.18 00:20:18.352,1.29026,1.29031
2013.03.18 00:20:18.412,1.29025,1.2903
2013.03.18 00:20:18.930,1.29025,1.2903
2013.03.18 00:20:20.270,1.29025,1.2903
2013.03.18 00:20:21.520,1.29025,1.2903
2013.03.18 00:20:22.030,1.29025,1.29031
2013.03.18 00:20:22.701,1.29027,1.29031
2013.03.18 00:20:22.773,1.29027,1.29033
2013.03.18 00:20:23.550,1.29027,1.29034
2013.03.18 00:20:23.670,1.29028,1.29034
2013.03.18 00:20:23.851,1.29033,1.29039
2013.03.18 00:20:23.971,1.2903,1.29038
2013.03.18 00:20:24.091,1.29029,1.29035
2013.03.18 00:20:25.112,1.29028,1.29035
2013.03.18 00:20:25.829,1.29028,1.29035
2013.03.18 00:20:26.830,1.29029,1.29035
2013.03.18 00:20:26.890,1.2903,1.29035
2013.03.18 00:20:27.250,1.29034,1.2904
2013.03.18 00:20:27.310,1.2903,1.2904
2013.03.18 00:20:27.370,1.29032,1.2904
2013.03.18 00:20:27.850,1.29031,1.29039
2013.03.18 00:20:28.090,1.2903,1.29037
2013.03.18 00:20:28.800,1.29029,1.29035
2013.03.18 00:20:29.531,1.29029,1.29035
2013.03.18 00:20:31.952,1.29029,1.29036
2013.03.18 00:20:32.331,1.2903,1.29037
2013.03.18 00:20:32.390,1.29031,1.29037
2013.03.18 00:20:32.809,1.29032,1.29039
2013.03.18 00:20:32.869,1.29032,1.29039
2013.03.18 00:20:33.111,1.29034,1.2904
2013.03.18 00:20:33.711,1.29035,1.29041
2013.03.18 00:20:34.440,1.29035,1.29042
2013.03.18 00:20:34.760,1.29035,1.29042
2013.03.18 00:20:37.100,1.29035,1.29042
2013.03.18 00:20:39.400,1.29035,1.29042
2013.03.18 00:20:39.939,1.29035,1.29041
2013.03.18 00:20:41.110,1.29035,1.2904
2013.03.18 00:20:42.380,1.29035,1.2904
2013.03.18 00:20:42.440,1.29035,1.2904
2013.03.18 00:20:43.174,1.29032,1.29038
2013.03.18 00:20:43.247,1.29029,1.29035
2013.03.18 00:20:44.001,1.29029,1.29035
2013.03.18 00:20:49.020,1.29029,1.29035
2013.03.18 00:20:49.080,1.29032,1.29036
2013.03.18 00:20:49.201,1.29032,1.29038
2013.03.18 00:20:49.681,1.29034,1.29038
2013.03.18 00:20:49.740,1.29034,1.29039
2013.03.18 00:20:49.860,1.29036,1.29043
2013.03.18 00:20:50.400,1.29038,1.29043
2013.03.18 00:20:52.460,1.29036,1.29043
2013.03.18 00:20:54.140,1.29036,1.29042
2013.03.18 00:20:54.880,1.29036,1.29042
2013.03.18 00:20:55.430,1.29036,1.29042
2013.03.18 00:20:56.030,1.29036,1.2905
2013.03.18 00:20:57.140,1.29035,1.29041
2013.03.18 00:20:57.641,1.29035,1.29043
2013.03.18 00:20:58.240,1.29035,1.29043
2013.03.18 00:20:58.662,1.29035,1.29042
2013.03.18 00:20:59.960,1.29035,1.29041
2013.03.18 00:21:00.516,1.29035,1.29041
2013.03.18 00:21:01.995,1.29035,1.29041
2013.03.18 00:21:02.241,1.29038,1.29046
2013.03.18 00:21:02.480,1.29042,1.29048
2013.03.18 00:21:02.540,1.29043,1.29049
2013.03.18 00:21:02.841,1.29045,1.29051
2013.03.18 00:21:03.201,1.29043,1.29051
2013.03.18 00:21:03.741,1.29042,1.29049
2013.03.18 00:21:03.920,1.29042,1.2905
2013.03.18 00:21:04.460,1.29042,1.2905
2013.03.18 00:21:07.590,1.29044,1.29051
2013.03.18 00:21:08.011,1.29046,1.29054
2013.03.18 00:21:08.696,1.2905,1.29055
2013.03.18 00:21:10.930,1.29048,1.29056
2013.03.18 00:21:13.850,1.29048,1.29057
2013.03.18 00:21:13.970,1.29052,1.29058
2013.03.18 00:21:14.210,1.29052,1.29058
2013.03.18 00:21:14.390,1.29054,1.2906
2013.03.18 00:21:14.512,1.29057,1.29063
2013.03.18 00:21:14.570,1.29057,1.29064
2013.03.18 00:21:14.932,1.29057,1.29065
2013.03.18 00:21:15.863,1.29057,1.29065
2013.03.18 00:21:16.821,1.29057,1.29065
2013.03.18 00:21:17.550,1.29055,1.29064
2013.03.18 00:21:18.090,1.29055,1.29064
2013.03.18 00:21:18.330,1.29057,1.29065
2013.03.18 00:21:21.047,1.29057,1.29065
2013.03.18 00:21:22.361,1.29057,1.29064
2013.03.18 00:21:22.900,1.29055,1.29063
2013.03.18 00:21:22.960,1.29055,1.29064
2013.03.18 00:21:24.190,1.29056,1.29063
2013.03.18 00:21:25.190,1.29055,1.29063
2013.03.18 00:21:26.111,1.29055,1.29063
2013.03.18 00:21:26.590,1.29055,1.29063
2013.03.18 00:21:27.200,1.29055,1.2906
2013.03.18 00:21:27.450,1.29052,1.29058
2013.03.18 00:21:27.570,1.29049,1.29057
2013.03.18 00:21:27.930,1.29051,1.29058
2013.03.18 00:21:28.290,1.29053,1.29062
2013.03.18 00:21:29.770,1.29056,1.29063
2013.03.18 00:21:32.250,1.29054,1.29062
2013.03.18 00:21:34.101,1.29054,1.29061
2013.03.18 00:21:34.221,1.29054,1.29062
2013.03.18 00:21:35.754,1.29054,1.29059
2013.03.18 00:21:36.311,1.29052,1.29058
2013.03.18 00:21:36.431,1.29051,1.29058
2013.03.18 00:21:36.970,1.29052,1.29061
2013.03.18 00:21:37.090,1.29056,1.29062
2013.03.18 00:21:37.910,1.29058,1.29065
2013.03.18 00:21:38.090,1.29057,1.29065
2013.03.18 00:21:38.630,1.29057,1.29064
2013.03.18 00:21:39.340,1.29057,1.29063
2013.03.18 00:21:40.061,1.29057,1.29063
2013.03.18 00:21:40.243,1.29056,1.29063
2013.03.18 00:21:41.332,1.29055,1.29063
2013.03.18 00:21:41.881,1.29057,1.29063
2013.03.18 00:21:42.750,1.29057,1.2906
2013.03.18 00:21:42.990,1.29053,1.29062
2013.03.18 00:21:43.530,1.29053,1.29061
2013.03.18 00:21:43.831,1.29054,1.29059
2013.03.18 00:21:44.190,1.29052,1.2906
2013.03.18 00:21:44.251,1.29051,1.29059
2013.03.18 00:21:44.370,1.2905,1.29059
2013.03.18 00:21:44.551,1.2905,1.29057
2013.03.18 00:21:44.790,1.29049,1.29057
2013.03.18 00:21:45.330,1.29043,1.29052
2013.03.18 00:21:45.510,1.29044,1.29052
2013.03.18 00:21:47.291,1.29044,1.29052
2013.03.18 00:21:47.480,1.29044,1.29052
2013.03.18 00:21:47.720,1.29044,1.29052
2013.03.18 00:21:48.291,1.29041,1.29046
2013.03.18 00:21:48.771,1.29042,1.29046
2013.03.18 00:21:48.890,1.29042,1.29051
2013.03.18 00:21:49.310,1.29043,1.29052
2013.03.18 00:21:49.850,1.29043,1.29053
2013.03.18 00:21:51.370,1.29043,1.29053
2013.03.18 00:21:51.672,1.29044,1.29051
2013.03.18 00:21:51.731,1.29043,1.2905
2013.03.18 00:21:52.150,1.29037,1.29043
2013.03.18 00:21:52.392,1.29036,1.29045
2013.03.18 00:21:52.570,1.29041,1.29047
2013.03.18 00:21:53.870,1.29041,1.29048
2013.03.18 00:21:53.991,1.29042,1.29048
2013.03.18 00:21:54.410,1.29042,1.29046
2013.03.18 00:21:54.592,1.29037,1.29044
2013.03.18 00:21:55.130,1.29034,1.29042
2013.03.18 00:21:55.609,1.29034,1.29041
2013.03.18 00:21:56.340,1.29034,1.29041
2013.03.18 00:21:56.641,1.29035,1.29042
2013.03.18 00:21:57.186,1.29035,1.29042
2013.03.18 00:21:59.771,1.29036,1.29044
2013.03.18 00:22:00.991,1.29037,1.29044
2013.03.18 00:22:01.290,1.29037,1.29045
2013.03.18 00:22:01.710,1.29037,1.29046
2013.03.18 00:22:02.345,1.29039,1.29047
2013.03.18 00:22:02.720,1.29037,1.29045
2013.03.18 00:22:03.269,1.29037,1.29045
2013.03.18 00:22:03.811,1.29037,1.29046
2013.03.18 00:22:04.171,1.29039,1.29046
2013.03.18 00:22:04.531,1.29038,1.29047
2013.03.18 00:22:04.590,1.29038,1.29046
2013.03.18 00:22:05.251,1.2904,1.29046
2013.03.18 00:22:05.610,1.29045,1.29053
2013.03.18 00:22:06.150,1.29045,1.29053
2013.03.18 00:22:07.979,1.29045,1.29053
2013.03.18 00:22:09.182,1.29045,1.29053
2013.03.18 00:22:09.242,1.29044,1.29052
2013.03.18 00:22:09.781,1.29044,1.29052
2013.03.18 00:22:11.141,1.29044,1.29052
2013.03.18 00:22:11.671,1.29044,1.29052
2013.03.18 00:22:12.751,1.29044,1.29049
2013.03.18 00:22:13.052,1.2904,1.29048
2013.03.18 00:22:13.171,1.29039,1.29044
2013.03.18 00:22:13.590,1.29037,1.29044
2013.03.18 00:22:14.661,1.29037,1.29046
2013.03.18 00:22:15.021,1.29041,1.29047
2013.03.18 00:22:15.380,1.29045,1.2905
2013.03.18 00:22:15.500,1.29043,1.2905
2013.03.18 00:22:15.561,1.29043,1.29051
2013.03.18 00:22:15.621,1.29042,1.29049
2013.03.18 00:22:15.862,1.29039,1.29046
2013.03.18 00:22:16.100,1.29039,1.29046
2013.03.18 00:22:16.160,1.29039,1.29046
2013.03.18 00:22:16.281,1.29039,1.29046
2013.03.18 00:22:16.770,1.29037,1.29044
2013.03.18 00:22:17.401,1.29037,1.29045
2013.03.18 00:22:19.220,1.29039,1.29047
2013.03.18 00:22:19.580,1.29041,1.29047
2013.03.18 00:22:19.822,1.29044,1.29051
2013.03.18 00:22:19.941,1.29046,1.29053
2013.03.18 00:22:20.757,1.29046,1.29058
2013.03.18 00:22:20.940,1.29048,1.29058
2013.03.18 00:22:21.620,1.29047,1.29058
2013.03.18 00:22:24.901,1.29046,1.29056
2013.03.18 00:22:25.462,1.29046,1.29055
2013.03.18 00:22:26.570,1.29046,1.29055
2013.03.18 00:22:28.211,1.29049,1.29057
2013.03.18 00:22:28.451,1.29052,1.29059
2013.03.18 00:22:28.631,1.29053,1.29059
2013.03.18 00:22:28.811,1.29049,1.29057
2013.03.18 00:22:29.110,1.29049,1.29057
2013.03.18 00:22:29.171,1.29046,1.29056
2013.03.18 00:22:29.231,1.29046,1.29056
2013.03.18 00:22:29.530,1.29047,1.29057
2013.03.18 00:22:30.070,1.29047,1.29057
2013.03.18 00:22:31.022,1.29046,1.29057
2013.03.18 00:22:32.240,1.29052,1.29058
2013.03.18 00:22:32.561,1.29054,1.29063
2013.03.18 00:22:32.801,1.29052,1.2906
2013.03.18 00:22:32.983,1.2905,1.29058
2013.03.18 00:22:33.161,1.29048,1.29056
2013.03.18 00:22:34.106,1.29047,1.29058
2013.03.18 00:22:34.611,1.29049,1.29057
2013.03.18 00:22:34.970,1.29054,1.29058
2013.03.18 00:22:35.210,1.29056,1.29062
2013.03.18 00:22:35.330,1.29056,1.29063
2013.03.18 00:22:35.820,1.29056,1.29063
2013.03.18 00:22:35.941,1.29052,1.29059
2013.03.18 00:22:36.061,1.29051,1.29059
2013.03.18 00:22:36.311,1.29052,1.29062
2013.03.18 00:22:36.490,1.29055,1.29063
2013.03.18 00:22:42.040,1.29055,1.29064
2013.03.18 00:22:43.081,1.29054,1.29063
2013.03.18 00:22:43.440,1.29053,1.29063
2013.03.18 00:22:43.980,1.29053,1.29061
2013.03.18 00:22:47.250,1.29053,1.29061
2013.03.18 00:22:47.370,1.29054,1.29063
2013.03.18 00:22:47.550,1.29054,1.29062
2013.03.18 00:22:48.803,1.29054,1.29062
2013.03.18 00:22:50.563,1.29054,1.29062
2013.03.18 00:22:50.750,1.29052,1.29059
2013.03.18 00:22:50.934,1.29052,1.29059
2013.03.18 00:22:51.061,1.29052,1.29059
2013.03.18 00:22:51.241,1.29051,1.29059
2013.03.18 00:22:51.420,1.29052,1.29059
2013.03.18 00:22:51.541,1.29053,1.29059
2013.03.18 00:22:51.850,1.29053,1.29059
2013.03.18 00:22:53.271,1.29052,1.29061
2013.03.18 00:22:53.452,1.29049,1.29058
2013.03.18 00:22:53.511,1.29049,1.29055
2013.03.18 00:22:53.691,1.29045,1.29054
2013.03.18 00:22:53.811,1.29046,1.29055
2013.03.18 00:22:54.606,1.29045,1.29053
2013.03.18 00:22:58.701,1.29047,1.29053
2013.03.18 00:22:59.061,1.29047,1.29054
2013.03.18 00:23:05.030,1.29048,1.29057
2013.03.18 00:23:05.150,1.29047,1.29055
2013.03.18 00:23:05.811,1.29048,1.29056
2013.03.18 00:23:06.140,1.29048,1.29056
2013.03.18 00:23:09.350,1.29047,1.29055
2013.03.18 00:23:10.313,1.2905,1.29058
2013.03.18 00:23:11.910,1.2905,1.29058
2013.03.18 00:23:12.271,1.29054,1.2906
2013.03.18 00:23:12.821,1.29054,1.2906
2013.03.18 00:23:13.360,1.29054,1.29061
2013.03.18 00:23:13.975,1.29054,1.2906
2013.03.18 00:23:14.341,1.29054,1.2906
2013.03.18 00:23:14.521,1.29057,1.29063
2013.03.18 00:23:14.580,1.29057,1.29063
2013.03.18 00:23:14.641,1.29057,1.29063
2013.03.18 00:23:17.258,1.29056,1.29064
2013.03.18 00:23:17.811,1.29053,1.29061
2013.03.18 00:23:18.112,1.29048,1.29055
2013.03.18 00:23:18.470,1.29045,1.29053
2013.03.18 00:23:18.780,1.29045,1.29053
2013.03.18 00:23:20.480,1.29045,1.29053
2013.03.18 00:23:21.150,1.29046,1.29053
2013.03.18 00:23:21.760,1.29047,1.29055
2013.03.18 00:23:24.891,1.29047,1.29054
2013.03.18 00:23:26.650,1.29047,1.29055
2013.03.18 00:23:29.270,1.29047,1.29053
2013.03.18 00:23:30.969,1.29049,1.29055
2013.03.18 00:23:39.300,1.29048,1.29055
2013.03.18 00:23:43.394,1.29048,1.29055
2013.03.18 00:23:44.205,1.29047,1.29055
2013.03.18 00:23:51.170,1.29047,1.29056
2013.03.18 00:23:51.821,1.29048,1.29056
2013.03.18 00:23:52.540,1.29048,1.29056
2013.03.18 00:23:53.090,1.29048,1.29056
2013.03.18 00:23:54.041,1.29046,1.29054
2013.03.18 00:23:54.580,1.29046,1.29054
2013.03.18 00:23:55.373,1.29047,1.29054
2013.03.18 00:23:55.691,1.29041,1.29049
2013.03.18 00:23:55.931,1.29039,1.29047
2013.03.18 00:23:56.121,1.29039,1.29048
2013.03.18 00:23:57.490,1.2904,1.29049
2013.03.18 00:23:58.280,1.29041,1.29049
2013.03.18 00:23:58.520,1.29042,1.2905
2013.03.18 00:23:58.880,1.29044,1.29052
2013.03.18 00:23:59.420,1.29044,1.29051
2013.03.18 00:24:01.551,1.29044,1.29053
2013.03.18 00:24:04.380,1.29043,1.29051
2013.03.18 00:24:05.466,1.29044,1.29051
2013.03.18 00:24:05.993,1.29044,1.29051
2013.03.18 00:24:06.360,1.29046,1.29054
2013.03.18 00:24:06.910,1.29047,1.29053
2013.03.18 00:24:07.427,1.29047,1.29055
2013.03.18 00:24:07.741,1.29051,1.29056
2013.03.18 00:24:08.100,1.29047,1.29054
2013.03.18 00:24:08.221,1.29047,1.29054
2013.03.18 00:24:08.827,1.29045,1.29053
2013.03.18 00:24:09.421,1.29046,1.29053
2013.03.18 00:24:09.662,1.29047,1.29053
2013.03.18 00:24:10.340,1.29047,1.29053
2013.03.18 00:24:10.845,1.29048,1.29053
2013.03.18 00:24:14.020,1.29051,1.29055
2013.03.18 00:24:14.140,1.29049,1.29055
2013.03.18 00:24:14.680,1.29048,1.29054
2013.03.18 00:24:16.581,1.2905,1.29055
2013.03.18 00:24:18.202,1.29046,1.29054
2013.03.18 00:24:18.561,1.29045,1.29053
2013.03.18 00:24:20.170,1.29046,1.29053
2013.03.18 00:24:21.750,1.29047,1.29053
2013.03.18 00:24:22.290,1.29047,1.29053
2013.03.18 00:24:28.060,1.29047,1.29053
2013.03.18 00:24:28.600,1.29045,1.29054
2013.03.18 00:24:39.830,1.29045,1.29053
2013.03.18 00:24:41.710,1.29045,1.29052
2013.03.18 00:24:43.630,1.29045,1.29053
2013.03.18 00:24:46.720,1.29047,1.29055
2013.03.18 00:24:47.391,1.29048,1.29056
2013.03.18 00:24:49.460,1.29049,1.29056
2013.03.18 00:24:49.940,1.29053,1.29059
2013.03.18 00:24:50.241,1.29051,1.29057
2013.03.18 00:24:50.361,1.2905,1.29056
2013.03.18 00:24:51.080,1.29049,1.29055
2013.03.18 00:24:51.200,1.29049,1.29055
2013.03.18 00:24:52.210,1.29048,1.29056
2013.03.18 00:24:52.330,1.29048,1.29056
2013.03.18 00:24:52.950,1.29048,1.29056
2013.03.18 00:24:57.841,1.29049,1.29056
2013.03.18 00:24:58.200,1.29051,1.29058
2013.03.18 00:24:58.320,1.29052,1.29058
2013.03.18 00:24:59.231,1.29051,1.29058
2013.03.18 00:24:59.770,1.29051,1.29059
2013.03.18 00:25:01.500,1.29053,1.29059
2013.03.18 00:25:01.801,1.29057,1.29061
2013.03.18 00:25:02.340,1.29057,1.29064
2013.03.18 00:25:02.580,1.29058,1.29064
2013.03.18 00:25:02.760,1.2906,1.29066
2013.03.18 00:25:03.341,1.2906,1.29068
2013.03.18 00:25:05.220,1.29059,1.29068
2013.03.18 00:25:05.400,1.2906,1.29068
2013.03.18 00:25:05.651,1.29059,1.29067
2013.03.18 00:25:06.198,1.2906,1.29067
2013.03.18 00:25:06.941,1.2906,1.29066
2013.03.18 00:25:07.481,1.29058,1.29066
2013.03.18 00:25:09.200,1.29058,1.29066
2013.03.18 00:25:10.061,1.29058,1.29065
2013.03.18 00:25:16.282,1.29058,1.29066
2013.03.18 00:25:27.516,1.29058,1.29066
2013.03.18 00:25:28.272,1.2906,1.29067
2013.03.18 00:25:28.390,1.2906,1.29067
2013.03.18 00:25:28.930,1.2906,1.29067
2013.03.18 00:25:30.911,1.2906,1.29068
2013.03.18 00:25:31.031,1.2906,1.29067
2013.03.18 00:25:31.460,1.29058,1.29065
2013.03.18 00:25:33.090,1.29058,1.29065
2013.03.18 00:25:35.833,1.29059,1.29065
2013.03.18 00:25:35.904,1.29057,1.29061
2013.03.18 00:25:36.031,1.29053,1.29061
2013.03.18 00:25:36.950,1.29053,1.29061
2013.03.18 00:25:39.400,1.29054,1.29062
2013.03.18 00:25:39.761,1.29056,1.29062
2013.03.18 00:25:42.371,1.29058,1.29062
2013.03.18 00:25:42.431,1.29058,1.29064
2013.03.18 00:25:42.492,1.29062,1.29066
2013.03.18 00:25:42.972,1.29062,1.29069
2013.03.18 00:25:43.031,1.29061,1.29068
2013.03.18 00:25:43.331,1.2906,1.29066
2013.03.18 00:25:43.391,1.2906,1.29065
2013.03.18 00:25:43.870,1.29059,1.29067
2013.03.18 00:25:44.931,1.2906,1.29067
2013.03.18 00:25:44.992,1.29058,1.29064
2013.03.18 00:25:45.471,1.29057,1.29064
2013.03.18 00:25:46.052,1.29057,1.29064
2013.03.18 00:25:48.561,1.29056,1.29064
2013.03.18 00:25:48.741,1.29056,1.29062
2013.03.18 00:25:49.161,1.29054,1.29061
2013.03.18 00:25:55.671,1.29054,1.2906
2013.03.18 00:26:07.091,1.29054,1.29062
2013.03.18 00:26:09.312,1.29057,1.29062
2013.03.18 00:26:09.372,1.29057,1.29065
2013.03.18 00:26:09.911,1.29057,1.29065
2013.03.18 00:26:10.451,1.29057,1.29064
2013.03.18 00:26:10.570,1.29057,1.29063
2013.03.18 00:26:11.110,1.29055,1.29062
2013.03.18 00:26:11.341,1.29054,1.2906
2013.03.18 00:26:11.870,1.29054,1.2906
2013.03.18 00:26:13.540,1.29053,1.2906
2013.03.18 00:26:13.602,1.29052,1.29055
2013.03.18 00:26:13.721,1.29049,1.29055
2013.03.18 00:26:13.781,1.29049,1.29054
2013.03.18 00:26:14.021,1.29046,1.29054
2013.03.18 00:26:14.081,1.29046,1.29054
2013.03.18 00:26:14.321,1.29048,1.29054
2013.03.18 00:26:14.681,1.29048,1.29054
2013.03.18 00:26:15.042,1.29048,1.29054
2013.03.18 00:26:15.280,1.29045,1.29054
2013.03.18 00:26:16.098,1.29046,1.29053
2013.03.18 00:26:16.730,1.29046,1.29054
2013.03.18 00:26:24.470,1.29046,1.29054
2013.03.18 00:26:27.641,1.29048,1.29054
2013.03.18 00:26:27.942,1.2905,1.29055
2013.03.18 00:26:28.062,1.2905,1.29055
2013.03.18 00:26:28.240,1.29048,1.29055
2013.03.18 00:26:28.481,1.29049,1.29055
2013.03.18 00:26:29.010,1.29049,1.29055
2013.03.18 00:26:29.550,1.29049,1.29054
2013.03.18 00:26:29.671,1.29052,1.29058
2013.03.18 00:26:29.851,1.29052,1.29059
2013.03.18 00:26:30.331,1.29054,1.29061
2013.03.18 00:26:30.870,1.29055,1.29062
2013.03.18 00:26:32.511,1.29057,1.29063
2013.03.18 00:26:36.411,1.29057,1.29063
2013.03.18 00:26:36.950,1.29057,1.29063
2013.03.18 00:26:38.310,1.29057,1.29063
2013.03.18 00:26:42.000,1.29057,1.29063
2013.03.18 00:26:44.591,1.29057,1.29063
2013.03.18 00:26:45.209,1.29055,1.2906
2013.03.18 00:26:46.221,1.29055,1.2906
2013.03.18 00:26:46.756,1.29056,1.2906
2013.03.18 00:26:50.192,1.29055,1.29061
2013.03.18 00:26:50.711,1.29055,1.2906
2013.03.18 00:26:54.231,1.29054,1.2906
2013.03.18 00:26:54.781,1.29054,1.29059
2013.03.18 00:26:57.241,1.29052,1.29058
2013.03.18 00:26:58.651,1.29053,1.29059
2013.03.18 00:26:58.771,1.29054,1.29059
2013.03.18 00:27:00.150,1.29054,1.29059
2013.03.18 00:27:00.651,1.29055,1.29063
2013.03.18 00:27:00.710,1.29055,1.29063
2013.03.18 00:27:00.771,1.29056,1.29061
2013.03.18 00:27:00.830,1.29056,1.29062
2013.03.18 00:27:01.371,1.29058,1.29064
2013.03.18 00:27:01.941,1.29056,1.29062
2013.03.18 00:27:02.422,1.29057,1.29064
2013.03.18 00:27:03.072,1.29058,1.29064
2013.03.18 00:27:03.762,1.29059,1.29064
2013.03.18 00:27:06.203,1.2906,1.29066
2013.03.18 00:27:06.290,1.29062,1.29068
2013.03.18 00:27:06.352,1.29063,1.29068
2013.03.18 00:27:06.471,1.29063,1.29068
2013.03.18 00:27:06.593,1.29063,1.29069
2013.03.18 00:27:07.441,1.29063,1.2907
2013.03.18 00:27:07.681,1.29063,1.29067
2013.03.18 00:27:07.860,1.29063,1.29069
2013.03.18 00:27:09.822,1.29063,1.29069
2013.03.18 00:27:09.881,1.29063,1.29067
2013.03.18 00:27:10.001,1.29063,1.29068
2013.03.18 00:27:10.061,1.29064,1.29069
2013.03.18 00:27:10.301,1.29063,1.29073
2013.03.18 00:27:10.603,1.29063,1.29069
2013.03.18 00:27:10.842,1.29061,1.29069
2013.03.18 00:27:10.911,1.29061,1.29069
2013.03.18 00:27:10.973,1.2906,1.29069
2013.03.18 00:27:11.151,1.29057,1.29065
2013.03.18 00:27:11.333,1.29057,1.29066
2013.03.18 00:27:12.741,1.29056,1.29064
2013.03.18 00:27:13.801,1.29055,1.29062
2013.03.18 00:27:16.392,1.29055,1.29061
2013.03.18 00:27:16.511,1.29054,1.2906
2013.03.18 00:27:16.811,1.29057,1.2906
2013.03.18 00:27:16.871,1.29054,1.29059
2013.03.18 00:27:17.290,1.29051,1.29057
2013.03.18 00:27:17.470,1.29049,1.29055
2013.03.18 00:27:18.011,1.29049,1.29057
2013.03.18 00:27:18.531,1.29052,1.29057
2013.03.18 00:27:19.746,1.29052,1.29057
2013.03.18 00:27:20.524,1.29052,1.29058
2013.03.18 00:27:20.701,1.29052,1.29059
2013.03.18 00:27:21.302,1.29055,1.29061
2013.03.18 00:27:22.651,1.29055,1.29061
2013.03.18 00:27:25.893,1.29056,1.29063
2013.03.18 00:27:25.951,1.29056,1.29063
2013.03.18 00:27:26.011,1.29059,1.29063
2013.03.18 00:27:26.310,1.2906,1.29066
2013.03.18 00:27:26.371,1.29059,1.29067
2013.03.18 00:27:26.553,1.29063,1.29068
2013.03.18 00:27:26.623,1.29062,1.29068
2013.03.18 00:27:26.942,1.29064,1.29069
2013.03.18 00:27:27.241,1.2906,1.29068
2013.03.18 00:27:27.800,1.29061,1.29067
2013.03.18 00:27:28.070,1.29061,1.29067
2013.03.18 00:27:28.600,1.2906,1.29066
2013.03.18 00:27:28.841,1.29062,1.29067
2013.03.18 00:27:28.961,1.29063,1.29069
2013.03.18 00:27:29.321,1.29062,1.29067
2013.03.18 00:27:29.681,1.29063,1.29068
2013.03.18 00:27:29.741,1.29062,1.29068
2013.03.18 00:27:29.801,1.29063,1.29069
2013.03.18 00:27:30.401,1.29064,1.29069
2013.03.18 00:27:30.941,1.29063,1.29069
2013.03.18 00:27:32.482,1.29063,1.29069
2013.03.18 00:27:35.081,1.29063,1.29069
2013.03.18 00:27:36.821,1.29061,1.29067
2013.03.18 00:27:36.881,1.29061,1.29069
2013.03.18 00:27:37.001,1.29061,1.29067
2013.03.18 00:27:37.361,1.2906,1.29066
2013.03.18 00:27:39.692,1.2906,1.29066
2013.03.18 00:27:40.232,1.29061,1.29068
2013.03.18 00:27:40.293,1.29065,1.29068
2013.03.18 00:27:40.531,1.29066,1.29072
2013.03.18 00:27:40.711,1.29065,1.29072
2013.03.18 00:27:41.218,1.29065,1.29071
2013.03.18 00:27:41.761,1.29065,1.2907
2013.03.18 00:27:42.881,1.29062,1.2907
2013.03.18 00:27:43.060,1.29062,1.2907
2013.03.18 00:27:43.301,1.2906,1.29066
2013.03.18 00:27:43.601,1.29058,1.29064
2013.03.18 00:27:45.301,1.29058,1.29066
2013.03.18 00:27:46.051,1.29058,1.29065
2013.03.18 00:27:46.650,1.29058,1.29066
2013.03.18 00:27:47.851,1.29058,1.29066
2013.03.18 00:27:48.153,1.29057,1.29062
2013.03.18 00:27:48.224,1.29055,1.29061
2013.03.18 00:27:48.283,1.29056,1.29061
2013.03.18 00:27:48.341,1.29053,1.29061
2013.03.18 00:27:48.943,1.29052,1.29061
2013.03.18 00:27:49.015,1.29054,1.2906
2013.03.18 00:27:49.081,1.29054,1.29061
2013.03.18 00:27:49.320,1.29056,1.29063
2013.03.18 00:27:49.861,1.29056,1.29063
2013.03.18 00:27:50.131,1.29057,1.29064
2013.03.18 00:27:50.251,1.29061,1.29065
2013.03.18 00:27:50.790,1.29059,1.29064
2013.03.18 00:27:50.917,1.29059,1.29064
2013.03.18 00:27:51.460,1.29057,1.29063
2013.03.18 00:27:52.831,1.29057,1.29062
2013.03.18 00:27:54.581,1.29056,1.29062
2013.03.18 00:27:56.092,1.29058,1.29063
2013.03.18 00:27:56.631,1.29057,1.29064
2013.03.18 00:27:56.991,1.29057,1.29063
2013.03.18 00:27:57.530,1.29056,1.29063
2013.03.18 00:27:58.822,1.29058,1.29063
2013.03.18 00:28:00.243,1.29058,1.29063
2013.03.18 00:28:02.411,1.29056,1.29063
2013.03.18 00:28:03.231,1.29057,1.29064
2013.03.18 00:28:08.963,1.29059,1.29066
2013.03.18 00:28:09.080,1.29057,1.29064
2013.03.18 00:28:10.101,1.29057,1.29064
2013.03.18 00:28:10.760,1.29058,1.29065
2013.03.18 00:28:13.021,1.29056,1.29063
2013.03.18 00:28:13.560,1.29056,1.29063
2013.03.18 00:28:16.511,1.29055,1.29063
2013.03.18 00:28:17.052,1.29055,1.29061
2013.03.18 00:28:19.901,1.29056,1.29061
2013.03.18 00:28:20.508,1.29056,1.29062
2013.03.18 00:28:21.043,1.29057,1.29063
2013.03.18 00:28:22.261,1.29057,1.29063
2013.03.18 00:28:22.781,1.29057,1.29062
2013.03.18 00:28:24.311,1.29055,1.29061
2013.03.18 00:28:27.521,1.29055,1.29062
2013.03.18 00:28:27.642,1.29055,1.29062
2013.03.18 00:28:32.721,1.29057,1.29064
2013.03.18 00:28:32.841,1.29057,1.29063
2013.03.18 00:28:33.271,1.29057,1.29065
2013.03.18 00:28:33.786,1.29057,1.29065
2013.03.18 00:28:35.895,1.29059,1.29067
2013.03.18 00:28:36.912,1.29057,1.29065
2013.03.18 00:28:37.211,1.29057,1.29065
2013.03.18 00:28:37.817,1.29057,1.29065
2013.03.18 00:28:38.371,1.29057,1.29065
2013.03.18 00:28:39.101,1.29056,1.29063
2013.03.18 00:28:39.643,1.29056,1.29063
2013.03.18 00:28:39.822,1.29056,1.29061
2013.03.18 00:28:40.332,1.29058,1.29062
2013.03.18 00:28:42.851,1.29056,1.29063
2013.03.18 00:28:43.032,1.29057,1.29065
2013.03.18 00:28:43.572,1.29056,1.29063
2013.03.18 00:28:43.931,1.29055,1.29062
2013.03.18 00:28:44.113,1.29055,1.29062
2013.03.18 00:28:44.172,1.29055,1.29063
2013.03.18 00:28:44.291,1.29055,1.29065
2013.03.18 00:28:45.802,1.29057,1.29065
2013.03.18 00:28:46.342,1.29058,1.29065
2013.03.18 00:28:46.404,1.2906,1.29067
2013.03.18 00:28:46.523,1.29064,1.2907
2013.03.18 00:28:46.582,1.29065,1.2907
2013.03.18 00:28:46.761,1.29064,1.29072
2013.03.18 00:28:47.263,1.29066,1.29075
2013.03.18 00:28:48.132,1.29064,1.29074
2013.03.18 00:28:48.332,1.29066,1.29075
2013.03.18 00:28:48.642,1.29066,1.29074
2013.03.18 00:28:49.512,1.29066,1.29075
2013.03.18 00:28:50.134,1.29065,1.29074
2013.03.18 00:28:50.192,1.29064,1.29071
2013.03.18 00:28:50.492,1.29062,1.29068
2013.03.18 00:28:50.612,1.29058,1.29066
2013.03.18 00:28:50.672,1.29059,1.29067
2013.03.18 00:28:51.152,1.29059,1.29067
2013.03.18 00:28:52.321,1.29058,1.29065
2013.03.18 00:28:52.868,1.29059,1.29068
2013.03.18 00:28:53.401,1.29058,1.29066
2013.03.18 00:28:53.521,1.29058,1.29068
2013.03.18 00:28:55.391,1.29061,1.29068
2013.03.18 00:28:55.451,1.29061,1.29068
2013.03.18 00:28:57.798,1.29059,1.29068
2013.03.18 00:28:58.461,1.29059,1.29068
2013.03.18 00:29:00.381,1.29059,1.29067
2013.03.18 00:29:04.291,1.29058,1.29067
2013.03.18 00:29:05.231,1.2906,1.29068
2013.03.18 00:29:05.371,1.29058,1.29068
2013.03.18 00:29:05.792,1.29056,1.29065
2013.03.18 00:29:05.971,1.29055,1.29063
2013.03.18 00:29:06.153,1.29055,1.29059
2013.03.18 00:29:06.332,1.29052,1.29058
2013.03.18 00:29:06.871,1.2905,1.29057
2013.03.18 00:29:07.052,1.29051,1.29059
2013.03.18 00:29:07.172,1.29051,1.29058
2013.03.18 00:29:07.531,1.29052,1.29059
2013.03.18 00:29:07.712,1.29053,1.2906
2013.03.18 00:29:08.252,1.29054,1.29061
2013.03.18 00:29:08.762,1.29053,1.2906
2013.03.18 00:29:10.871,1.29053,1.2906
2013.03.18 00:29:11.403,1.29053,1.29061
2013.03.18 00:29:11.883,1.29055,1.29063
2013.03.18 00:29:14.712,1.29055,1.29063
2013.03.18 00:29:15.822,1.29055,1.29063
2013.03.18 00:29:18.442,1.29055,1.29063
2013.03.18 00:29:19.474,1.29055,1.29063
2013.03.18 00:29:20.871,1.29055,1.29063
2013.03.18 00:29:23.971,1.29055,1.29062
2013.03.18 00:29:24.272,1.2905,1.29057
2013.03.18 00:29:24.332,1.2905,1.29057
2013.03.18 00:29:24.392,1.2905,1.29057
2013.03.18 00:29:25.172,1.2905,1.29057
2013.03.18 00:29:25.232,1.29051,1.29057
2013.03.18 00:29:25.291,1.29052,1.29059
2013.03.18 00:29:25.771,1.29055,1.29062
2013.03.18 00:29:25.832,1.29053,1.29061
2013.03.18 00:29:26.422,1.29053,1.29061
2013.03.18 00:29:27.581,1.29055,1.29061
2013.03.18 00:29:28.961,1.29055,1.29061
2013.03.18 00:29:29.381,1.29055,1.29062
2013.03.18 00:29:29.741,1.29055,1.29063
2013.03.18 00:29:31.703,1.29055,1.29063
2013.03.18 00:29:31.761,1.29055,1.29063
2013.03.18 00:29:32.361,1.29057,1.29063
2013.03.18 00:29:32.872,1.29057,1.29063
2013.03.18 00:29:33.411,1.29057,1.29065
2013.03.18 00:29:34.011,1.29054,1.29063
2013.03.18 00:29:34.251,1.29057,1.29063
2013.03.18 00:29:34.315,1.29057,1.29065
2013.03.18 00:29:34.431,1.29058,1.29066
2013.03.18 00:29:34.551,1.2906,1.29066
2013.03.18 00:29:35.112,1.29059,1.29066
2013.03.18 00:29:36.151,1.29058,1.29066
2013.03.18 00:29:36.711,1.29058,1.29066
2013.03.18 00:29:37.381,1.29058,1.29063
2013.03.18 00:29:37.861,1.29053,1.29063
2013.03.18 00:29:47.901,1.29053,1.29062
2013.03.18 00:29:49.612,1.29053,1.29062
2013.03.18 00:29:53.042,1.29053,1.29062
2013.03.18 00:29:54.087,1.29053,1.29062
2013.03.18 00:30:02.325,1.29055,1.29063
2013.03.18 00:30:03.662,1.29053,1.29062
2013.03.18 00:30:06.092,1.29057,1.29063
2013.03.18 00:30:06.212,1.29057,1.29064
2013.03.18 00:30:06.273,1.29057,1.29064
2013.03.18 00:30:06.333,1.29058,1.29064
2013.03.18 00:30:06.512,1.29061,1.29069
2013.03.18 00:30:07.351,1.29061,1.29069
2013.03.18 00:30:10.192,1.29063,1.29071
2013.03.18 00:30:10.372,1.29063,1.29071
2013.03.18 00:30:10.932,1.29062,1.29071
2013.03.18 00:30:11.235,1.29061,1.29068
2013.03.18 00:30:11.412,1.29058,1.29064
2013.03.18 00:30:11.712,1.29053,1.29063
2013.03.18 00:30:11.892,1.29057,1.29065
2013.03.18 00:30:13.051,1.29057,1.29065
2013.03.18 00:30:13.802,1.29057,1.29065
2013.03.18 00:30:14.511,1.29057,1.29065
2013.03.18 00:30:14.811,1.29057,1.29064
2013.03.18 00:30:15.563,1.29057,1.29064
2013.03.18 00:30:19.602,1.29055,1.29064
2013.03.18 00:30:20.531,1.29055,1.29065
2013.03.18 00:30:21.071,1.29055,1.29065
2013.03.18 00:30:23.071,1.29057,1.29065
2013.03.18 00:30:25.242,1.29057,1.29065
2013.03.18 00:30:25.931,1.29057,1.29065
2013.03.18 00:30:28.601,1.29057,1.29065
2013.03.18 00:30:29.142,1.29057,1.29065
2013.03.18 00:30:31.294,1.29057,1.29065
2013.03.18 00:30:33.477,1.29057,1.29065
2013.03.18 00:30:34.031,1.29057,1.29065
2013.03.18 00:30:35.164,1.29057,1.29065
2013.03.18 00:30:35.913,1.29057,1.29065
2013.03.18 00:30:36.512,1.29061,1.29069
2013.03.18 00:30:36.571,1.29061,1.2907
2013.03.18 00:30:36.632,1.29061,1.29069
2013.03.18 00:30:36.932,1.29058,1.29065
2013.03.18 00:30:37.471,1.29059,1.29066
2013.03.18 00:30:38.032,1.29059,1.29067
2013.03.18 00:30:38.093,1.29063,1.29068
2013.03.18 00:30:38.331,1.29065,1.29073
2013.03.18 00:30:39.141,1.29066,1.29074
2013.03.18 00:30:39.713,1.29066,1.29074
2013.03.18 00:30:41.312,1.29066,1.29074
2013.03.18 00:30:41.895,1.29066,1.29074
2013.03.18 00:30:42.922,1.29066,1.29074
2013.03.18 00:30:43.432,1.29066,1.29074
2013.03.18 00:30:44.621,1.29066,1.29074
2013.03.18 00:30:45.133,1.29066,1.29074
2013.03.18 00:30:45.671,1.29067,1.29074
2013.03.18 00:30:47.022,1.29067,1.29073
2013.03.18 00:30:47.462,1.29063,1.29072
2013.03.18 00:30:49.182,1.29063,1.29071
2013.03.18 00:30:49.982,1.29063,1.2907
2013.03.18 00:30:50.161,1.29062,1.29069
2013.03.18 00:30:50.461,1.29058,1.29063
2013.03.18 00:30:50.762,1.29055,1.29063
2013.03.18 00:30:55.444,1.29055,1.29059
2013.03.18 00:30:55.803,1.29049,1.29057
2013.03.18 00:30:56.582,1.29048,1.29056
2013.03.18 00:30:57.002,1.29048,1.29056
2013.03.18 00:30:57.556,1.29049,1.29056
2013.03.18 00:30:58.102,1.29049,1.29056
2013.03.18 00:30:58.161,1.2905,1.29057
2013.03.18 00:31:00.132,1.29052,1.2906
2013.03.18 00:31:00.253,1.29053,1.2906
2013.03.18 00:31:00.554,1.29055,1.29063
2013.03.18 00:31:01.091,1.29057,1.29063
2013.03.18 00:31:02.343,1.2906,1.29064
2013.03.18 00:31:02.413,1.2906,1.29065
2013.03.18 00:31:03.171,1.29062,1.29065
2013.03.18 00:31:03.291,1.29062,1.29068
2013.03.18 00:31:03.840,1.29061,1.29068
2013.03.18 00:31:04.141,1.29061,1.29068
2013.03.18 00:31:04.322,1.29056,1.29063
2013.03.18 00:31:04.383,1.29056,1.29063
2013.03.18 00:31:04.502,1.29055,1.29063
2013.03.18 00:31:04.562,1.29054,1.29062
2013.03.18 00:31:04.741,1.29054,1.29062
2013.03.18 00:31:05.392,1.29052,1.2906
2013.03.18 00:31:05.452,1.29052,1.29058
2013.03.18 00:31:05.752,1.29049,1.29056
2013.03.18 00:31:05.812,1.29048,1.29056
2013.03.18 00:31:06.424,1.29049,1.29056
2013.03.18 00:31:06.961,1.29049,1.29057
2013.03.18 00:31:07.585,1.29048,1.29057
2013.03.18 00:31:08.152,1.29049,1.29057
2013.03.18 00:31:09.631,1.29048,1.29055
2013.03.18 00:31:10.161,1.29048,1.29057
2013.03.18 00:31:11.121,1.29049,1.29057
2013.03.18 00:31:11.921,1.29048,1.29057
2013.03.18 00:31:12.471,1.29048,1.29055
2013.03.18 00:31:12.772,1.29048,1.29057
2013.03.18 00:31:13.303,1.29051,1.29058
2013.03.18 00:31:13.561,1.2905,1.29058
2013.03.18 00:31:13.863,1.29049,1.29057
2013.03.18 00:31:15.240,1.29048,1.29055
