Time,Bid,Ask
2013.03.26 00:00:00.271,1.2857,1.28574
2013.03.26 00:00:00.632,1.28567,1.28571
2013.03.26 00:00:01.180,1.28566,1.2857
2013.03.26 00:00:01.483,1.28564,1.28567
2013.03.26 00:00:01.730,1.28561,1.28564
2013.03.26 00:00:01.910,1.28561,1.28564
2013.03.26 00:00:02.270,1.28562,1.28569
2013.03.26 00:00:03.081,1.28568,1.2857
2013.03.26 00:00:03.154,1.28568,1.28572
2013.03.26 00:00:03.582,1.28568,1.28574
2013.03.26 00:00:03.640,1.28569,1.28574
2013.03.26 00:00:04.056,1.2857,1.28575
2013.03.26 00:00:04.600,1.28574,1.28578
2013.03.26 00:00:07.331,1.28575,1.28579
2013.03.26 00:00:07.510,1.28575,1.2858
2013.03.26 00:00:08.560,1.28575,1.2858
2013.03.26 00:00:09.470,1.28576,1.2858
2013.03.26 00:00:10.360,1.28575,1.2858
2013.03.26 00:00:11.500,1.28575,1.2858
2013.03.26 00:00:13.083,1.28575,1.2858
2013.03.26 00:00:13.211,1.28574,1.28578
2013.03.26 00:00:13.751,1.28576,1.2858
2013.03.26 00:00:14.231,1.28576,1.2858
2013.03.26 00:00:14.411,1.28574,1.28576
2013.03.26 00:00:14.960,1.28574,1.2858
2013.03.26 00:00:15.821,1.28574,1.2858
2013.03.26 00:00:17.450,1.28575,1.2858
2013.03.26 00:00:18.460,1.28575,1.2858
2013.03.26 00:00:19.320,1.28575,1.2858
2013.03.26 00:00:20.431,1.28576,1.2858
2013.03.26 00:00:21.333,1.28572,1.2858
2013.03.26 00:00:21.580,1.28575,1.2858
2013.03.26 00:00:21.761,1.28577,1.28582
2013.03.26 00:00:22.062,1.2858,1.28585
2013.03.26 00:00:22.180,1.28581,1.28584
2013.03.26 00:00:22.420,1.28583,1.28588
2013.03.26 00:00:22.552,1.28584,1.28588
2013.03.26 00:00:23.091,1.28584,1.28588
2013.03.26 00:00:23.640,1.28583,1.28589
2013.03.26 00:00:25.091,1.28584,1.2859
2013.03.26 00:00:25.511,1.28585,1.28589
2013.03.26 00:00:32.052,1.28583,1.28588
2013.03.26 00:00:35.813,1.28583,1.28588
2013.03.26 00:00:40.191,1.28582,1.28588
2013.03.26 00:00:41.481,1.28584,1.28589
2013.03.26 00:00:41.901,1.28585,1.2859
2013.03.26 00:00:43.083,1.28585,1.28589
2013.03.26 00:00:43.632,1.28585,1.28589
2013.03.26 00:00:43.992,1.28586,1.2859
2013.03.26 00:00:45.210,1.28587,1.2859
2013.03.26 00:00:45.751,1.28587,1.28591
2013.03.26 00:00:46.300,1.28587,1.28591
2013.03.26 00:00:46.841,1.28587,1.28591
2013.03.26 00:00:46.901,1.28587,1.28591
2013.03.26 00:00:47.082,1.2859,1.28595
2013.03.26 00:00:47.141,1.2859,1.28596
2013.03.26 00:00:47.386,1.28593,1.28598
2013.03.26 00:00:47.931,1.28593,1.28598
2013.03.26 00:00:48.471,1.28593,1.28598
2013.03.26 00:00:49.030,1.28593,1.28598
2013.03.26 00:00:49.571,1.28593,1.28598
2013.03.26 00:00:51.721,1.28595,1.28599
2013.03.26 00:00:52.304,1.28595,1.28599
2013.03.26 00:00:53.892,1.28595,1.28599
2013.03.26 00:00:54.731,1.28595,1.28599
2013.03.26 00:00:55.262,1.28595,1.28599
2013.03.26 00:00:55.773,1.28595,1.28599
2013.03.26 00:00:57.331,1.28595,1.28599
2013.03.26 00:00:58.101,1.28595,1.28599
2013.03.26 00:01:00.912,1.28593,1.28596
2013.03.26 00:01:01.153,1.28592,1.28597
2013.03.26 00:01:01.214,1.28592,1.28595
2013.03.26 00:01:01.463,1.28591,1.28595
2013.03.26 00:01:01.581,1.28591,1.28595
2013.03.26 00:01:02.095,1.28592,1.28596
2013.03.26 00:01:02.651,1.28592,1.28598
2013.03.26 00:01:03.281,1.28592,1.28597
2013.03.26 00:01:04.901,1.28593,1.28598
2013.03.26 00:01:05.552,1.28593,1.28597
2013.03.26 00:01:10.424,1.28591,1.28596
2013.03.26 00:01:10.972,1.28591,1.28593
2013.03.26 00:01:11.032,1.28592,1.28595
2013.03.26 00:01:11.571,1.28592,1.28596
2013.03.26 00:01:12.111,1.28592,1.28597
2013.03.26 00:01:14.242,1.28592,1.28596
2013.03.26 00:01:14.802,1.28592,1.28596
2013.03.26 00:01:16.041,1.28592,1.28595
2013.03.26 00:01:16.582,1.28592,1.28595
2013.03.26 00:01:17.823,1.28592,1.28596
2013.03.26 00:01:18.361,1.28592,1.28596
2013.03.26 00:01:18.662,1.28592,1.28597
2013.03.26 00:01:19.322,1.28592,1.28597
2013.03.26 00:01:21.562,1.28592,1.28597
2013.03.26 00:01:24.952,1.28593,1.28598
2013.03.26 00:01:25.861,1.28592,1.28598
2013.03.26 00:01:26.451,1.28592,1.28596
2013.03.26 00:01:29.981,1.28592,1.28597
2013.03.26 00:01:30.533,1.28592,1.28596
2013.03.26 00:01:32.622,1.28592,1.28596
2013.03.26 00:01:35.921,1.28592,1.28596
2013.03.26 00:01:38.645,1.28592,1.28596
2013.03.26 00:01:38.715,1.2859,1.28593
2013.03.26 00:01:38.841,1.28589,1.28592
2013.03.26 00:01:39.971,1.28589,1.28594
2013.03.26 00:01:43.441,1.28589,1.28593
2013.03.26 00:01:44.663,1.28591,1.28592
2013.03.26 00:01:44.782,1.28592,1.28594
2013.03.26 00:01:44.903,1.28594,1.28597
2013.03.26 00:01:45.081,1.28594,1.28599
2013.03.26 00:01:45.622,1.28594,1.28598
2013.03.26 00:01:46.491,1.28594,1.28599
2013.03.26 00:01:53.281,1.28595,1.28599
2013.03.26 00:01:53.821,1.28594,1.28598
2013.03.26 00:01:54.703,1.28594,1.28598
2013.03.26 00:01:55.270,1.28594,1.28598
2013.03.26 00:01:57.101,1.28594,1.28598
2013.03.26 00:01:57.641,1.28594,1.28598
2013.03.26 00:01:59.752,1.28594,1.28599
2013.03.26 00:02:01.550,1.28594,1.28599
2013.03.26 00:02:02.692,1.28594,1.28598
2013.03.26 00:02:02.752,1.28594,1.28598
2013.03.26 00:02:03.253,1.28594,1.28598
2013.03.26 00:02:03.942,1.28594,1.28598
2013.03.26 00:02:05.991,1.28594,1.28598
2013.03.26 00:02:11.063,1.28594,1.28598
2013.03.26 00:02:11.421,1.28592,1.28596
2013.03.26 00:02:11.922,1.28592,1.28596
2013.03.26 00:02:12.282,1.28593,1.28599
2013.03.26 00:02:22.711,1.28594,1.286
2013.03.26 00:02:24.711,1.28594,1.28599
2013.03.26 00:02:30.062,1.28595,1.28599
2013.03.26 00:02:31.522,1.28594,1.28598
2013.03.26 00:02:39.084,1.28594,1.28598
2013.03.26 00:02:41.751,1.28594,1.28598
2013.03.26 00:02:42.303,1.28594,1.28598
2013.03.26 00:02:42.842,1.28594,1.28598
2013.03.26 00:02:43.641,1.28594,1.28598
2013.03.26 00:02:45.632,1.28594,1.28598
2013.03.26 00:02:46.791,1.28593,1.28598
2013.03.26 00:02:47.351,1.28593,1.28598
2013.03.26 00:02:53.561,1.28593,1.28598
2013.03.26 00:02:54.281,1.28593,1.28598
2013.03.26 00:02:55.444,1.28594,1.28598
2013.03.26 00:02:55.572,1.28593,1.28597
2013.03.26 00:02:55.632,1.28592,1.28597
2013.03.26 00:02:59.205,1.28592,1.28596
2013.03.26 00:03:01.331,1.28592,1.28595
2013.03.26 00:03:01.572,1.28591,1.28594
2013.03.26 00:03:02.256,1.28591,1.28595
2013.03.26 00:03:02.843,1.28591,1.28595
2013.03.26 00:03:03.392,1.28591,1.28594
2013.03.26 00:03:03.632,1.28589,1.28593
2013.03.26 00:03:03.691,1.28589,1.28593
2013.03.26 00:03:03.871,1.2859,1.28594
2013.03.26 00:03:03.931,1.28589,1.28594
2013.03.26 00:03:04.053,1.28589,1.28592
2013.03.26 00:03:04.122,1.28589,1.28591
2013.03.26 00:03:05.283,1.28589,1.28591
2013.03.26 00:03:05.462,1.28586,1.2859
2013.03.26 00:03:06.012,1.28586,1.2859
2013.03.26 00:03:06.711,1.28586,1.2859
2013.03.26 00:03:06.772,1.28589,1.2859
2013.03.26 00:03:07.621,1.28589,1.28592
2013.03.26 00:03:08.263,1.2859,1.28593
2013.03.26 00:03:08.332,1.28591,1.28593
2013.03.26 00:03:08.873,1.28591,1.28595
2013.03.26 00:03:09.793,1.28591,1.28593
2013.03.26 00:03:09.912,1.28591,1.28594
2013.03.26 00:03:10.033,1.2859,1.28593
2013.03.26 00:03:10.212,1.28589,1.28591
2013.03.26 00:03:12.341,1.28587,1.2859
2013.03.26 00:03:12.701,1.28587,1.2859
2013.03.26 00:03:15.081,1.28589,1.28592
2013.03.26 00:03:15.782,1.28589,1.28592
2013.03.26 00:03:16.081,1.28588,1.2859
2013.03.26 00:03:17.822,1.28587,1.28589
2013.03.26 00:03:18.243,1.28587,1.28589
2013.03.26 00:03:20.222,1.28585,1.28588
2013.03.26 00:03:20.761,1.28587,1.28588
2013.03.26 00:03:21.556,1.28586,1.28589
2013.03.26 00:03:23.961,1.28586,1.28589
2013.03.26 00:03:25.804,1.28585,1.28589
2013.03.26 00:03:26.306,1.28585,1.28589
2013.03.26 00:03:27.351,1.28584,1.28588
2013.03.26 00:03:28.073,1.28584,1.28588
2013.03.26 00:03:30.307,1.28581,1.28585
2013.03.26 00:03:30.753,1.28584,1.28587
2013.03.26 00:03:30.812,1.28584,1.28587
2013.03.26 00:03:31.352,1.28585,1.28589
2013.03.26 00:03:36.841,1.28586,1.28588
2013.03.26 00:03:37.701,1.28586,1.28588
2013.03.26 00:03:37.883,1.28587,1.2859
2013.03.26 00:03:38.062,1.28589,1.28592
2013.03.26 00:03:38.362,1.28591,1.28594
2013.03.26 00:03:38.902,1.28592,1.28595
2013.03.26 00:03:38.963,1.28594,1.28597
2013.03.26 00:03:39.083,1.28595,1.28598
2013.03.26 00:03:39.202,1.28595,1.286
2013.03.26 00:03:39.761,1.28595,1.28601
2013.03.26 00:03:39.942,1.28595,1.28599
2013.03.26 00:03:40.002,1.28595,1.28599
2013.03.26 00:03:40.123,1.28594,1.28598
2013.03.26 00:03:40.182,1.28594,1.28598
2013.03.26 00:03:40.421,1.28592,1.28598
2013.03.26 00:03:41.203,1.28592,1.28599
2013.03.26 00:03:41.264,1.28593,1.286
2013.03.26 00:03:42.492,1.28593,1.286
2013.03.26 00:03:43.033,1.28594,1.286
2013.03.26 00:03:44.373,1.28595,1.286
2013.03.26 00:03:45.851,1.28593,1.28599
2013.03.26 00:03:47.060,1.28595,1.28599
2013.03.26 00:03:47.501,1.28595,1.28599
2013.03.26 00:03:51.617,1.28597,1.286
2013.03.26 00:03:51.955,1.286,1.28603
2013.03.26 00:03:52.263,1.286,1.28605
2013.03.26 00:03:52.443,1.28601,1.28608
2013.03.26 00:03:52.684,1.28602,1.28609
2013.03.26 00:03:53.553,1.28602,1.28608
2013.03.26 00:03:54.981,1.28602,1.2861
2013.03.26 00:03:55.354,1.28602,1.28605
2013.03.26 00:03:55.423,1.28601,1.28602
2013.03.26 00:03:55.487,1.28597,1.28602
2013.03.26 00:03:55.852,1.286,1.28603
2013.03.26 00:03:56.092,1.28601,1.28605
2013.03.26 00:03:56.272,1.28604,1.28607
2013.03.26 00:03:56.331,1.28605,1.28607
2013.03.26 00:03:56.512,1.28605,1.2861
2013.03.26 00:03:56.873,1.28604,1.28607
2013.03.26 00:03:57.292,1.28603,1.28607
2013.03.26 00:03:57.832,1.28603,1.28607
2013.03.26 00:03:59.621,1.28602,1.28607
2013.03.26 00:04:00.414,1.28602,1.28607
2013.03.26 00:04:02.146,1.28602,1.28607
2013.03.26 00:04:02.892,1.28601,1.28607
2013.03.26 00:04:02.953,1.286,1.28603
2013.03.26 00:04:03.013,1.28599,1.28602
2013.03.26 00:04:03.562,1.28599,1.28602
2013.03.26 00:04:03.861,1.28597,1.28602
2013.03.26 00:04:04.961,1.28597,1.28602
2013.03.26 00:04:05.771,1.28597,1.28602
2013.03.26 00:04:06.337,1.28597,1.28601
2013.03.26 00:04:06.891,1.28597,1.28601
2013.03.26 00:04:08.356,1.28597,1.28601
2013.03.26 00:04:10.143,1.28595,1.28598
2013.03.26 00:04:10.323,1.28594,1.28598
2013.03.26 00:04:10.382,1.28593,1.28598
2013.03.26 00:04:10.622,1.28594,1.286
2013.03.26 00:04:10.683,1.28595,1.28599
2013.03.26 00:04:10.922,1.28595,1.28597
2013.03.26 00:04:11.234,1.28594,1.28596
2013.03.26 00:04:11.827,1.28594,1.28597
2013.03.26 00:04:12.353,1.28592,1.28595
2013.03.26 00:04:12.592,1.28589,1.28593
2013.03.26 00:04:12.652,1.28589,1.28592
2013.03.26 00:04:12.952,1.28586,1.2859
2013.03.26 00:04:13.073,1.28585,1.28588
2013.03.26 00:04:13.432,1.28586,1.28588
2013.03.26 00:04:13.791,1.28588,1.28591
2013.03.26 00:04:13.853,1.28587,1.28592
2013.03.26 00:04:14.402,1.28586,1.2859
2013.03.26 00:04:14.702,1.28585,1.28589
2013.03.26 00:04:15.421,1.28585,1.28589
2013.03.26 00:04:16.918,1.28586,1.2859
2013.03.26 00:04:17.052,1.28587,1.28591
2013.03.26 00:04:17.172,1.28588,1.28591
2013.03.26 00:04:17.711,1.28588,1.28592
2013.03.26 00:04:18.432,1.28588,1.28592
2013.03.26 00:04:19.164,1.28589,1.28592
2013.03.26 00:04:20.823,1.28589,1.28594
2013.03.26 00:04:21.382,1.2859,1.28594
2013.03.26 00:04:21.914,1.28591,1.28594
2013.03.26 00:04:22.455,1.28592,1.28595
2013.03.26 00:04:22.586,1.28592,1.28596
2013.03.26 00:04:22.655,1.28593,1.28597
2013.03.26 00:04:22.902,1.28594,1.28597
2013.03.26 00:04:23.084,1.28593,1.286
2013.03.26 00:04:23.231,1.28595,1.28599
2013.03.26 00:04:23.299,1.28595,1.286
2013.03.26 00:04:23.483,1.28596,1.28601
2013.03.26 00:04:24.272,1.28596,1.28602
2013.03.26 00:04:24.752,1.28597,1.28603
2013.03.26 00:04:25.291,1.28598,1.28603
2013.03.26 00:04:26.062,1.28599,1.28604
2013.03.26 00:04:26.821,1.28599,1.28605
2013.03.26 00:04:27.352,1.286,1.28605
2013.03.26 00:04:28.043,1.286,1.28606
2013.03.26 00:04:28.583,1.28601,1.28607
2013.03.26 00:04:29.316,1.28602,1.28607
2013.03.26 00:04:29.851,1.28603,1.28607
2013.03.26 00:04:30.392,1.28604,1.28608
2013.03.26 00:04:31.412,1.28605,1.28609
2013.03.26 00:04:32.133,1.28606,1.2861
2013.03.26 00:04:33.815,1.2861,1.28613
2013.03.26 00:04:34.452,1.28607,1.28611
2013.03.26 00:04:35.051,1.28606,1.2861
2013.03.26 00:04:35.292,1.28606,1.2861
2013.03.26 00:04:36.851,1.28607,1.28611
2013.03.26 00:04:37.411,1.28607,1.2861
2013.03.26 00:04:38.071,1.28605,1.2861
2013.03.26 00:04:41.335,1.28605,1.2861
2013.03.26 00:04:42.043,1.28605,1.28611
2013.03.26 00:04:42.813,1.28605,1.2861
2013.03.26 00:04:44.009,1.28605,1.28611
2013.03.26 00:04:45.313,1.28605,1.2861
2013.03.26 00:04:46.532,1.28606,1.2861
2013.03.26 00:04:49.341,1.28607,1.28612
2013.03.26 00:04:49.882,1.28606,1.28612
2013.03.26 00:04:50.816,1.28607,1.28612
2013.03.26 00:04:50.943,1.28608,1.28613
2013.03.26 00:04:51.065,1.28609,1.28615
2013.03.26 00:04:51.313,1.2861,1.28615
2013.03.26 00:04:51.852,1.28612,1.28615
2013.03.26 00:04:52.391,1.28612,1.28615
2013.03.26 00:04:53.632,1.28611,1.28616
2013.03.26 00:04:54.253,1.2861,1.28616
2013.03.26 00:04:54.512,1.2861,1.28616
2013.03.26 00:04:54.872,1.28612,1.28616
2013.03.26 00:04:55.412,1.28615,1.28619
2013.03.26 00:04:55.974,1.28615,1.28619
2013.03.26 00:04:56.491,1.28615,1.28619
2013.03.26 00:04:57.643,1.28616,1.28619
2013.03.26 00:04:58.001,1.28615,1.28619
2013.03.26 00:04:58.862,1.28615,1.28619
2013.03.26 00:04:59.652,1.28615,1.2862
2013.03.26 00:04:59.921,1.28616,1.2862
2013.03.26 00:05:00.341,1.28615,1.2862
2013.03.26 00:05:00.461,1.28615,1.2862
2013.03.26 00:05:00.823,1.28615,1.2862
2013.03.26 00:05:01.433,1.28615,1.2862
2013.03.26 00:05:01.512,1.28615,1.28619
2013.03.26 00:05:02.045,1.28615,1.28619
2013.03.26 00:05:02.776,1.28615,1.28619
2013.03.26 00:05:03.822,1.28615,1.2862
2013.03.26 00:05:04.184,1.28615,1.2862
2013.03.26 00:05:04.554,1.28615,1.2862
2013.03.26 00:05:04.684,1.28615,1.2862
2013.03.26 00:05:05.241,1.28615,1.28619
2013.03.26 00:05:05.786,1.28615,1.28618
2013.03.26 00:05:06.773,1.28615,1.28619
2013.03.26 00:05:08.762,1.28615,1.28619
2013.03.26 00:05:09.362,1.28615,1.2862
2013.03.26 00:05:09.901,1.28617,1.28621
2013.03.26 00:05:11.522,1.28616,1.2862
2013.03.26 00:05:12.084,1.28616,1.2862
2013.03.26 00:05:12.621,1.28616,1.2862
2013.03.26 00:05:14.312,1.28615,1.28621
2013.03.26 00:05:15.156,1.28617,1.28621
2013.03.26 00:05:15.673,1.28617,1.28621
2013.03.26 00:05:18.232,1.28616,1.2862
2013.03.26 00:05:18.921,1.28616,1.2862
2013.03.26 00:05:20.111,1.28615,1.28621
2013.03.26 00:05:22.761,1.28615,1.2862
2013.03.26 00:05:23.302,1.28615,1.28619
2013.03.26 00:05:23.782,1.28615,1.2862
2013.03.26 00:05:25.131,1.28615,1.2862
2013.03.26 00:05:27.651,1.28615,1.28621
2013.03.26 00:05:28.531,1.28617,1.28621
2013.03.26 00:05:28.891,1.28619,1.28622
2013.03.26 00:05:29.072,1.2862,1.28624
2013.03.26 00:05:29.192,1.28621,1.28625
2013.03.26 00:05:29.316,1.28623,1.28626
2013.03.26 00:05:29.821,1.28623,1.28629
2013.03.26 00:05:30.362,1.28623,1.28626
2013.03.26 00:05:31.327,1.28623,1.28627
2013.03.26 00:05:31.843,1.28623,1.28626
2013.03.26 00:05:33.741,1.28621,1.28626
2013.03.26 00:05:34.361,1.28621,1.28626
2013.03.26 00:05:34.482,1.28621,1.28627
2013.03.26 00:05:34.902,1.28621,1.28626
2013.03.26 00:05:37.281,1.28621,1.28627
2013.03.26 00:05:39.451,1.28623,1.28627
2013.03.26 00:05:39.811,1.28623,1.28627
2013.03.26 00:05:40.463,1.28623,1.28627
2013.03.26 00:05:40.711,1.28623,1.28627
2013.03.26 00:05:41.264,1.28623,1.28627
2013.03.26 00:05:45.743,1.28622,1.28625
2013.03.26 00:05:46.102,1.2862,1.28625
2013.03.26 00:05:46.282,1.2862,1.28624
2013.03.26 00:05:46.892,1.28619,1.28624
2013.03.26 00:05:48.782,1.28618,1.28623
2013.03.26 00:05:49.637,1.28618,1.28622
2013.03.26 00:05:50.991,1.28617,1.28621
2013.03.26 00:05:51.305,1.28616,1.28621
2013.03.26 00:05:51.952,1.28615,1.2862
2013.03.26 00:05:52.472,1.28614,1.28619
2013.03.26 00:05:52.792,1.28613,1.28618
2013.03.26 00:05:52.853,1.28613,1.28617
2013.03.26 00:05:53.043,1.28613,1.28616
2013.03.26 00:05:53.103,1.28611,1.28616
2013.03.26 00:05:53.162,1.28611,1.28615
2013.03.26 00:05:53.222,1.28611,1.28614
2013.03.26 00:05:53.762,1.2861,1.28614
2013.03.26 00:05:54.302,1.28609,1.28614
2013.03.26 00:05:54.781,1.28608,1.28613
2013.03.26 00:05:54.903,1.28607,1.28612
2013.03.26 00:05:55.022,1.28603,1.28609
2013.03.26 00:05:56.582,1.28605,1.2861
2013.03.26 00:05:57.002,1.28606,1.28609
2013.03.26 00:05:57.599,1.28606,1.2861
2013.03.26 00:06:01.623,1.28606,1.2861
2013.03.26 00:06:01.861,1.28606,1.28611
2013.03.26 00:06:03.461,1.28606,1.28611
2013.03.26 00:06:03.582,1.28606,1.28611
2013.03.26 00:06:05.174,1.28606,1.28612
2013.03.26 00:06:05.957,1.28607,1.28612
2013.03.26 00:06:06.021,1.28608,1.28613
2013.03.26 00:06:08.302,1.28609,1.28614
2013.03.26 00:06:09.122,1.2861,1.28615
2013.03.26 00:06:10.052,1.28614,1.28618
2013.03.26 00:06:10.632,1.28612,1.28617
2013.03.26 00:06:11.283,1.28611,1.28616
2013.03.26 00:06:11.403,1.2861,1.28615
2013.03.26 00:06:11.942,1.28611,1.28616
2013.03.26 00:06:12.122,1.28612,1.28617
2013.03.26 00:06:12.737,1.28615,1.28618
2013.03.26 00:06:13.251,1.28615,1.28619
2013.03.26 00:06:14.742,1.28615,1.28619
2013.03.26 00:06:16.832,1.28615,1.2862
2013.03.26 00:06:17.492,1.28615,1.2862
2013.03.26 00:06:21.003,1.28617,1.2862
2013.03.26 00:06:21.305,1.2862,1.28624
2013.03.26 00:06:21.372,1.2862,1.28627
2013.03.26 00:06:22.087,1.28621,1.28627
2013.03.26 00:06:22.631,1.28621,1.28626
2013.03.26 00:06:23.912,1.28621,1.28624
2013.03.26 00:06:23.972,1.28621,1.28624
2013.03.26 00:06:24.332,1.28621,1.28624
2013.03.26 00:06:24.572,1.2862,1.28625
2013.03.26 00:06:28.743,1.28623,1.28628
2013.03.26 00:06:29.251,1.28623,1.28628
2013.03.26 00:06:35.482,1.28623,1.28626
2013.03.26 00:06:35.722,1.28621,1.28625
2013.03.26 00:06:36.382,1.28621,1.28625
2013.03.26 00:06:39.699,1.28622,1.28626
2013.03.26 00:06:40.421,1.28622,1.28626
2013.03.26 00:06:40.782,1.28623,1.28627
2013.03.26 00:06:41.201,1.28623,1.28629
2013.03.26 00:06:42.061,1.28623,1.28629
2013.03.26 00:06:45.493,1.28623,1.28629
2013.03.26 00:06:45.792,1.28627,1.28631
2013.03.26 00:06:45.853,1.28628,1.28631
2013.03.26 00:06:46.093,1.2863,1.28634
2013.03.26 00:06:46.213,1.28632,1.28638
2013.03.26 00:06:46.752,1.28631,1.28638
2013.03.26 00:06:47.295,1.28631,1.28637
2013.03.26 00:06:47.784,1.2863,1.28635
2013.03.26 00:06:48.296,1.2863,1.28635
2013.03.26 00:06:48.843,1.2863,1.28636
2013.03.26 00:06:48.965,1.28629,1.28633
2013.03.26 00:06:49.512,1.28628,1.28633
2013.03.26 00:06:49.693,1.28628,1.28631
2013.03.26 00:06:49.814,1.28627,1.28631
2013.03.26 00:06:50.243,1.28625,1.28631
2013.03.26 00:06:50.542,1.28625,1.2863
2013.03.26 00:06:51.081,1.28625,1.28629
2013.03.26 00:06:54.441,1.28625,1.2863
2013.03.26 00:06:54.984,1.28624,1.28629
2013.03.26 00:07:00.487,1.28625,1.2863
2013.03.26 00:07:00.992,1.28625,1.2863
2013.03.26 00:07:03.863,1.28625,1.28631
2013.03.26 00:07:04.552,1.28625,1.28631
2013.03.26 00:07:05.505,1.28626,1.28633
2013.03.26 00:07:05.812,1.2863,1.28635
2013.03.26 00:07:06.442,1.2863,1.28635
2013.03.26 00:07:07.260,1.28629,1.28635
2013.03.26 00:07:11.613,1.28631,1.28637
2013.03.26 00:07:20.904,1.28633,1.28638
2013.03.26 00:07:20.972,1.28633,1.28637
2013.03.26 00:07:21.452,1.28634,1.28639
2013.03.26 00:07:22.352,1.28634,1.28639
2013.03.26 00:07:27.823,1.28635,1.28639
2013.03.26 00:07:28.382,1.28635,1.28639
2013.03.26 00:07:30.362,1.28632,1.28637
2013.03.26 00:07:31.192,1.28631,1.28636
2013.03.26 00:07:32.372,1.28631,1.28636
2013.03.26 00:07:32.886,1.28632,1.28637
2013.03.26 00:07:34.193,1.28631,1.28636
2013.03.26 00:07:34.852,1.28631,1.28637
2013.03.26 00:07:35.153,1.28633,1.28641
2013.03.26 00:07:35.572,1.28635,1.28641
2013.03.26 00:07:36.113,1.28635,1.28642
2013.03.26 00:07:36.173,1.28635,1.28641
2013.03.26 00:07:36.232,1.28635,1.28641
2013.03.26 00:07:37.047,1.28635,1.2864
2013.03.26 00:07:48.822,1.28635,1.28639
2013.03.26 00:07:49.132,1.28637,1.28642
2013.03.26 00:07:49.371,1.28637,1.28641
2013.03.26 00:07:49.432,1.28636,1.2864
2013.03.26 00:07:50.101,1.28636,1.28641
2013.03.26 00:08:00.804,1.28634,1.2864
2013.03.26 00:08:01.112,1.28634,1.28639
2013.03.26 00:08:01.652,1.28634,1.28639
2013.03.26 00:08:04.213,1.28633,1.28638
2013.03.26 00:08:10.582,1.28633,1.28638
2013.03.26 00:08:14.483,1.28633,1.28639
2013.03.26 00:08:16.565,1.28633,1.28638
2013.03.26 00:08:16.693,1.28631,1.28635
2013.03.26 00:08:17.053,1.28629,1.28631
2013.03.26 00:08:17.414,1.28626,1.28631
2013.03.26 00:08:17.654,1.28625,1.28629
2013.03.26 00:08:17.894,1.28623,1.28628
2013.03.26 00:08:18.431,1.28623,1.28628
2013.03.26 00:08:21.232,1.28622,1.28628
2013.03.26 00:08:21.632,1.28625,1.28631
2013.03.26 00:08:22.147,1.28625,1.28631
2013.03.26 00:08:22.922,1.28625,1.2863
2013.03.26 00:08:31.222,1.28625,1.2863
2013.03.26 00:08:31.404,1.28625,1.28631
2013.03.26 00:08:31.961,1.28625,1.28631
2013.03.26 00:08:34.114,1.28625,1.28631
2013.03.26 00:08:34.532,1.28629,1.28632
2013.03.26 00:08:34.652,1.2863,1.28634
2013.03.26 00:08:35.543,1.28631,1.28634
2013.03.26 00:08:37.022,1.28632,1.28634
2013.03.26 00:08:39.593,1.28632,1.28634
2013.03.26 00:08:40.423,1.28632,1.28636
2013.03.26 00:08:40.482,1.28632,1.28636
2013.03.26 00:08:41.753,1.28631,1.28636
2013.03.26 00:08:41.826,1.28632,1.28638
2013.03.26 00:08:42.037,1.28633,1.28638
2013.03.26 00:08:42.633,1.28633,1.28638
2013.03.26 00:08:42.822,1.28633,1.28639
2013.03.26 00:08:43.332,1.28633,1.28639
2013.03.26 00:08:44.412,1.28633,1.28639
2013.03.26 00:08:44.714,1.28634,1.28639
2013.03.26 00:08:45.072,1.28635,1.28639
2013.03.26 00:08:47.542,1.28636,1.2864
2013.03.26 00:08:49.073,1.28635,1.28643
2013.03.26 00:08:50.144,1.28637,1.28642
2013.03.26 00:08:50.692,1.28638,1.28643
2013.03.26 00:08:51.241,1.28641,1.28646
2013.03.26 00:08:54.933,1.28643,1.28646
2013.03.26 00:08:54.994,1.28643,1.28646
2013.03.26 00:08:55.114,1.2864,1.28642
2013.03.26 00:08:55.173,1.28637,1.28641
2013.03.26 00:08:55.293,1.28635,1.28638
2013.03.26 00:08:56.008,1.2863,1.28636
2013.03.26 00:08:56.552,1.2863,1.28635
2013.03.26 00:08:57.054,1.28631,1.28635
2013.03.26 00:08:57.522,1.28631,1.28635
2013.03.26 00:09:02.202,1.28631,1.28635
2013.03.26 00:09:03.613,1.28631,1.28634
2013.03.26 00:09:09.805,1.28631,1.28633
2013.03.26 00:09:10.753,1.28631,1.28635
2013.03.26 00:09:13.626,1.28633,1.28634
2013.03.26 00:09:16.551,1.28631,1.28634
2013.03.26 00:09:17.119,1.28631,1.28634
2013.03.26 00:09:19.218,1.28631,1.28634
2013.03.26 00:09:19.872,1.28631,1.28634
2013.03.26 00:09:22.382,1.2863,1.28634
2013.03.26 00:09:23.322,1.28631,1.28633
2013.03.26 00:09:37.042,1.28631,1.28634
2013.03.26 00:09:53.509,1.28627,1.28632
2013.03.26 00:09:53.824,1.28626,1.28629
2013.03.26 00:09:53.943,1.28625,1.28629
2013.03.26 00:09:54.193,1.28625,1.28628
2013.03.26 00:09:54.672,1.28625,1.28626
2013.03.26 00:09:55.213,1.28624,1.28628
2013.03.26 00:09:55.633,1.28625,1.28629
2013.03.26 00:09:55.752,1.28626,1.28631
2013.03.26 00:09:57.732,1.28628,1.28631
2013.03.26 00:10:01.773,1.28629,1.28631
2013.03.26 00:10:02.703,1.28629,1.28633
2013.03.26 00:10:03.275,1.28629,1.28633
2013.03.26 00:10:03.702,1.2863,1.28635
2013.03.26 00:10:04.242,1.28631,1.28635
2013.03.26 00:10:05.935,1.28632,1.28636
2013.03.26 00:10:12.862,1.28632,1.28634
2013.03.26 00:10:13.462,1.2863,1.28634
2013.03.26 00:10:13.522,1.2863,1.28634
2013.03.26 00:10:14.082,1.2863,1.28634
2013.03.26 00:10:14.852,1.2863,1.28634
2013.03.26 00:10:15.332,1.28631,1.28635
2013.03.26 00:10:15.872,1.28631,1.28635
2013.03.26 00:10:16.841,1.28631,1.28635
2013.03.26 00:10:18.006,1.28632,1.28635
2013.03.26 00:10:18.562,1.28632,1.28636
2013.03.26 00:10:18.922,1.2863,1.28634
2013.03.26 00:10:19.234,1.2863,1.28634
2013.03.26 00:10:21.783,1.28631,1.28635
2013.03.26 00:10:23.943,1.28631,1.28635
2013.03.26 00:10:29.734,1.2863,1.28635
2013.03.26 00:10:30.052,1.2863,1.28636
2013.03.26 00:10:38.331,1.28632,1.28637
2013.03.26 00:10:42.261,1.28632,1.28637
2013.03.26 00:10:42.818,1.28632,1.28636
2013.03.26 00:10:48.431,1.28632,1.28636
2013.03.26 00:11:04.762,1.28632,1.28637
2013.03.26 00:11:05.392,1.28632,1.28637
2013.03.26 00:11:06.003,1.28632,1.28637
2013.03.26 00:11:06.620,1.28631,1.28637
2013.03.26 00:11:07.162,1.28631,1.28637
2013.03.26 00:11:09.152,1.28633,1.28637
2013.03.26 00:11:14.431,1.28634,1.28638
2013.03.26 00:11:15.012,1.28634,1.28639
2013.03.26 00:11:15.194,1.28634,1.28639
2013.03.26 00:11:15.323,1.28635,1.2864
2013.03.26 00:11:15.853,1.28635,1.2864
2013.03.26 00:11:16.902,1.28635,1.2864
2013.03.26 00:11:17.502,1.28636,1.28639
2013.03.26 00:11:18.314,1.28636,1.28638
2013.03.26 00:11:18.950,1.28634,1.28636
2013.03.26 00:11:22.574,1.28634,1.28636
2013.03.26 00:11:23.132,1.28633,1.28636
2013.03.26 00:11:24.453,1.28633,1.28636
2013.03.26 00:11:40.123,1.28633,1.28636
2013.03.26 00:11:46.312,1.28633,1.28636
2013.03.26 00:11:50.934,1.28631,1.28634
2013.03.26 00:11:51.055,1.2863,1.28633
2013.03.26 00:11:51.124,1.2863,1.28634
2013.03.26 00:11:51.305,1.28631,1.28635
2013.03.26 00:11:51.814,1.2863,1.28636
2013.03.26 00:11:54.404,1.2863,1.28636
2013.03.26 00:11:59.734,1.28632,1.28635
2013.03.26 00:12:04.415,1.28633,1.28636
2013.03.26 00:12:04.965,1.28633,1.28636
2013.03.26 00:12:08.772,1.28633,1.28636
2013.03.26 00:12:10.207,1.28633,1.28637
2013.03.26 00:12:12.613,1.28632,1.28637
2013.03.26 00:12:13.162,1.28632,1.28637
2013.03.26 00:12:15.042,1.28634,1.28637
2013.03.26 00:12:29.053,1.28633,1.28637
2013.03.26 00:12:36.773,1.28633,1.28637
2013.03.26 00:12:51.242,1.28633,1.28637
2013.03.26 00:12:53.844,1.28633,1.28637
2013.03.26 00:12:54.334,1.28635,1.28639
2013.03.26 00:12:54.635,1.28637,1.2864
2013.03.26 00:12:54.824,1.28637,1.28641
2013.03.26 00:12:56.774,1.28637,1.28641
2013.03.26 00:13:01.004,1.28637,1.28641
2013.03.26 00:13:01.526,1.28637,1.28641
2013.03.26 00:13:01.716,1.28638,1.28641
2013.03.26 00:13:02.434,1.28637,1.28641
2013.03.26 00:13:02.794,1.2864,1.28642
2013.03.26 00:13:02.973,1.2864,1.28642
2013.03.26 00:13:03.394,1.28639,1.28642
2013.03.26 00:13:05.595,1.28639,1.28643
2013.03.26 00:13:06.594,1.28639,1.28641
2013.03.26 00:13:06.775,1.28637,1.28639
2013.03.26 00:13:07.776,1.28637,1.2864
2013.03.26 00:13:08.323,1.28638,1.28644
2013.03.26 00:13:08.504,1.2864,1.28644
2013.03.26 00:13:08.804,1.28641,1.28645
2013.03.26 00:13:09.653,1.28641,1.28645
2013.03.26 00:13:12.844,1.28641,1.28645
2013.03.26 00:13:20.973,1.2864,1.28644
2013.03.26 00:13:22.504,1.2864,1.28645
2013.03.26 00:13:23.043,1.2864,1.28645
2013.03.26 00:13:26.127,1.2864,1.28645
2013.03.26 00:13:26.724,1.2864,1.28645
2013.03.26 00:13:28.853,1.2864,1.28645
2013.03.26 00:13:29.572,1.28642,1.28645
2013.03.26 00:13:32.544,1.28641,1.28645
2013.03.26 00:13:34.945,1.28641,1.28645
2013.03.26 00:13:39.724,1.28641,1.28645
2013.03.26 00:13:40.626,1.28641,1.28645
2013.03.26 00:13:40.934,1.28639,1.28642
2013.03.26 00:13:41.115,1.2864,1.28645
2013.03.26 00:13:41.658,1.2864,1.28645
2013.03.26 00:13:42.173,1.2864,1.28645
2013.03.26 00:13:42.684,1.2864,1.28645
2013.03.26 00:13:54.303,1.28641,1.28645
2013.03.26 00:14:13.713,1.2864,1.28645
2013.03.26 00:14:17.783,1.2864,1.28645
2013.03.26 00:14:18.323,1.2864,1.28645
2013.03.26 00:14:22.764,1.2864,1.28643
2013.03.26 00:14:23.439,1.28636,1.2864
2013.03.26 00:14:23.983,1.28636,1.28641
2013.03.26 00:14:24.603,1.28638,1.28643
2013.03.26 00:14:24.674,1.28638,1.28643
2013.03.26 00:14:24.983,1.28638,1.28644
2013.03.26 00:14:25.532,1.28639,1.28645
2013.03.26 00:14:26.034,1.2864,1.28646
2013.03.26 00:14:26.393,1.2864,1.28646
2013.03.26 00:14:26.943,1.2864,1.28646
2013.03.26 00:14:27.944,1.28641,1.28645
2013.03.26 00:14:28.883,1.28641,1.28645
2013.03.26 00:14:29.242,1.28641,1.28645
2013.03.26 00:14:29.782,1.28641,1.28645
2013.03.26 00:14:30.623,1.28641,1.28645
2013.03.26 00:14:32.625,1.28641,1.28645
2013.03.26 00:14:36.073,1.2864,1.28645
2013.03.26 00:14:36.773,1.2864,1.28645
2013.03.26 00:14:37.232,1.2864,1.28645
2013.03.26 00:14:38.853,1.28642,1.28645
2013.03.26 00:14:44.052,1.28642,1.28645
2013.03.26 00:14:45.443,1.2864,1.28645
2013.03.26 00:14:52.253,1.28644,1.28646
2013.03.26 00:14:52.743,1.28643,1.28647
2013.03.26 00:14:53.402,1.28643,1.28646
2013.03.26 00:14:53.653,1.28642,1.28646
2013.03.26 00:14:53.893,1.28643,1.28646
2013.03.26 00:14:54.433,1.28644,1.28646
2013.03.26 00:14:54.554,1.28645,1.28649
2013.03.26 00:14:54.614,1.28647,1.28649
2013.03.26 00:14:55.163,1.28648,1.2865
2013.03.26 00:14:56.444,1.28645,1.28649
2013.03.26 00:14:56.983,1.28645,1.28649
2013.03.26 00:14:58.423,1.28645,1.28649
2013.03.26 00:14:59.142,1.28645,1.28649
2013.03.26 00:15:00.873,1.28645,1.28649
2013.03.26 00:15:01.413,1.28644,1.28648
2013.03.26 00:15:01.934,1.28644,1.28648
2013.03.26 00:15:05.233,1.28644,1.28648
2013.03.26 00:15:05.306,1.28644,1.28646
2013.03.26 00:15:05.377,1.28643,1.28646
2013.03.26 00:15:05.624,1.28642,1.28645
2013.03.26 00:15:05.745,1.28642,1.28645
2013.03.26 00:15:06.283,1.2864,1.28644
2013.03.26 00:15:06.344,1.2864,1.28646
2013.03.26 00:15:06.703,1.2864,1.28643
2013.03.26 00:15:07.244,1.2864,1.28643
2013.03.26 00:15:09.603,1.28641,1.28643
2013.03.26 00:15:10.264,1.2864,1.28643
2013.03.26 00:15:10.325,1.2864,1.28642
2013.03.26 00:15:10.454,1.28638,1.28642
2013.03.26 00:15:10.754,1.28637,1.28639
2013.03.26 00:15:11.874,1.28637,1.2864
2013.03.26 00:15:12.175,1.2864,1.28643
2013.03.26 00:15:12.293,1.2864,1.28644
2013.03.26 00:15:12.833,1.2864,1.28644
2013.03.26 00:15:13.373,1.2864,1.28644
2013.03.26 00:15:14.034,1.2864,1.28644
2013.03.26 00:15:14.624,1.28639,1.28643
2013.03.26 00:15:14.745,1.28639,1.28642
2013.03.26 00:15:14.863,1.28638,1.28641
2013.03.26 00:15:15.344,1.28636,1.28638
2013.03.26 00:15:15.583,1.28634,1.28638
2013.03.26 00:15:15.704,1.28632,1.28638
2013.03.26 00:15:15.884,1.28632,1.28634
2013.03.26 00:15:17.447,1.28631,1.28634
2013.03.26 00:15:17.635,1.2863,1.28632
2013.03.26 00:15:18.183,1.28629,1.28632
2013.03.26 00:15:18.710,1.28629,1.28632
2013.03.26 00:15:19.992,1.2863,1.28633
2013.03.26 00:15:20.485,1.28631,1.28635
2013.03.26 00:15:21.023,1.28631,1.28636
2013.03.26 00:15:21.564,1.28631,1.28636
2013.03.26 00:15:22.099,1.2863,1.28635
2013.03.26 00:15:22.423,1.2863,1.28632
2013.03.26 00:15:22.544,1.28629,1.28631
2013.03.26 00:15:22.727,1.28626,1.2863
2013.03.26 00:15:22.975,1.28626,1.28628
2013.03.26 00:15:23.284,1.28625,1.28628
2013.03.26 00:15:23.344,1.28626,1.2863
2013.03.26 00:15:23.706,1.28626,1.28628
2013.03.26 00:15:24.254,1.28626,1.2863
2013.03.26 00:15:24.314,1.28626,1.2863
2013.03.26 00:15:24.734,1.28627,1.2863
2013.03.26 00:15:26.274,1.28629,1.28631
2013.03.26 00:15:26.824,1.28629,1.28631
2013.03.26 00:15:27.383,1.28628,1.28631
2013.03.26 00:15:27.933,1.28627,1.28631
2013.03.26 00:15:28.474,1.28627,1.28631
2013.03.26 00:15:29.023,1.28627,1.28631
2013.03.26 00:15:29.343,1.28627,1.28631
2013.03.26 00:15:30.136,1.28627,1.28631
2013.03.26 00:15:30.765,1.28627,1.28631
2013.03.26 00:15:32.774,1.28627,1.28631
2013.03.26 00:15:36.965,1.28626,1.2863
2013.03.26 00:15:37.026,1.28625,1.2863
2013.03.26 00:15:37.498,1.28625,1.28629
2013.03.26 00:15:39.684,1.28625,1.2863
2013.03.26 00:15:40.043,1.28627,1.28631
2013.03.26 00:15:41.214,1.28627,1.28632
2013.03.26 00:15:41.574,1.28625,1.28628
2013.03.26 00:15:41.878,1.28623,1.28627
2013.03.26 00:15:42.434,1.28623,1.28627
2013.03.26 00:15:42.975,1.28622,1.28626
2013.03.26 00:15:43.513,1.28621,1.28625
2013.03.26 00:15:44.483,1.28621,1.28625
2013.03.26 00:15:45.095,1.2862,1.28623
2013.03.26 00:15:45.274,1.28618,1.2862
2013.03.26 00:15:45.815,1.28619,1.28621
2013.03.26 00:15:45.995,1.2862,1.28623
2013.03.26 00:15:46.535,1.28618,1.28623
2013.03.26 00:15:46.724,1.28619,1.28624
2013.03.26 00:15:47.446,1.2862,1.28625
2013.03.26 00:15:48.109,1.2862,1.28625
2013.03.26 00:15:48.654,1.2862,1.28626
2013.03.26 00:15:48.976,1.2862,1.28625
2013.03.26 00:15:49.574,1.28618,1.28623
2013.03.26 00:15:49.643,1.28617,1.28622
2013.03.26 00:15:49.708,1.28616,1.2862
2013.03.26 00:15:50.084,1.28613,1.28622
2013.03.26 00:15:50.144,1.28613,1.28616
2013.03.26 00:15:50.324,1.28612,1.28617
2013.03.26 00:15:50.445,1.28612,1.28617
2013.03.26 00:15:50.984,1.28613,1.28617
2013.03.26 00:15:52.343,1.28612,1.28615
2013.03.26 00:15:53.424,1.28611,1.28615
2013.03.26 00:15:54.024,1.28611,1.28617
2013.03.26 00:15:54.565,1.28612,1.28617
2013.03.26 00:15:55.074,1.28612,1.28617
2013.03.26 00:15:55.614,1.28612,1.28618
2013.03.26 00:15:56.334,1.28613,1.28618
2013.03.26 00:15:57.073,1.28613,1.28618
2013.03.26 00:15:57.556,1.28613,1.28618
2013.03.26 00:15:58.093,1.28614,1.28618
2013.03.26 00:15:58.403,1.28617,1.2862
2013.03.26 00:15:58.644,1.2862,1.28623
2013.03.26 00:15:58.884,1.28618,1.28622
2013.03.26 00:15:59.668,1.28618,1.2862
2013.03.26 00:16:00.194,1.28618,1.28621
2013.03.26 00:16:01.414,1.28619,1.28623
2013.03.26 00:16:01.533,1.28619,1.28623
2013.03.26 00:16:02.034,1.2862,1.28624
2013.03.26 00:16:02.574,1.28621,1.28626
2013.03.26 00:16:03.134,1.2862,1.28624
2013.03.26 00:16:23.717,1.28622,1.28626
2013.03.26 00:16:27.013,1.28623,1.28626
2013.03.26 00:16:30.813,1.28623,1.28627
2013.03.26 00:16:32.353,1.28625,1.28627
2013.03.26 00:16:33.450,1.28625,1.28628
2013.03.26 00:16:33.524,1.28623,1.28627
2013.03.26 00:16:34.108,1.28623,1.28627
2013.03.26 00:16:35.484,1.28623,1.28628
2013.03.26 00:16:36.034,1.28624,1.28629
2013.03.26 00:16:36.554,1.28623,1.28629
2013.03.26 00:16:37.168,1.28625,1.28628
2013.03.26 00:16:37.724,1.28624,1.28628
2013.03.26 00:16:38.244,1.28625,1.28629
2013.03.26 00:16:38.793,1.28624,1.28628
2013.03.26 00:16:39.894,1.28623,1.28627
2013.03.26 00:16:40.443,1.28623,1.28627
2013.03.26 00:16:43.934,1.28623,1.28627
2013.03.26 00:16:44.534,1.28623,1.28627
2013.03.26 00:16:47.294,1.28623,1.28627
2013.03.26 00:16:47.835,1.28623,1.28627
2013.03.26 00:16:48.434,1.28623,1.28627
2013.03.26 00:16:52.143,1.28623,1.28627
2013.03.26 00:16:54.074,1.28623,1.28627
2013.03.26 00:16:55.176,1.28623,1.28627
2013.03.26 00:16:55.485,1.28623,1.28627
2013.03.26 00:16:57.026,1.28623,1.28627
2013.03.26 00:16:57.528,1.28623,1.28625
2013.03.26 00:17:03.099,1.28622,1.28625
2013.03.26 00:17:03.285,1.28621,1.28624
2013.03.26 00:17:03.584,1.2862,1.28623
2013.03.26 00:17:04.268,1.28617,1.2862
2013.03.26 00:17:04.350,1.28616,1.28623
2013.03.26 00:17:04.773,1.28618,1.28623
2013.03.26 00:17:06.344,1.28619,1.28623
2013.03.26 00:17:06.835,1.28621,1.28627
2013.03.26 00:17:07.414,1.28621,1.28626
2013.03.26 00:17:07.924,1.28621,1.28626
2013.03.26 00:17:08.886,1.28621,1.28626
2013.03.26 00:17:09.480,1.28621,1.28626
2013.03.26 00:17:10.753,1.28621,1.28625
2013.03.26 00:17:13.173,1.28622,1.28625
2013.03.26 00:17:14.674,1.28621,1.28625
2013.03.26 00:17:31.445,1.2862,1.28625
2013.03.26 00:17:31.573,1.2862,1.28624
2013.03.26 00:17:32.935,1.28617,1.28621
2013.03.26 00:17:33.233,1.28614,1.28617
2013.03.26 00:17:34.084,1.28614,1.28617
2013.03.26 00:17:34.144,1.28613,1.28616
2013.03.26 00:17:35.624,1.28611,1.28614
2013.03.26 00:17:36.504,1.28611,1.28614
2013.03.26 00:17:37.044,1.28612,1.28616
2013.03.26 00:17:38.105,1.28612,1.28616
2013.03.26 00:17:38.636,1.28612,1.28617
2013.03.26 00:17:39.184,1.28611,1.28616
2013.03.26 00:17:39.723,1.28611,1.28615
2013.03.26 00:17:42.314,1.28611,1.28616
2013.03.26 00:17:52.764,1.28611,1.28614
2013.03.26 00:17:53.304,1.28611,1.28615
2013.03.26 00:17:54.035,1.28611,1.28615
2013.03.26 00:17:54.574,1.28611,1.28614
2013.03.26 00:17:58.702,1.2861,1.28613
2013.03.26 00:18:04.733,1.2861,1.28613
2013.03.26 00:18:10.644,1.2861,1.28612
2013.03.26 00:18:16.298,1.28608,1.28611
2013.03.26 00:18:16.605,1.28605,1.28609
2013.03.26 00:18:16.665,1.28604,1.28608
2013.03.26 00:18:16.724,1.28603,1.28605
2013.03.26 00:18:17.265,1.28603,1.28605
2013.03.26 00:18:17.804,1.28603,1.28605
2013.03.26 00:18:22.413,1.28603,1.28605
2013.03.26 00:18:23.683,1.28603,1.28605
2013.03.26 00:18:24.105,1.28601,1.28606
2013.03.26 00:18:24.405,1.28601,1.28605
2013.03.26 00:18:24.885,1.28599,1.28601
2013.03.26 00:18:25.064,1.28594,1.28599
2013.03.26 00:18:25.184,1.28594,1.28599
2013.03.26 00:18:25.723,1.28594,1.28599
2013.03.26 00:18:26.274,1.28594,1.286
2013.03.26 00:18:26.813,1.28595,1.286
2013.03.26 00:18:28.584,1.28595,1.28599
2013.03.26 00:18:29.094,1.28595,1.28601
2013.03.26 00:18:30.654,1.28596,1.28601
2013.03.26 00:18:30.989,1.28595,1.28598
2013.03.26 00:18:31.174,1.28593,1.28595
2013.03.26 00:18:31.656,1.28594,1.28599
2013.03.26 00:18:31.834,1.28594,1.286
2013.03.26 00:18:33.285,1.28594,1.286
2013.03.26 00:18:38.433,1.28595,1.28599
2013.03.26 00:18:38.986,1.28594,1.28598
2013.03.26 00:18:39.294,1.28594,1.28598
2013.03.26 00:18:39.836,1.28591,1.28596
2013.03.26 00:18:40.375,1.2859,1.28595
2013.03.26 00:18:40.905,1.2859,1.28595
2013.03.26 00:18:44.789,1.2859,1.28595
2013.03.26 00:18:46.384,1.28592,1.28597
2013.03.26 00:18:47.104,1.28593,1.28598
2013.03.26 00:19:01.694,1.28595,1.28597
2013.03.26 00:19:03.005,1.28593,1.28598
2013.03.26 00:19:03.553,1.28593,1.28598
2013.03.26 00:19:04.150,1.28592,1.28598
2013.03.26 00:19:05.313,1.28593,1.28598
2013.03.26 00:19:05.854,1.28594,1.28599
2013.03.26 00:19:11.425,1.28593,1.28599
2013.03.26 00:19:12.715,1.28594,1.28599
2013.03.26 00:19:13.263,1.28595,1.28599
2013.03.26 00:19:13.564,1.28596,1.286
2013.03.26 00:19:15.834,1.28595,1.28599
2013.03.26 00:19:19.824,1.28595,1.28599
2013.03.26 00:19:20.363,1.28595,1.28599
2013.03.26 00:19:23.286,1.28595,1.28599
2013.03.26 00:19:25.237,1.28595,1.28598
2013.03.26 00:19:32.487,1.28594,1.28597
2013.03.26 00:19:36.544,1.28594,1.28598
2013.03.26 00:19:38.644,1.28595,1.28599
2013.03.26 00:19:41.983,1.28595,1.28599
2013.03.26 00:19:42.194,1.28593,1.28599
2013.03.26 00:19:42.993,1.28595,1.28598
2013.03.26 00:19:43.513,1.28595,1.28598
2013.03.26 00:19:44.244,1.28595,1.28598
2013.03.26 00:19:46.309,1.28594,1.28598
2013.03.26 00:19:46.434,1.28593,1.28597
2013.03.26 00:19:47.014,1.28589,1.28594
2013.03.26 00:19:47.344,1.2859,1.28595
2013.03.26 00:19:47.855,1.2859,1.28594
2013.03.26 00:19:48.403,1.2859,1.28595
2013.03.26 00:19:48.904,1.28588,1.28594
2013.03.26 00:19:48.965,1.28587,1.28591
2013.03.26 00:19:49.205,1.28587,1.2859
2013.03.26 00:19:49.277,1.28587,1.2859
2013.03.26 00:19:49.334,1.28587,1.28591
2013.03.26 00:19:49.394,1.2859,1.28593
2013.03.26 00:19:49.634,1.2859,1.28593
2013.03.26 00:19:50.173,1.28591,1.28595
2013.03.26 00:19:50.877,1.28591,1.28595
2013.03.26 00:19:51.434,1.28591,1.28595
2013.03.26 00:19:51.734,1.28593,1.28596
2013.03.26 00:19:52.033,1.28595,1.28597
2013.03.26 00:19:52.273,1.28594,1.28599
2013.03.26 00:19:52.804,1.28594,1.28599
2013.03.26 00:19:55.935,1.28594,1.28599
2013.03.26 00:19:56.424,1.28593,1.28598
2013.03.26 00:19:56.485,1.28593,1.28596
2013.03.26 00:19:58.344,1.28593,1.28596
2013.03.26 00:19:59.214,1.28591,1.28596
2013.03.26 00:19:59.484,1.28591,1.28596
2013.03.26 00:20:00.064,1.28591,1.28596
2013.03.26 00:20:00.616,1.28591,1.28595
2013.03.26 00:20:00.685,1.28591,1.28595
2013.03.26 00:20:01.045,1.2859,1.28594
2013.03.26 00:20:01.165,1.28588,1.28594
2013.03.26 00:20:01.524,1.28585,1.2859
2013.03.26 00:20:02.414,1.28585,1.2859
2013.03.26 00:20:03.071,1.28586,1.28591
2013.03.26 00:20:04.795,1.28586,1.28592
2013.03.26 00:20:04.975,1.28588,1.28592
2013.03.26 00:20:05.154,1.2859,1.28595
2013.03.26 00:20:05.694,1.2859,1.28594
2013.03.26 00:20:06.604,1.2859,1.28595
2013.03.26 00:20:07.143,1.2859,1.28596
2013.03.26 00:20:07.709,1.2859,1.28596
2013.03.26 00:20:08.236,1.2859,1.28596
2013.03.26 00:20:10.917,1.2859,1.28596
2013.03.26 00:20:11.165,1.28592,1.28596
2013.03.26 00:20:11.681,1.28592,1.28596
2013.03.26 00:20:12.676,1.28594,1.28597
2013.03.26 00:20:13.184,1.28593,1.28597
2013.03.26 00:20:13.684,1.28595,1.28597
2013.03.26 00:20:13.988,1.28596,1.28599
2013.03.26 00:20:14.114,1.28597,1.28601
2013.03.26 00:20:14.176,1.28599,1.28601
2013.03.26 00:20:14.306,1.28601,1.28603
2013.03.26 00:20:14.554,1.28602,1.28607
2013.03.26 00:20:15.114,1.28602,1.28608
2013.03.26 00:20:15.235,1.28606,1.28609
2013.03.26 00:20:15.415,1.28605,1.28609
2013.03.26 00:20:15.774,1.28604,1.28609
2013.03.26 00:20:18.184,1.28605,1.28609
2013.03.26 00:20:18.724,1.28605,1.28609
2013.03.26 00:20:19.277,1.28605,1.28609
2013.03.26 00:20:20.475,1.28605,1.28609
2013.03.26 00:20:26.387,1.28605,1.28609
2013.03.26 00:20:32.544,1.28605,1.28609
2013.03.26 00:20:33.124,1.28605,1.28609
2013.03.26 00:20:35.144,1.28605,1.28609
2013.03.26 00:20:41.454,1.28605,1.2861
2013.03.26 00:20:41.694,1.28608,1.28611
2013.03.26 00:20:41.874,1.28609,1.28611
2013.03.26 00:20:42.234,1.28608,1.28613
2013.03.26 00:20:42.793,1.28609,1.28614
2013.03.26 00:20:43.323,1.2861,1.28615
2013.03.26 00:20:43.864,1.28612,1.28618
2013.03.26 00:20:44.434,1.28612,1.28618
2013.03.26 00:20:45.066,1.28612,1.28617
2013.03.26 00:20:56.054,1.28612,1.28615
2013.03.26 00:20:57.784,1.28612,1.28615
2013.03.26 00:21:00.465,1.28612,1.28615
2013.03.26 00:21:00.985,1.28612,1.28615
2013.03.26 00:21:08.104,1.28611,1.28615
2013.03.26 00:21:09.744,1.28611,1.28615
2013.03.26 00:21:09.923,1.28611,1.28617
2013.03.26 00:21:12.974,1.28612,1.28616
2013.03.26 00:21:13.494,1.28611,1.28615
2013.03.26 00:21:20.374,1.28611,1.28615
2013.03.26 00:21:20.497,1.2861,1.28615
2013.03.26 00:21:20.685,1.28609,1.28614
2013.03.26 00:21:21.688,1.28608,1.28614
2013.03.26 00:21:22.214,1.28605,1.2861
2013.03.26 00:21:24.194,1.28605,1.2861
2013.03.26 00:21:24.753,1.28605,1.28611
2013.03.26 00:21:27.044,1.28606,1.2861
2013.03.26 00:21:29.634,1.28606,1.2861
2013.03.26 00:21:31.724,1.28606,1.2861
2013.03.26 00:21:34.023,1.28606,1.2861
2013.03.26 00:21:39.443,1.28604,1.2861
2013.03.26 00:21:42.473,1.28605,1.2861
2013.03.26 00:21:45.704,1.28605,1.28609
2013.03.26 00:21:53.045,1.28604,1.28608
2013.03.26 00:21:53.771,1.28604,1.28608
2013.03.26 00:21:54.318,1.28604,1.28608
2013.03.26 00:22:00.854,1.28605,1.28608
2013.03.26 00:22:01.395,1.28605,1.28608
2013.03.26 00:22:02.494,1.28604,1.28608
2013.03.26 00:22:06.375,1.28604,1.28608
2013.03.26 00:22:06.734,1.28603,1.28607
2013.03.26 00:22:07.561,1.28603,1.28607
2013.03.26 00:22:21.024,1.28602,1.28607
2013.03.26 00:22:24.296,1.28602,1.28606
2013.03.26 00:22:25.135,1.28602,1.28605
2013.03.26 00:22:35.751,1.28602,1.28606
2013.03.26 00:22:36.335,1.28602,1.28606
2013.03.26 00:22:36.929,1.28602,1.28606
2013.03.26 00:22:37.694,1.28602,1.28606
2013.03.26 00:22:38.266,1.28603,1.28608
2013.03.26 00:22:40.264,1.28603,1.28608
2013.03.26 00:22:40.625,1.28603,1.28608
2013.03.26 00:22:44.274,1.28604,1.28608
2013.03.26 00:22:44.706,1.28605,1.2861
2013.03.26 00:22:45.254,1.28606,1.2861
2013.03.26 00:22:47.090,1.28608,1.28612
2013.03.26 00:22:48.644,1.28608,1.28612
2013.03.26 00:22:51.485,1.28605,1.28608
2013.03.26 00:22:51.546,1.28604,1.28608
2013.03.26 00:22:51.665,1.28604,1.28609
2013.03.26 00:22:52.205,1.28604,1.28607
2013.03.26 00:22:52.626,1.28602,1.28605
2013.03.26 00:22:52.938,1.286,1.28604
2013.03.26 00:22:53.962,1.286,1.28604
2013.03.26 00:22:54.038,1.28602,1.28606
2013.03.26 00:22:57.530,1.28599,1.28602
2013.03.26 00:22:57.597,1.28598,1.28602
2013.03.26 00:22:57.656,1.28598,1.28602
2013.03.26 00:22:58.077,1.28599,1.28603
2013.03.26 00:22:58.754,1.28599,1.28603
2013.03.26 00:22:58.833,1.28602,1.28607
2013.03.26 00:22:59.074,1.28601,1.28607
2013.03.26 00:23:00.185,1.28602,1.28607
2013.03.26 00:23:01.106,1.28603,1.28608
2013.03.26 00:23:01.465,1.28605,1.2861
2013.03.26 00:23:02.425,1.28607,1.28611
2013.03.26 00:23:02.724,1.2861,1.28614
2013.03.26 00:23:03.624,1.2861,1.28612
2013.03.26 00:23:03.745,1.28607,1.2861
2013.03.26 00:23:03.805,1.28607,1.2861
2013.03.26 00:23:04.344,1.28607,1.2861
2013.03.26 00:23:06.143,1.28605,1.28609
2013.03.26 00:23:07.964,1.28607,1.28609
2013.03.26 00:23:23.195,1.28607,1.28611
2013.03.26 00:23:23.496,1.28609,1.28611
2013.03.26 00:23:24.047,1.2861,1.28612
2013.03.26 00:23:24.585,1.28608,1.28613
2013.03.26 00:23:25.176,1.2861,1.28612
2013.03.26 00:23:27.391,1.2861,1.28613
2013.03.26 00:23:28.274,1.28607,1.28613
2013.03.26 00:23:28.394,1.28609,1.28613
2013.03.26 00:23:30.576,1.28609,1.28612
2013.03.26 00:23:31.095,1.28607,1.28611
2013.03.26 00:23:38.759,1.28608,1.28611
2013.03.26 00:23:39.005,1.28609,1.28613
2013.03.26 00:23:39.304,1.2861,1.28615
2013.03.26 00:23:40.724,1.28611,1.28615
2013.03.26 00:23:49.459,1.28614,1.28617
2013.03.26 00:23:53.875,1.28613,1.28617
2013.03.26 00:23:54.404,1.28613,1.28617
2013.03.26 00:23:55.845,1.28614,1.28618
2013.03.26 00:23:58.904,1.28613,1.28617
2013.03.26 00:23:59.556,1.28613,1.28618
2013.03.26 00:23:59.735,1.28615,1.28619
2013.03.26 00:23:59.856,1.28615,1.2862
2013.03.26 00:23:59.914,1.28616,1.2862
2013.03.26 00:24:02.506,1.28617,1.2862
2013.03.26 00:24:07.596,1.28616,1.2862
2013.03.26 00:24:11.246,1.28616,1.2862
2013.03.26 00:24:14.104,1.28617,1.2862
2013.03.26 00:24:16.945,1.28615,1.28619
2013.03.26 00:24:25.844,1.28615,1.28617
2013.03.26 00:24:26.506,1.28614,1.28617
2013.03.26 00:24:33.403,1.28615,1.28619
2013.03.26 00:24:36.055,1.28617,1.28621
2013.03.26 00:24:36.115,1.28617,1.28621
2013.03.26 00:24:36.295,1.28618,1.28621
2013.03.26 00:24:37.309,1.28621,1.28623
2013.03.26 00:24:37.914,1.28621,1.28623
2013.03.26 00:24:39.374,1.2862,1.28623
2013.03.26 00:24:40.044,1.28621,1.28623
2013.03.26 00:24:46.135,1.2862,1.28623
2013.03.26 00:24:46.315,1.28622,1.28626
2013.03.26 00:24:46.854,1.28623,1.28628
2013.03.26 00:24:47.395,1.28624,1.28628
2013.03.26 00:24:47.634,1.28625,1.28629
2013.03.26 00:24:48.205,1.28625,1.2863
2013.03.26 00:24:50.294,1.28625,1.2863
2013.03.26 00:24:51.374,1.28625,1.2863
2013.03.26 00:24:51.893,1.28625,1.2863
2013.03.26 00:25:01.665,1.28626,1.2863
2013.03.26 00:25:02.205,1.28626,1.2863
2013.03.26 00:25:02.824,1.28626,1.2863
2013.03.26 00:25:03.715,1.28626,1.2863
2013.03.26 00:25:04.273,1.28626,1.2863
2013.03.26 00:25:05.644,1.28625,1.2863
2013.03.26 00:25:07.235,1.28625,1.2863
2013.03.26 00:25:07.943,1.28624,1.2863
2013.03.26 00:25:10.786,1.28624,1.2863
2013.03.26 00:25:10.844,1.28623,1.2863
2013.03.26 00:25:12.095,1.28625,1.2863
2013.03.26 00:25:13.344,1.28625,1.2863
2013.03.26 00:25:14.806,1.28625,1.28628
2013.03.26 00:25:17.164,1.28625,1.28629
2013.03.26 00:25:21.206,1.28624,1.28628
2013.03.26 00:25:21.385,1.28621,1.28626
2013.03.26 00:25:21.935,1.2862,1.28624
2013.03.26 00:25:22.294,1.28619,1.28624
2013.03.26 00:25:22.654,1.28619,1.28622
2013.03.26 00:25:23.144,1.28617,1.28622
2013.03.26 00:25:24.035,1.28614,1.28619
2013.03.26 00:25:24.584,1.28615,1.28618
2013.03.26 00:25:25.145,1.28614,1.28618
2013.03.26 00:25:27.835,1.28615,1.28619
2013.03.26 00:25:31.377,1.28615,1.28619
2013.03.26 00:25:33.293,1.28615,1.28619
2013.03.26 00:25:38.888,1.28615,1.28619
2013.03.26 00:25:39.134,1.28617,1.2862
2013.03.26 00:25:39.928,1.28616,1.2862
2013.03.26 00:25:40.455,1.28616,1.28621
2013.03.26 00:25:40.994,1.28617,1.28622
2013.03.26 00:25:41.506,1.28617,1.28621
2013.03.26 00:25:43.255,1.28617,1.28621
2013.03.26 00:25:43.794,1.28617,1.28622
2013.03.26 00:25:44.335,1.28619,1.28624
2013.03.26 00:25:44.395,1.2862,1.28624
2013.03.26 00:25:44.754,1.2862,1.28626
2013.03.26 00:25:46.414,1.28621,1.28625
2013.03.26 00:25:46.964,1.28621,1.28625
2013.03.26 00:25:48.397,1.2862,1.28625
2013.03.26 00:25:48.704,1.2862,1.28624
2013.03.26 00:25:49.005,1.28618,1.2862
2013.03.26 00:25:49.544,1.28616,1.2862
2013.03.26 00:25:50.206,1.28616,1.28619
2013.03.26 00:25:50.625,1.28618,1.2862
2013.03.26 00:25:50.744,1.28618,1.2862
2013.03.26 00:25:51.115,1.28616,1.28619
2013.03.26 00:25:52.227,1.28615,1.28618
2013.03.26 00:25:58.924,1.28615,1.28619
2013.03.26 00:25:59.345,1.28615,1.28617
2013.03.26 00:26:00.205,1.28615,1.28617
2013.03.26 00:26:04.845,1.28615,1.28618
2013.03.26 00:26:04.905,1.28615,1.28618
2013.03.26 00:26:05.534,1.28615,1.28618
2013.03.26 00:26:12.284,1.28615,1.28618
2013.03.26 00:26:15.163,1.28613,1.28617
2013.03.26 00:26:27.004,1.28615,1.28617
2013.03.26 00:26:27.525,1.28615,1.28617
2013.03.26 00:26:34.489,1.28613,1.28617
2013.03.26 00:26:35.315,1.28615,1.28618
2013.03.26 00:26:35.377,1.28616,1.28619
2013.03.26 00:26:35.444,1.28615,1.28619
2013.03.26 00:26:35.984,1.28614,1.2862
2013.03.26 00:26:37.614,1.28613,1.2862
2013.03.26 00:26:37.796,1.28613,1.28617
2013.03.26 00:26:38.335,1.28611,1.28616
2013.03.26 00:26:41.854,1.28613,1.28618
2013.03.26 00:26:42.519,1.28613,1.28618
2013.03.26 00:26:43.497,1.28613,1.28618
2013.03.26 00:26:46.054,1.28613,1.28618
2013.03.26 00:26:47.494,1.28613,1.28618
2013.03.26 00:26:49.104,1.28614,1.28618
2013.03.26 00:26:52.575,1.28615,1.2862
2013.03.26 00:26:53.114,1.28615,1.28619
2013.03.26 00:26:53.655,1.28615,1.2862
2013.03.26 00:26:57.294,1.28615,1.2862
2013.03.26 00:26:57.845,1.28614,1.2862
2013.03.26 00:26:58.787,1.28614,1.2862
2013.03.26 00:27:10.794,1.28613,1.28619
2013.03.26 00:27:21.695,1.28613,1.28619
2013.03.26 00:27:22.234,1.28612,1.28618
2013.03.26 00:27:22.774,1.28612,1.28618
2013.03.26 00:27:24.824,1.28612,1.28618
2013.03.26 00:27:25.382,1.28612,1.28618
2013.03.26 00:27:27.194,1.28613,1.28619
2013.03.26 00:27:33.326,1.28613,1.28618
2013.03.26 00:27:35.294,1.28613,1.28618
2013.03.26 00:27:36.036,1.28613,1.28618
2013.03.26 00:27:37.526,1.28613,1.28618
2013.03.26 00:27:46.675,1.28612,1.28618
2013.03.26 00:27:47.215,1.28614,1.28619
2013.03.26 00:27:47.959,1.28614,1.28619
2013.03.26 00:27:58.665,1.28612,1.28616
2013.03.26 00:27:59.025,1.28608,1.28613
2013.03.26 00:28:04.795,1.28607,1.28611
2013.03.26 00:28:06.323,1.28608,1.28612
2013.03.26 00:28:06.865,1.2861,1.28613
2013.03.26 00:28:20.815,1.2861,1.28613
2013.03.26 00:28:21.247,1.28613,1.28616
2013.03.26 00:28:21.316,1.28614,1.28619
2013.03.26 00:28:22.061,1.28615,1.28619
2013.03.26 00:28:22.605,1.28615,1.2862
2013.03.26 00:28:24.625,1.28615,1.2862
2013.03.26 00:28:32.805,1.28615,1.28621
2013.03.26 00:28:33.345,1.28615,1.2862
2013.03.26 00:28:37.286,1.28615,1.2862
2013.03.26 00:28:39.526,1.28615,1.2862
2013.03.26 00:28:40.065,1.28615,1.28619
2013.03.26 00:28:40.545,1.28615,1.28619
2013.03.26 00:28:52.275,1.28615,1.28619
2013.03.26 00:28:56.297,1.28615,1.28619
2013.03.26 00:28:56.924,1.28615,1.28619
2013.03.26 00:29:02.645,1.28615,1.28618
2013.03.26 00:29:05.816,1.28615,1.28618
2013.03.26 00:29:06.450,1.28615,1.28618
2013.03.26 00:29:07.392,1.28613,1.28618
2013.03.26 00:29:11.462,1.28615,1.28619
2013.03.26 00:29:12.764,1.28615,1.28618
2013.03.26 00:29:21.094,1.28615,1.28618
2013.03.26 00:29:21.635,1.28616,1.2862
2013.03.26 00:29:24.594,1.28616,1.2862
2013.03.26 00:29:29.366,1.28617,1.28621
2013.03.26 00:29:33.156,1.28616,1.28621
2013.03.26 00:29:35.665,1.28616,1.2862
2013.03.26 00:29:44.574,1.28616,1.2862
2013.03.26 00:29:47.184,1.28616,1.2862
2013.03.26 00:29:58.435,1.28615,1.28618
2013.03.26 00:29:58.497,1.28615,1.28618
2013.03.26 00:29:59.004,1.28613,1.28618
2013.03.26 00:30:02.554,1.28613,1.28618
2013.03.26 00:30:03.664,1.28612,1.28618
2013.03.26 00:30:09.274,1.28613,1.28618
2013.03.26 00:30:09.515,1.28615,1.28619
2013.03.26 00:30:09.754,1.28615,1.2862
2013.03.26 00:30:17.865,1.28616,1.28619
2013.03.26 00:30:19.764,1.28616,1.2862
2013.03.26 00:30:20.508,1.28616,1.2862
2013.03.26 00:30:31.206,1.28615,1.2862
2013.03.26 00:30:31.995,1.28612,1.28618
2013.03.26 00:30:32.055,1.28612,1.28617
2013.03.26 00:30:36.015,1.28612,1.28617
2013.03.26 00:30:36.195,1.28612,1.28616
2013.03.26 00:30:36.744,1.28611,1.28615
2013.03.26 00:30:37.045,1.28611,1.28615
2013.03.26 00:30:43.624,1.2861,1.28614
2013.03.26 00:30:44.845,1.2861,1.28614
2013.03.26 00:30:45.530,1.2861,1.28613
2013.03.26 00:30:45.904,1.28611,1.28615
2013.03.26 00:30:46.534,1.28611,1.28615
2013.03.26 00:30:50.705,1.28611,1.28615
2013.03.26 00:30:51.286,1.2861,1.28615
2013.03.26 00:30:54.865,1.2861,1.28614
2013.03.26 00:30:55.484,1.2861,1.28615
2013.03.26 00:30:56.113,1.2861,1.28615
2013.03.26 00:30:59.497,1.2861,1.28615
2013.03.26 00:30:59.675,1.28611,1.28614
2013.03.26 00:31:00.035,1.28611,1.28615
2013.03.26 00:31:00.574,1.28611,1.28615
2013.03.26 00:31:01.995,1.28611,1.28613
2013.03.26 00:31:02.056,1.2861,1.28613
2013.03.26 00:31:02.356,1.28606,1.2861
2013.03.26 00:31:02.545,1.28606,1.2861
2013.03.26 00:31:02.905,1.28605,1.28607
2013.03.26 00:31:03.444,1.28605,1.28608
2013.03.26 00:31:06.904,1.28601,1.28606
2013.03.26 00:31:06.966,1.28603,1.28608
2013.03.26 00:31:07.206,1.28606,1.28608
2013.03.26 00:31:07.745,1.28604,1.28609
2013.03.26 00:31:08.469,1.28603,1.28608
2013.03.26 00:31:08.666,1.28603,1.28607
2013.03.26 00:31:09.106,1.28602,1.28606
2013.03.26 00:31:09.166,1.286,1.28603
2013.03.26 00:31:09.287,1.286,1.28606
2013.03.26 00:31:09.409,1.28604,1.28606
2013.03.26 00:31:09.536,1.28606,1.28608
2013.03.26 00:31:10.076,1.28605,1.28608
2013.03.26 00:31:10.195,1.28605,1.28609
2013.03.26 00:31:17.675,1.28605,1.28609
2013.03.26 00:31:18.275,1.28605,1.28609
2013.03.26 00:31:21.165,1.28605,1.28608
2013.03.26 00:31:21.716,1.28606,1.28608
2013.03.26 00:31:22.235,1.28606,1.28608
2013.03.26 00:31:24.142,1.28606,1.2861
2013.03.26 00:31:25.688,1.28607,1.2861
2013.03.26 00:31:26.238,1.2861,1.28614
2013.03.26 00:31:26.818,1.2861,1.28614
2013.03.26 00:31:27.335,1.2861,1.28614
2013.03.26 00:31:28.206,1.2861,1.28614
2013.03.26 00:31:28.266,1.2861,1.28612
2013.03.26 00:31:28.626,1.2861,1.28612
2013.03.26 00:31:28.686,1.2861,1.28613
2013.03.26 00:31:29.045,1.2861,1.28614
2013.03.26 00:31:44.246,1.2861,1.28614
2013.03.26 00:31:57.536,1.28609,1.28613
2013.03.26 00:31:57.596,1.28609,1.28613
2013.03.26 00:31:57.836,1.28607,1.2861
2013.03.26 00:31:58.017,1.28607,1.28609
2013.03.26 00:31:58.196,1.28605,1.28609
2013.03.26 00:32:13.031,1.28605,1.28609
2013.03.26 00:32:16.516,1.28605,1.28609
2013.03.26 00:32:17.066,1.28603,1.28607
2013.03.26 00:32:18.026,1.28604,1.28608
2013.03.26 00:32:18.567,1.28602,1.28604
2013.03.26 00:32:18.627,1.286,1.28603
2013.03.26 00:32:18.696,1.28599,1.28601
2013.03.26 00:32:19.236,1.28598,1.28602
2013.03.26 00:32:19.776,1.28597,1.28602
2013.03.26 00:32:20.175,1.28597,1.28602
2013.03.26 00:32:22.925,1.286,1.28603
2013.03.26 00:32:22.987,1.28601,1.28603
2013.03.26 00:32:23.056,1.28601,1.28604
2013.03.26 00:32:23.476,1.28604,1.28608
2013.03.26 00:32:29.566,1.28604,1.28609
2013.03.26 00:32:33.086,1.28605,1.28609
2013.03.26 00:32:33.845,1.28605,1.28609
2013.03.26 00:32:59.438,1.28604,1.28607
2013.03.26 00:32:59.627,1.28604,1.28607
2013.03.26 00:33:00.165,1.28602,1.28606
2013.03.26 00:33:00.826,1.28601,1.28605
2013.03.26 00:33:04.464,1.28601,1.28605
2013.03.26 00:33:04.975,1.28601,1.28605
2013.03.26 00:33:08.000,1.286,1.28605
2013.03.26 00:33:08.126,1.286,1.28601
2013.03.26 00:33:08.307,1.28597,1.286
2013.03.26 00:33:08.667,1.28596,1.28598
2013.03.26 00:33:08.726,1.28596,1.286
2013.03.26 00:33:09.205,1.28598,1.28601
2013.03.26 00:33:09.446,1.286,1.28604
2013.03.26 00:33:09.685,1.28603,1.28607
2013.03.26 00:33:10.236,1.28602,1.28606
2013.03.26 00:33:10.905,1.28603,1.28605
2013.03.26 00:33:14.065,1.28606,1.28609
2013.03.26 00:33:14.366,1.28607,1.2861
2013.03.26 00:33:14.986,1.28608,1.2861
2013.03.26 00:33:15.067,1.28604,1.28607
2013.03.26 00:33:35.285,1.28605,1.28608
2013.03.26 00:33:35.467,1.28607,1.28608
2013.03.26 00:33:35.528,1.28607,1.28609
2013.03.26 00:33:48.175,1.28605,1.28608
2013.03.26 00:33:48.495,1.28601,1.2861
2013.03.26 00:33:48.557,1.28604,1.28605
2013.03.26 00:33:49.345,1.28603,1.28604
2013.03.26 00:33:49.465,1.286,1.28605
2013.03.26 00:33:49.587,1.286,1.28603
2013.03.26 00:33:49.646,1.28602,1.28604
2013.03.26 00:33:50.399,1.28604,1.28608
2013.03.26 00:33:50.944,1.28604,1.28608
2013.03.26 00:33:51.007,1.28602,1.28605
2013.03.26 00:33:51.308,1.28599,1.28606
2013.03.26 00:33:51.380,1.28597,1.28607
2013.03.26 00:33:51.575,1.28599,1.28604
2013.03.26 00:33:51.755,1.28599,1.28602
2013.03.26 00:33:52.000,1.28596,1.28603
2013.03.26 00:33:52.586,1.28597,1.28601
2013.03.26 00:33:54.665,1.28595,1.28597
2013.03.26 00:33:54.725,1.28594,1.28597
2013.03.26 00:33:54.905,1.28591,1.28594
2013.03.26 00:33:55.145,1.2859,1.28593
2013.03.26 00:33:55.954,1.2859,1.28592
2013.03.26 00:33:56.495,1.28589,1.28592
2013.03.26 00:33:56.556,1.2859,1.28593
2013.03.26 00:33:56.615,1.28592,1.28594
2013.03.26 00:33:56.676,1.28593,1.28597
2013.03.26 00:33:56.856,1.28594,1.28596
2013.03.26 00:33:57.276,1.28595,1.28599
2013.03.26 00:33:57.825,1.28596,1.286
2013.03.26 00:33:58.494,1.28595,1.28597
2013.03.26 00:33:58.815,1.28594,1.28595
2013.03.26 00:33:59.117,1.28592,1.28595
2013.03.26 00:33:59.715,1.28591,1.28595
2013.03.26 00:34:00.075,1.28591,1.28594
2013.03.26 00:34:00.646,1.28591,1.28594
2013.03.26 00:34:01.197,1.28591,1.28593
2013.03.26 00:34:02.605,1.2859,1.28592
2013.03.26 00:34:02.787,1.28588,1.28593
2013.03.26 00:34:02.846,1.28589,1.28591
2013.03.26 00:34:02.906,1.28585,1.28593
2013.03.26 00:34:03.265,1.28587,1.2859
2013.03.26 00:34:03.625,1.28587,1.28589
2013.03.26 00:34:03.866,1.28586,1.28589
2013.03.26 00:34:04.642,1.28585,1.28588
2013.03.26 00:34:05.195,1.28583,1.28585
2013.03.26 00:34:05.705,1.28583,1.28586
2013.03.26 00:34:08.096,1.28582,1.28586
2013.03.26 00:34:08.635,1.28582,1.28585
2013.03.26 00:34:10.486,1.28581,1.28584
2013.03.26 00:34:15.936,1.2858,1.28583
2013.03.26 00:34:16.056,1.28579,1.28581
2013.03.26 00:34:16.595,1.28579,1.2858
2013.03.26 00:34:17.836,1.28579,1.28582
2013.03.26 00:34:18.915,1.28578,1.2858
2013.03.26 00:34:19.605,1.28577,1.2858
2013.03.26 00:34:20.359,1.28578,1.2858
2013.03.26 00:34:23.045,1.28579,1.2858
2013.03.26 00:34:29.286,1.28577,1.2858
2013.03.26 00:34:29.525,1.28575,1.28579
2013.03.26 00:34:30.856,1.28574,1.28578
2013.03.26 00:34:31.156,1.28573,1.28577
2013.03.26 00:34:32.926,1.28572,1.28576
2013.03.26 00:34:35.522,1.28573,1.28577
2013.03.26 00:34:35.966,1.28574,1.28578
2013.03.26 00:34:36.267,1.28575,1.28579
2013.03.26 00:34:36.506,1.28579,1.28581
2013.03.26 00:34:37.045,1.2858,1.28583
2013.03.26 00:34:37.468,1.28577,1.2858
2013.03.26 00:34:38.369,1.28575,1.28579
2013.03.26 00:34:38.625,1.28575,1.2858
2013.03.26 00:34:38.745,1.28575,1.2858
2013.03.26 00:34:38.926,1.28576,1.28581
2013.03.26 00:34:38.986,1.28577,1.28583
2013.03.26 00:34:39.165,1.28581,1.28584
2013.03.26 00:34:39.285,1.2858,1.28584
2013.03.26 00:34:39.346,1.2858,1.28581
2013.03.26 00:34:39.706,1.28576,1.2858
2013.03.26 00:34:39.766,1.28576,1.28578
2013.03.26 00:34:40.185,1.28574,1.28578
2013.03.26 00:34:40.947,1.28576,1.28579
2013.03.26 00:34:41.127,1.28576,1.28578
2013.03.26 00:34:41.305,1.28577,1.2858
2013.03.26 00:34:41.485,1.28577,1.28579
2013.03.26 00:34:41.553,1.28575,1.28579
2013.03.26 00:34:42.057,1.28575,1.28578
2013.03.26 00:34:42.616,1.28575,1.28577
2013.03.26 00:34:43.215,1.28575,1.28577
2013.03.26 00:34:44.865,1.28574,1.28578
2013.03.26 00:34:48.735,1.28574,1.28578
2013.03.26 00:34:49.340,1.28575,1.28578
2013.03.26 00:34:50.716,1.28571,1.28575
2013.03.26 00:34:50.776,1.28571,1.28575
2013.03.26 00:34:51.137,1.28569,1.28572
2013.03.26 00:34:51.435,1.28572,1.28576
2013.03.26 00:34:51.676,1.28573,1.28576
2013.03.26 00:34:51.977,1.28575,1.28578
2013.03.26 00:34:52.156,1.28576,1.28578
2013.03.26 00:34:52.775,1.28574,1.28578
2013.03.26 00:34:54.850,1.28575,1.28578
2013.03.26 00:34:55.035,1.28577,1.28579
2013.03.26 00:34:57.826,1.28577,1.28579
2013.03.26 00:34:58.186,1.28576,1.28581
2013.03.26 00:34:58.246,1.28578,1.28581
2013.03.26 00:34:58.546,1.28578,1.28582
2013.03.26 00:34:58.906,1.2858,1.28582
2013.03.26 00:34:58.966,1.28579,1.28584
2013.03.26 00:34:59.525,1.28584,1.28586
2013.03.26 00:35:00.658,1.28581,1.28584
2013.03.26 00:35:00.726,1.28581,1.28582
2013.03.26 00:35:00.786,1.28579,1.28582
2013.03.26 00:35:01.085,1.28578,1.2858
2013.03.26 00:35:03.557,1.28577,1.2858
2013.03.26 00:35:04.085,1.28577,1.28579
2013.03.26 00:35:04.888,1.28577,1.2858
2013.03.26 00:35:05.135,1.28579,1.28584
2013.03.26 00:35:05.196,1.2858,1.28584
2013.03.26 00:35:05.377,1.28582,1.28585
2013.03.26 00:35:05.627,1.28581,1.28585
2013.03.26 00:35:05.686,1.28581,1.28585
2013.03.26 00:35:05.985,1.28582,1.28587
2013.03.26 00:35:06.226,1.28584,1.28588
2013.03.26 00:35:06.345,1.28586,1.28588
2013.03.26 00:35:06.646,1.28587,1.2859
2013.03.26 00:35:06.768,1.28589,1.28591
2013.03.26 00:35:07.688,1.2859,1.28593
2013.03.26 00:35:08.526,1.2859,1.28593
2013.03.26 00:35:08.661,1.28587,1.2859
2013.03.26 00:35:08.905,1.28583,1.28587
2013.03.26 00:35:09.325,1.28582,1.28585
2013.03.26 00:35:10.085,1.28583,1.28587
2013.03.26 00:35:10.386,1.28586,1.2859
2013.03.26 00:35:10.506,1.28588,1.2859
2013.03.26 00:35:10.565,1.28588,1.28592
2013.03.26 00:35:11.105,1.28589,1.28591
2013.03.26 00:35:11.645,1.28589,1.28591
2013.03.26 00:35:12.187,1.28589,1.28591
2013.03.26 00:35:14.586,1.2859,1.28593
2013.03.26 00:35:14.706,1.28592,1.28597
2013.03.26 00:35:14.825,1.28593,1.28598
2013.03.26 00:35:14.945,1.28593,1.28597
2013.03.26 00:35:15.125,1.28593,1.28599
2013.03.26 00:35:15.626,1.28594,1.28599
2013.03.26 00:35:17.765,1.28593,1.28599
2013.03.26 00:35:18.366,1.28592,1.28597
2013.03.26 00:35:31.715,1.28593,1.28598
2013.03.26 00:35:33.985,1.28594,1.28598
2013.03.26 00:35:37.445,1.28593,1.28599
2013.03.26 00:35:37.947,1.28593,1.28599
2013.03.26 00:35:41.286,1.28593,1.28599
2013.03.26 00:35:42.796,1.28594,1.286
2013.03.26 00:35:43.937,1.28597,1.28604
2013.03.26 00:35:44.018,1.28601,1.28606
2013.03.26 00:35:44.386,1.28601,1.28606
2013.03.26 00:35:45.636,1.28602,1.28607
2013.03.26 00:35:45.994,1.28603,1.28607
2013.03.26 00:35:47.478,1.28605,1.28609
2013.03.26 00:35:47.727,1.28609,1.28612
2013.03.26 00:35:47.966,1.28606,1.2861
2013.03.26 00:35:48.267,1.28604,1.28607
2013.03.26 00:35:48.516,1.286,1.28604
2013.03.26 00:35:48.576,1.286,1.28604
2013.03.26 00:35:48.637,1.28598,1.28603
2013.03.26 00:35:48.996,1.28597,1.28601
2013.03.26 00:35:49.537,1.28598,1.28602
2013.03.26 00:35:50.155,1.28598,1.28602
2013.03.26 00:35:50.698,1.28599,1.28604
2013.03.26 00:35:51.270,1.28599,1.28605
2013.03.26 00:35:51.655,1.28599,1.28604
2013.03.26 00:35:54.668,1.286,1.28605
2013.03.26 00:35:55.205,1.28599,1.28604
2013.03.26 00:35:55.507,1.28602,1.28605
2013.03.26 00:35:55.626,1.28603,1.28607
2013.03.26 00:35:56.246,1.28603,1.28608
2013.03.26 00:35:57.966,1.28603,1.28606
2013.03.26 00:36:07.809,1.28603,1.28606
2013.03.26 00:36:07.937,1.28601,1.28604
2013.03.26 00:36:08.056,1.28598,1.28601
2013.03.26 00:36:08.117,1.28597,1.286
2013.03.26 00:36:08.477,1.28594,1.28597
2013.03.26 00:36:08.657,1.28593,1.28597
2013.03.26 00:36:19.985,1.28593,1.28597
2013.03.26 00:36:21.285,1.28594,1.28597
2013.03.26 00:36:26.544,1.28595,1.28598
2013.03.26 00:36:26.605,1.28595,1.28599
2013.03.26 00:36:31.326,1.28593,1.28598
2013.03.26 00:36:41.396,1.28592,1.28598
2013.03.26 00:36:42.865,1.28593,1.28597
2013.03.26 00:36:48.085,1.28593,1.28597
2013.03.26 00:36:48.666,1.28593,1.28597
2013.03.26 00:36:53.805,1.28593,1.28597
2013.03.26 00:36:57.705,1.28593,1.28597
2013.03.26 00:37:01.636,1.28592,1.28597
2013.03.26 00:37:04.864,1.28593,1.28597
2013.03.26 00:37:06.085,1.28593,1.28597
2013.03.26 00:37:07.616,1.28593,1.28597
2013.03.26 00:37:09.745,1.28594,1.28597
2013.03.26 00:37:10.247,1.28595,1.28597
2013.03.26 00:37:10.545,1.28594,1.28597
2013.03.26 00:37:12.535,1.28594,1.28597
2013.03.26 00:37:13.046,1.28594,1.28597
2013.03.26 00:37:14.986,1.28593,1.28597
2013.03.26 00:37:15.526,1.28592,1.28597
2013.03.26 00:37:16.066,1.28593,1.28597
2013.03.26 00:37:17.196,1.28592,1.28597
2013.03.26 00:37:19.656,1.28593,1.28597
2013.03.26 00:37:20.201,1.28593,1.28597
2013.03.26 00:37:24.275,1.28591,1.28596
2013.03.26 00:37:24.877,1.28591,1.28596
2013.03.26 00:37:24.999,1.2859,1.28594
2013.03.26 00:37:25.126,1.28588,1.28593
2013.03.26 00:37:25.606,1.2859,1.28595
2013.03.26 00:37:26.168,1.2859,1.28594
2013.03.26 00:37:28.367,1.28591,1.28595
2013.03.26 00:37:28.868,1.28592,1.28595
2013.03.26 00:37:29.395,1.28592,1.28597
2013.03.26 00:37:31.386,1.28593,1.28597
2013.03.26 00:37:31.806,1.28595,1.28598
2013.03.26 00:37:32.356,1.28595,1.28599
2013.03.26 00:37:33.607,1.28597,1.28599
2013.03.26 00:37:34.146,1.28597,1.28601
2013.03.26 00:37:34.506,1.28594,1.28602
2013.03.26 00:37:34.627,1.28595,1.28599
2013.03.26 00:37:35.166,1.28596,1.28597
2013.03.26 00:37:37.887,1.28594,1.28598
2013.03.26 00:37:38.007,1.28594,1.28597
2013.03.26 00:37:38.430,1.28594,1.28596
2013.03.26 00:37:38.557,1.28593,1.28596
2013.03.26 00:37:38.736,1.28592,1.28596
2013.03.26 00:37:39.046,1.28592,1.28595
2013.03.26 00:37:39.406,1.28591,1.28595
2013.03.26 00:37:39.945,1.2859,1.28594
2013.03.26 00:37:41.485,1.28589,1.28594
2013.03.26 00:37:43.935,1.28588,1.28594
2013.03.26 00:37:44.296,1.28589,1.28592
2013.03.26 00:37:44.835,1.28588,1.28592
2013.03.26 00:37:46.829,1.28585,1.28588
2013.03.26 00:37:46.957,1.28582,1.28587
2013.03.26 00:37:47.018,1.28582,1.28587
2013.03.26 00:37:47.325,1.28579,1.28583
2013.03.26 00:37:47.830,1.28578,1.28583
2013.03.26 00:37:48.884,1.28578,1.2858
2013.03.26 00:37:48.958,1.28575,1.28579
2013.03.26 00:37:49.496,1.28575,1.28579
2013.03.26 00:37:50.575,1.28577,1.2858
2013.03.26 00:37:50.878,1.28576,1.28579
2013.03.26 00:37:51.425,1.28576,1.28579
2013.03.26 00:37:51.486,1.28576,1.28577
2013.03.26 00:37:51.797,1.28574,1.28577
2013.03.26 00:37:52.159,1.28571,1.28573
2013.03.26 00:37:52.227,1.28572,1.28575
2013.03.26 00:37:52.347,1.28574,1.28578
2013.03.26 00:37:52.887,1.28574,1.28578
2013.03.26 00:37:54.932,1.28574,1.28578
2013.03.26 00:37:55.237,1.28578,1.2858
2013.03.26 00:37:55.775,1.2858,1.28582
2013.03.26 00:37:56.747,1.28581,1.28583
2013.03.26 00:37:56.869,1.28583,1.28584
2013.03.26 00:37:57.175,1.28584,1.28588
2013.03.26 00:38:02.476,1.28583,1.28588
2013.03.26 00:38:03.067,1.28584,1.28588
2013.03.26 00:38:10.065,1.28584,1.28586
2013.03.26 00:38:10.246,1.28581,1.28586
2013.03.26 00:38:10.786,1.2858,1.28585
2013.03.26 00:38:10.846,1.2858,1.28584
2013.03.26 00:38:11.147,1.28576,1.28581
2013.03.26 00:38:11.206,1.28576,1.28579
2013.03.26 00:38:11.507,1.28575,1.28578
2013.03.26 00:38:12.249,1.28575,1.2858
2013.03.26 00:38:12.795,1.28577,1.28582
2013.03.26 00:38:15.306,1.28577,1.2858
2013.03.26 00:38:15.485,1.28575,1.2858
2013.03.26 00:38:15.848,1.28572,1.28578
2013.03.26 00:38:16.385,1.28574,1.28578
2013.03.26 00:38:17.465,1.28572,1.28575
2013.03.26 00:38:17.596,1.28572,1.28575
2013.03.26 00:38:19.457,1.2857,1.28575
2013.03.26 00:38:19.527,1.28569,1.28572
2013.03.26 00:38:19.946,1.28567,1.2857
2013.03.26 00:38:20.966,1.28567,1.2857
2013.03.26 00:38:21.085,1.28566,1.2857
2013.03.26 00:38:21.540,1.28566,1.2857
2013.03.26 00:38:21.846,1.2857,1.28573
2013.03.26 00:38:21.906,1.28572,1.28575
2013.03.26 00:38:22.207,1.28574,1.28576
2013.03.26 00:38:22.325,1.28575,1.28578
2013.03.26 00:38:24.006,1.28575,1.28578
2013.03.26 00:38:25.178,1.28576,1.28579
2013.03.26 00:38:25.936,1.28576,1.2858
2013.03.26 00:38:26.116,1.28576,1.2858
2013.03.26 00:38:26.177,1.28577,1.2858
2013.03.26 00:38:26.416,1.2858,1.28583
2013.03.26 00:38:26.596,1.28582,1.28585
2013.03.26 00:38:26.658,1.28584,1.28587
2013.03.26 00:38:27.195,1.28584,1.28588
2013.03.26 00:38:28.626,1.28584,1.28587
2013.03.26 00:38:29.156,1.28584,1.28588
2013.03.26 00:38:29.216,1.28585,1.28588
2013.03.26 00:38:29.696,1.28586,1.2859
2013.03.26 00:38:29.876,1.28588,1.28591
2013.03.26 00:38:29.936,1.28588,1.28592
2013.03.26 00:38:30.237,1.28587,1.28591
2013.03.26 00:38:30.357,1.28587,1.2859
2013.03.26 00:38:31.997,1.28588,1.28591
2013.03.26 00:38:32.127,1.2859,1.28592
2013.03.26 00:38:32.189,1.2859,1.28594
2013.03.26 00:38:32.266,1.28592,1.28595
2013.03.26 00:38:32.517,1.28595,1.28599
2013.03.26 00:38:32.937,1.28596,1.28598
2013.03.26 00:38:33.297,1.28594,1.28599
2013.03.26 00:38:33.605,1.28592,1.28595
2013.03.26 00:38:34.428,1.28592,1.28595
2013.03.26 00:38:34.747,1.2859,1.28596
2013.03.26 00:38:34.986,1.28591,1.28593
2013.03.26 00:38:35.467,1.28587,1.28591
2013.03.26 00:38:36.005,1.28587,1.28591
2013.03.26 00:38:36.515,1.28587,1.28591
2013.03.26 00:38:40.116,1.28588,1.28593
2013.03.26 00:38:42.716,1.28588,1.28591
2013.03.26 00:38:43.017,1.28585,1.28588
2013.03.26 00:38:45.417,1.28585,1.28588
2013.03.26 00:38:45.896,1.28585,1.28589
2013.03.26 00:38:46.487,1.28585,1.28588
2013.03.26 00:38:48.347,1.28585,1.28588
2013.03.26 00:38:51.957,1.28583,1.28586
2013.03.26 00:38:52.320,1.2858,1.28587
2013.03.26 00:38:52.387,1.2858,1.28585
2013.03.26 00:38:52.571,1.2858,1.28584
2013.03.26 00:38:52.698,1.28579,1.28583
2013.03.26 00:38:52.756,1.28579,1.28582
2013.03.26 00:38:52.936,1.28578,1.28582
2013.03.26 00:38:55.206,1.28577,1.28581
2013.03.26 00:38:55.385,1.28577,1.2858
2013.03.26 00:38:55.686,1.28577,1.28579
2013.03.26 00:38:56.046,1.28575,1.28579
2013.03.26 00:38:58.948,1.28575,1.28577
2013.03.26 00:38:59.136,1.28573,1.28577
2013.03.26 00:38:59.316,1.28572,1.28577
2013.03.26 00:38:59.437,1.28571,1.28576
2013.03.26 00:38:59.975,1.28568,1.28573
2013.03.26 00:39:00.516,1.28569,1.28573
2013.03.26 00:39:00.967,1.28568,1.28571
2013.03.26 00:39:01.150,1.28567,1.2857
2013.03.26 00:39:01.276,1.28565,1.2857
2013.03.26 00:39:01.337,1.28564,1.28569
2013.03.26 00:39:01.696,1.28565,1.28568
2013.03.26 00:39:01.995,1.28565,1.2857
2013.03.26 00:39:02.272,1.28565,1.2857
2013.03.26 00:39:02.578,1.28565,1.28568
2013.03.26 00:39:02.649,1.28564,1.28567
2013.03.26 00:39:03.199,1.28564,1.28566
2013.03.26 00:39:04.009,1.28563,1.28566
2013.03.26 00:39:04.784,1.28562,1.28568
2013.03.26 00:39:08.257,1.28564,1.28568
2013.03.26 00:39:09.016,1.28563,1.28568
2013.03.26 00:39:09.765,1.28563,1.28568
2013.03.26 00:39:10.696,1.28563,1.28568
2013.03.26 00:39:11.185,1.28565,1.28569
2013.03.26 00:39:11.988,1.28563,1.28568
2013.03.26 00:39:12.728,1.28562,1.28568
2013.03.26 00:39:13.266,1.28562,1.28566
2013.03.26 00:39:13.326,1.28562,1.28565
2013.03.26 00:39:14.047,1.28561,1.28565
2013.03.26 00:39:15.905,1.28563,1.28566
2013.03.26 00:39:20.316,1.28562,1.28565
2013.03.26 00:39:20.438,1.28562,1.28564
2013.03.26 00:39:23.327,1.28561,1.28565
2013.03.26 00:39:23.566,1.28559,1.28562
2013.03.26 00:39:24.851,1.2856,1.28563
2013.03.26 00:39:26.842,1.28563,1.28565
2013.03.26 00:39:27.026,1.2856,1.28562
2013.03.26 00:39:27.209,1.28558,1.2856
2013.03.26 00:39:27.279,1.28555,1.2856
2013.03.26 00:39:27.588,1.28555,1.28559
2013.03.26 00:39:27.886,1.28557,1.2856
2013.03.26 00:39:28.009,1.2856,1.28564
2013.03.26 00:39:28.136,1.28562,1.28564
2013.03.26 00:39:28.676,1.28564,1.28566
2013.03.26 00:39:29.388,1.28565,1.28567
2013.03.26 00:39:30.747,1.28562,1.28565
2013.03.26 00:39:30.869,1.28561,1.28565
2013.03.26 00:39:30.938,1.28561,1.28564
2013.03.26 00:39:31.066,1.28562,1.28564
2013.03.26 00:39:31.187,1.2856,1.28566
2013.03.26 00:39:33.056,1.28561,1.28566
2013.03.26 00:39:33.616,1.28561,1.28565
2013.03.26 00:39:33.946,1.28561,1.28564
2013.03.26 00:39:34.065,1.2856,1.28564
2013.03.26 00:39:34.605,1.2856,1.28563
2013.03.26 00:39:35.217,1.28557,1.2856
2013.03.26 00:39:35.517,1.28558,1.28561
2013.03.26 00:39:36.056,1.28557,1.28563
2013.03.26 00:39:36.617,1.28561,1.28565
2013.03.26 00:39:37.037,1.28559,1.28563
2013.03.26 00:39:37.276,1.28556,1.28559
2013.03.26 00:39:37.336,1.28556,1.28559
2013.03.26 00:39:37.585,1.28555,1.28558
2013.03.26 00:39:38.116,1.28556,1.28558
2013.03.26 00:39:39.099,1.28556,1.2856
2013.03.26 00:39:40.007,1.28556,1.2856
2013.03.26 00:39:40.200,1.28555,1.2856
2013.03.26 00:39:40.447,1.28555,1.28559
2013.03.26 00:39:40.506,1.28555,1.2856
2013.03.26 00:39:41.037,1.2855,1.28558
2013.03.26 00:39:43.277,1.28553,1.28557
2013.03.26 00:39:43.396,1.28551,1.28555
2013.03.26 00:39:43.695,1.2855,1.28555
2013.03.26 00:39:44.235,1.2855,1.28554
2013.03.26 00:39:44.760,1.2855,1.28555
2013.03.26 00:39:45.676,1.2855,1.28554
2013.03.26 00:39:45.917,1.28547,1.28551
2013.03.26 00:39:46.396,1.28545,1.28551
2013.03.26 00:39:46.911,1.28545,1.28551
2013.03.26 00:39:47.420,1.28545,1.2855
2013.03.26 00:39:47.966,1.28545,1.2855
2013.03.26 00:39:48.608,1.28545,1.28549
2013.03.26 00:39:49.265,1.28545,1.2855
2013.03.26 00:39:51.209,1.28547,1.2855
2013.03.26 00:39:51.516,1.2855,1.28554
2013.03.26 00:39:51.576,1.28551,1.28554
2013.03.26 00:39:51.756,1.28551,1.28555
2013.03.26 00:39:51.938,1.28551,1.28555
2013.03.26 00:39:52.498,1.28552,1.28556
2013.03.26 00:39:53.471,1.28552,1.28556
2013.03.26 00:39:57.779,1.28554,1.28557
2013.03.26 00:39:58.027,1.28555,1.2856
2013.03.26 00:39:58.565,1.28555,1.2856
2013.03.26 00:40:01.106,1.28555,1.2856
2013.03.26 00:40:02.015,1.28555,1.28558
2013.03.26 00:40:02.518,1.28555,1.28559
2013.03.26 00:40:03.056,1.28555,1.28558
2013.03.26 00:40:03.661,1.28555,1.28558
2013.03.26 00:40:04.205,1.28555,1.28559
2013.03.26 00:40:06.706,1.28555,1.2856
2013.03.26 00:40:07.245,1.28556,1.28561
2013.03.26 00:40:09.095,1.28556,1.28562
2013.03.26 00:40:10.705,1.28555,1.28562
2013.03.26 00:40:11.261,1.28556,1.2856
2013.03.26 00:40:13.216,1.28556,1.2856
2013.03.26 00:40:17.125,1.28556,1.2856
2013.03.26 00:40:18.535,1.28556,1.2856
2013.03.26 00:40:19.065,1.28558,1.28562
2013.03.26 00:40:19.367,1.28561,1.28563
2013.03.26 00:40:19.547,1.28561,1.28565
2013.03.26 00:40:19.665,1.28561,1.28565
2013.03.26 00:40:20.208,1.28562,1.28565
2013.03.26 00:40:20.746,1.28562,1.28566
2013.03.26 00:40:22.925,1.28563,1.28567
2013.03.26 00:40:26.596,1.28565,1.28569
2013.03.26 00:40:35.956,1.28565,1.28569
2013.03.26 00:40:36.495,1.28565,1.28569
2013.03.26 00:40:37.046,1.28564,1.28568
2013.03.26 00:40:37.716,1.28563,1.28568
2013.03.26 00:40:39.345,1.28564,1.28568
2013.03.26 00:40:43.479,1.28565,1.28569
2013.03.26 00:40:44.526,1.28564,1.28569
2013.03.26 00:40:44.886,1.28564,1.28567
2013.03.26 00:40:45.426,1.28563,1.28566
2013.03.26 00:40:46.047,1.28563,1.28566
2013.03.26 00:40:46.575,1.28563,1.28566
2013.03.26 00:40:47.906,1.28562,1.28565
2013.03.26 00:40:48.927,1.28562,1.28566
2013.03.26 00:40:49.287,1.28564,1.28569
2013.03.26 00:40:52.737,1.28563,1.28567
2013.03.26 00:40:53.686,1.28563,1.28567
2013.03.26 00:40:54.225,1.28564,1.28569
2013.03.26 00:40:55.376,1.28564,1.28568
2013.03.26 00:40:56.367,1.28564,1.28568
2013.03.26 00:40:56.986,1.28564,1.28568
2013.03.26 00:40:57.525,1.28565,1.28569
2013.03.26 00:40:59.386,1.28565,1.28568
2013.03.26 00:41:01.656,1.28563,1.28567
2013.03.26 00:41:02.077,1.28562,1.28566
2013.03.26 00:41:02.256,1.2856,1.28566
2013.03.26 00:41:02.816,1.2856,1.28564
2013.03.26 00:41:03.176,1.28557,1.28561
2013.03.26 00:41:03.237,1.28556,1.2856
2013.03.26 00:41:03.777,1.28557,1.2856
2013.03.26 00:41:04.306,1.28557,1.2856
2013.03.26 00:41:05.686,1.28557,1.28561
2013.03.26 00:41:05.866,1.28557,1.28563
2013.03.26 00:41:06.406,1.28557,1.28562
2013.03.26 00:41:07.116,1.28557,1.2856
2013.03.26 00:41:07.235,1.28556,1.28559
2013.03.26 00:41:07.297,1.28554,1.28558
2013.03.26 00:41:07.839,1.28552,1.28558
2013.03.26 00:41:07.905,1.28552,1.28558
2013.03.26 00:41:09.837,1.28555,1.28557
2013.03.26 00:41:10.617,1.28555,1.2856
2013.03.26 00:41:11.155,1.28555,1.2856
2013.03.26 00:41:11.687,1.28557,1.28561
2013.03.26 00:41:11.808,1.28558,1.28563
2013.03.26 00:41:12.230,1.28561,1.28565
2013.03.26 00:41:12.776,1.28562,1.28568
2013.03.26 00:41:13.467,1.28562,1.28568
2013.03.26 00:41:14.818,1.28562,1.28567
2013.03.26 00:41:17.826,1.28562,1.28567
2013.03.26 00:41:20.196,1.28561,1.28567
2013.03.26 00:41:20.800,1.28561,1.28563
2013.03.26 00:41:21.047,1.28558,1.28562
2013.03.26 00:41:21.587,1.28557,1.2856
2013.03.26 00:41:21.767,1.28554,1.28558
2013.03.26 00:41:22.127,1.28552,1.28557
2013.03.26 00:41:23.078,1.28553,1.28557
2013.03.26 00:41:23.154,1.28553,1.28558
2013.03.26 00:41:23.606,1.28553,1.28558
2013.03.26 00:41:25.337,1.28553,1.28556
2013.03.26 00:41:25.458,1.28552,1.28557
2013.03.26 00:41:25.937,1.28552,1.28557
2013.03.26 00:41:26.058,1.28553,1.28559
2013.03.26 00:41:26.357,1.28556,1.2856
2013.03.26 00:41:26.536,1.28555,1.2856
2013.03.26 00:41:27.059,1.28554,1.28556
2013.03.26 00:41:27.307,1.28551,1.28554
2013.03.26 00:41:27.846,1.28551,1.28555
2013.03.26 00:41:33.881,1.2855,1.28552
2013.03.26 00:41:34.218,1.28548,1.28553
2013.03.26 00:41:34.408,1.28549,1.28551
2013.03.26 00:41:34.716,1.28545,1.28548
2013.03.26 00:41:34.776,1.28545,1.28548
2013.03.26 00:41:35.148,1.28545,1.28549
2013.03.26 00:41:35.277,1.28546,1.28549
2013.03.26 00:41:35.697,1.28546,1.28551
2013.03.26 00:41:36.789,1.2855,1.28553
2013.03.26 00:41:36.869,1.28548,1.28552
2013.03.26 00:41:37.117,1.28546,1.28551
2013.03.26 00:41:38.317,1.28546,1.28552
2013.03.26 00:41:38.377,1.28547,1.28552
2013.03.26 00:41:38.497,1.28546,1.28553
2013.03.26 00:41:38.558,1.28548,1.28551
2013.03.26 00:41:38.868,1.28546,1.2855
2013.03.26 00:41:39.047,1.28544,1.28549
2013.03.26 00:41:40.677,1.28545,1.28549
2013.03.26 00:41:41.397,1.28548,1.28551
2013.03.26 00:41:41.757,1.2855,1.28553
2013.03.26 00:41:41.937,1.28551,1.28555
2013.03.26 00:41:43.068,1.28551,1.28556
2013.03.26 00:41:46.577,1.28553,1.28558
2013.03.26 00:41:47.616,1.28553,1.28558
2013.03.26 00:41:50.526,1.28553,1.28558
2013.03.26 00:41:55.098,1.28554,1.28558
2013.03.26 00:41:58.048,1.28554,1.28558
2013.03.26 00:41:58.107,1.28554,1.28558
2013.03.26 00:41:59.207,1.28555,1.28558
2013.03.26 00:42:04.708,1.28555,1.28559
2013.03.26 00:42:04.886,1.28557,1.28561
2013.03.26 00:42:05.708,1.28557,1.28562
2013.03.26 00:42:06.316,1.28557,1.28562
2013.03.26 00:42:06.437,1.28556,1.2856
2013.03.26 00:42:11.396,1.28555,1.2856
2013.03.26 00:42:11.937,1.28555,1.28559
2013.03.26 00:42:13.308,1.28556,1.2856
2013.03.26 00:42:14.046,1.28555,1.2856
2013.03.26 00:42:14.596,1.28555,1.28559
2013.03.26 00:42:15.137,1.28555,1.28559
2013.03.26 00:42:18.849,1.28555,1.28559
2013.03.26 00:42:22.946,1.28555,1.28559
2013.03.26 00:42:23.476,1.28555,1.28559
2013.03.26 00:42:24.448,1.28555,1.28559
2013.03.26 00:42:30.236,1.28555,1.2856
2013.03.26 00:42:30.746,1.28555,1.2856
2013.03.26 00:42:31.287,1.28555,1.28559
2013.03.26 00:42:31.976,1.28555,1.28559
2013.03.26 00:42:36.786,1.28555,1.28559
2013.03.26 00:42:37.327,1.28555,1.28559
2013.03.26 00:42:37.916,1.28555,1.2856
2013.03.26 00:42:50.499,1.28555,1.2856
2013.03.26 00:42:51.062,1.28555,1.28559
2013.03.26 00:42:57.686,1.28555,1.28559
2013.03.26 00:42:58.677,1.28555,1.28559
2013.03.26 00:43:04.729,1.28555,1.28559
2013.03.26 00:43:20.956,1.28554,1.28558
2013.03.26 00:43:23.096,1.28554,1.28558
2013.03.26 00:43:26.726,1.28555,1.28559
2013.03.26 00:43:29.080,1.28556,1.2856
2013.03.26 00:43:32.006,1.28556,1.2856
2013.03.26 00:43:37.047,1.28558,1.2856
2013.03.26 00:43:38.359,1.28557,1.2856
2013.03.26 00:43:39.279,1.28557,1.2856
2013.03.26 00:43:39.407,1.2856,1.28563
2013.03.26 00:43:39.527,1.2856,1.28564
2013.03.26 00:43:39.648,1.28562,1.28565
2013.03.26 00:43:39.956,1.28565,1.28566
2013.03.26 00:43:40.497,1.28564,1.28566
2013.03.26 00:43:41.036,1.28564,1.28566
2013.03.26 00:43:42.371,1.28565,1.28569
2013.03.26 00:43:42.497,1.28565,1.28568
2013.03.26 00:43:42.557,1.28567,1.2857
2013.03.26 00:43:42.678,1.28569,1.28571
2013.03.26 00:43:42.858,1.2857,1.28574
2013.03.26 00:43:43.097,1.28571,1.28575
2013.03.26 00:43:43.637,1.28569,1.28572
2013.03.26 00:43:43.997,1.28566,1.2857
2013.03.26 00:43:44.237,1.28565,1.28567
2013.03.26 00:43:44.788,1.28565,1.28567
2013.03.26 00:43:50.238,1.28565,1.28566
2013.03.26 00:44:04.886,1.28563,1.28567
2013.03.26 00:44:09.087,1.28565,1.28568
2013.03.26 00:44:09.626,1.28565,1.28567
2013.03.26 00:44:10.106,1.28566,1.28569
2013.03.26 00:44:10.626,1.28566,1.28569
2013.03.26 00:44:12.466,1.28567,1.2857
2013.03.26 00:44:12.717,1.2857,1.28572
2013.03.26 00:44:12.836,1.2857,1.28574
2013.03.26 00:44:12.896,1.2857,1.28575
2013.03.26 00:44:13.197,1.28574,1.28577
2013.03.26 00:44:15.737,1.28575,1.28577
2013.03.26 00:44:18.807,1.28574,1.28577
2013.03.26 00:44:19.337,1.28575,1.28577
2013.03.26 00:44:21.578,1.28575,1.28577
2013.03.26 00:44:21.937,1.28573,1.28577
2013.03.26 00:44:22.119,1.28573,1.28578
2013.03.26 00:44:22.837,1.28573,1.28578
2013.03.26 00:44:23.657,1.28573,1.28578
2013.03.26 00:44:24.584,1.28573,1.28578
2013.03.26 00:44:25.126,1.28573,1.28577
2013.03.26 00:44:25.677,1.28573,1.28577
2013.03.26 00:44:26.216,1.28573,1.28577
2013.03.26 00:44:29.117,1.28573,1.28577
2013.03.26 00:44:35.197,1.28573,1.28577
2013.03.26 00:44:35.746,1.28571,1.28577
2013.03.26 00:44:36.686,1.28571,1.28577
2013.03.26 00:44:38.595,1.28571,1.28577
2013.03.26 00:44:38.835,1.28573,1.28578
2013.03.26 00:44:44.355,1.28573,1.28577
2013.03.26 00:44:45.116,1.28572,1.28577
2013.03.26 00:44:46.056,1.28571,1.28576
2013.03.26 00:44:46.606,1.28572,1.28576
2013.03.26 00:44:47.677,1.28572,1.28576
2013.03.26 00:45:01.207,1.28575,1.28578
2013.03.26 00:45:01.870,1.28575,1.28578
2013.03.26 00:45:01.936,1.28575,1.28578
2013.03.26 00:45:02.517,1.28575,1.28578
2013.03.26 00:45:03.056,1.28575,1.28578
2013.03.26 00:45:06.346,1.28575,1.28579
2013.03.26 00:45:06.887,1.28576,1.28579
2013.03.26 00:45:07.008,1.28578,1.28582
2013.03.26 00:45:07.128,1.28581,1.28584
2013.03.26 00:45:07.246,1.28581,1.28586
2013.03.26 00:45:07.786,1.28581,1.28586
2013.03.26 00:45:08.326,1.28582,1.28586
2013.03.26 00:45:09.275,1.28582,1.28585
2013.03.26 00:45:09.457,1.2858,1.28585
2013.03.26 00:45:09.997,1.28576,1.28582
2013.03.26 00:45:10.547,1.28577,1.28582
2013.03.26 00:45:11.049,1.28576,1.28581
2013.03.26 00:45:11.586,1.28576,1.28581
2013.03.26 00:45:15.925,1.28575,1.2858
2013.03.26 00:45:20.287,1.28576,1.2858
2013.03.26 00:45:20.348,1.28576,1.2858
2013.03.26 00:45:20.479,1.28576,1.2858
2013.03.26 00:45:21.016,1.28576,1.2858
2013.03.26 00:45:22.326,1.28576,1.2858
2013.03.26 00:45:25.811,1.28576,1.2858
2013.03.26 00:45:26.356,1.28577,1.28581
2013.03.26 00:45:30.328,1.28578,1.28581
2013.03.26 00:45:30.628,1.28581,1.28584
2013.03.26 00:45:30.817,1.28581,1.28586
2013.03.26 00:45:31.176,1.28582,1.28587
2013.03.26 00:45:31.705,1.28584,1.28586
2013.03.26 00:45:33.366,1.28583,1.28586
2013.03.26 00:45:36.419,1.28584,1.28587
2013.03.26 00:45:37.845,1.28584,1.28588
2013.03.26 00:45:38.385,1.28583,1.28586
2013.03.26 00:45:39.316,1.28582,1.28586
2013.03.26 00:45:40.637,1.28582,1.28585
2013.03.26 00:45:45.497,1.28583,1.28586
2013.03.26 00:45:46.088,1.28583,1.28587
2013.03.26 00:45:50.972,1.28583,1.28587
2013.03.26 00:45:54.537,1.28581,1.28587
2013.03.26 00:45:56.937,1.28581,1.28585
2013.03.26 00:45:57.476,1.28581,1.28585
2013.03.26 00:45:58.183,1.28581,1.28585
2013.03.26 00:45:58.957,1.28582,1.28587
2013.03.26 00:45:59.508,1.28582,1.28587
2013.03.26 00:46:00.172,1.28582,1.28587
2013.03.26 00:46:00.698,1.28582,1.28586
2013.03.26 00:46:01.447,1.28582,1.28587
2013.03.26 00:46:06.182,1.28582,1.28587
2013.03.26 00:46:08.707,1.28583,1.28587
2013.03.26 00:46:09.893,1.28583,1.28586
2013.03.26 00:46:10.098,1.2858,1.28584
2013.03.26 00:46:10.219,1.28579,1.28581
2013.03.26 00:46:10.278,1.28577,1.2858
2013.03.26 00:46:10.638,1.28577,1.28581
2013.03.26 00:46:10.998,1.2858,1.28583
2013.03.26 00:46:11.238,1.28582,1.28586
2013.03.26 00:46:11.479,1.28584,1.28588
2013.03.26 00:46:12.017,1.28584,1.28588
2013.03.26 00:46:12.577,1.28584,1.28588
2013.03.26 00:46:16.057,1.28584,1.28588
2013.03.26 00:46:16.597,1.28584,1.28588
2013.03.26 00:46:20.650,1.28585,1.28589
2013.03.26 00:46:21.408,1.28585,1.28589
2013.03.26 00:46:22.108,1.28585,1.28589
2013.03.26 00:46:23.457,1.28585,1.28589
2013.03.26 00:46:24.017,1.28585,1.28588
2013.03.26 00:46:34.123,1.28585,1.28588
2013.03.26 00:46:35.097,1.28585,1.28588
2013.03.26 00:46:35.917,1.28585,1.28588
2013.03.26 00:46:45.647,1.28585,1.28589
2013.03.26 00:46:46.463,1.28588,1.28592
2013.03.26 00:46:46.549,1.28588,1.28592
2013.03.26 00:46:47.107,1.28589,1.28592
2013.03.26 00:46:47.648,1.28589,1.28593
2013.03.26 00:46:48.187,1.28591,1.28592
2013.03.26 00:46:48.677,1.28591,1.28594
2013.03.26 00:46:48.977,1.28595,1.28597
2013.03.26 00:46:49.996,1.28595,1.28598
2013.03.26 00:46:50.177,1.28595,1.28599
2013.03.26 00:46:50.837,1.28595,1.28599
2013.03.26 00:46:52.497,1.28595,1.28599
2013.03.26 00:46:52.927,1.28596,1.286
2013.03.26 00:46:53.048,1.286,1.28602
2013.03.26 00:46:53.229,1.28601,1.28605
2013.03.26 00:46:53.288,1.28601,1.28607
2013.03.26 00:46:53.407,1.28604,1.28609
2013.03.26 00:46:53.918,1.28604,1.28608
2013.03.26 00:46:55.907,1.28604,1.28609
2013.03.26 00:46:55.968,1.28603,1.28608
2013.03.26 00:46:56.597,1.28602,1.28608
2013.03.26 00:47:00.057,1.28602,1.28608
2013.03.26 00:47:01.259,1.28602,1.28608
2013.03.26 00:47:01.807,1.28604,1.28608
2013.03.26 00:47:02.328,1.28604,1.28608
2013.03.26 00:47:02.688,1.28605,1.28609
2013.03.26 00:47:03.227,1.28605,1.28609
2013.03.26 00:47:04.689,1.28605,1.2861
2013.03.26 00:47:05.227,1.28605,1.28609
2013.03.26 00:47:07.057,1.28605,1.28609
2013.03.26 00:47:07.597,1.28605,1.28608
2013.03.26 00:47:08.776,1.28604,1.28608
2013.03.26 00:47:12.108,1.28603,1.28606
2013.03.26 00:47:13.797,1.28603,1.28605
2013.03.26 00:47:14.548,1.28603,1.28605
2013.03.26 00:47:15.057,1.28603,1.28607
2013.03.26 00:47:18.208,1.28603,1.28607
2013.03.26 00:47:18.998,1.28604,1.28608
2013.03.26 00:47:19.556,1.28604,1.28608
2013.03.26 00:47:25.460,1.28603,1.28607
2013.03.26 00:47:26.017,1.28603,1.28607
2013.03.26 00:47:26.567,1.28603,1.28606
2013.03.26 00:47:27.826,1.28603,1.28606
2013.03.26 00:47:28.370,1.28603,1.28606
2013.03.26 00:47:28.968,1.28603,1.28607
2013.03.26 00:47:29.588,1.28604,1.28607
2013.03.26 00:47:32.507,1.28604,1.28607
2013.03.26 00:47:34.499,1.28603,1.28607
2013.03.26 00:47:34.739,1.28605,1.28609
2013.03.26 00:47:34.999,1.28605,1.28608
2013.03.26 00:47:35.739,1.28605,1.28608
2013.03.26 00:47:36.271,1.28605,1.28609
2013.03.26 00:47:37.597,1.28604,1.28608
2013.03.26 00:47:38.137,1.28604,1.28607
2013.03.26 00:47:38.688,1.28604,1.28608
2013.03.26 00:47:39.718,1.28604,1.28607
2013.03.26 00:47:40.248,1.28604,1.28607
2013.03.26 00:47:44.227,1.28604,1.28607
2013.03.26 00:47:45.317,1.28604,1.28607
2013.03.26 00:47:45.887,1.28604,1.28607
2013.03.26 00:47:51.438,1.28604,1.28607
2013.03.26 00:47:53.579,1.28604,1.28607
2013.03.26 00:47:53.736,1.28604,1.28607
2013.03.26 00:48:03.617,1.28604,1.28608
2013.03.26 00:48:08.152,1.28603,1.28608
2013.03.26 00:48:11.886,1.28603,1.28607
2013.03.26 00:48:14.796,1.28603,1.28608
2013.03.26 00:48:18.837,1.28603,1.28607
2013.03.26 00:48:18.899,1.28603,1.28606
2013.03.26 00:48:19.201,1.286,1.28603
2013.03.26 00:48:19.807,1.286,1.28602
2013.03.26 00:48:22.757,1.28598,1.28601
2013.03.26 00:48:23.298,1.28595,1.286
2013.03.26 00:48:23.597,1.28595,1.28598
2013.03.26 00:48:26.088,1.28594,1.28598
2013.03.26 00:48:29.357,1.28594,1.28598
2013.03.26 00:48:31.238,1.28594,1.28598
2013.03.26 00:48:36.387,1.28593,1.28598
2013.03.26 00:48:37.571,1.28595,1.286
2013.03.26 00:48:38.008,1.28595,1.286
2013.03.26 00:48:41.049,1.28597,1.286
2013.03.26 00:48:41.588,1.28599,1.28603
2013.03.26 00:48:41.767,1.28601,1.28604
2013.03.26 00:48:41.827,1.28602,1.28607
2013.03.26 00:48:42.367,1.28602,1.28606
2013.03.26 00:48:43.277,1.28602,1.28606
2013.03.26 00:48:46.037,1.28602,1.28605
2013.03.26 00:48:46.578,1.28602,1.28605
2013.03.26 00:48:46.757,1.28602,1.28607
2013.03.26 00:48:47.303,1.28603,1.28608
2013.03.26 00:48:47.947,1.28603,1.28608
2013.03.26 00:48:48.872,1.28603,1.28608
2013.03.26 00:48:49.378,1.286,1.28607
2013.03.26 00:48:49.437,1.286,1.28606
2013.03.26 00:48:53.698,1.286,1.28607
2013.03.26 00:48:54.426,1.28601,1.28607
2013.03.26 00:48:55.097,1.28601,1.28606
2013.03.26 00:48:55.987,1.28601,1.28606
2013.03.26 00:48:56.769,1.28601,1.28606
2013.03.26 00:48:59.839,1.28601,1.28606
2013.03.26 00:49:00.717,1.28601,1.28606
2013.03.26 00:49:01.267,1.28601,1.28605
2013.03.26 00:49:02.047,1.28601,1.28605
2013.03.26 00:49:02.730,1.28601,1.28606
2013.03.26 00:49:03.038,1.28599,1.28602
2013.03.26 00:49:03.460,1.28597,1.28599
2013.03.26 00:49:03.648,1.28597,1.286
2013.03.26 00:49:03.888,1.28597,1.28602
2013.03.26 00:49:04.129,1.28598,1.28602
2013.03.26 00:49:04.307,1.28602,1.28605
2013.03.26 00:49:04.488,1.28602,1.28608
2013.03.26 00:49:05.083,1.28602,1.28607
2013.03.26 00:49:07.958,1.28603,1.28608
2013.03.26 00:49:08.511,1.28604,1.28609
2013.03.26 00:49:09.090,1.28604,1.28609
2013.03.26 00:49:09.597,1.28604,1.28609
2013.03.26 00:49:10.698,1.28604,1.28609
2013.03.26 00:49:11.516,1.28603,1.28608
2013.03.26 00:49:12.648,1.28604,1.28608
2013.03.26 00:49:12.830,1.28607,1.2861
2013.03.26 00:49:13.259,1.28607,1.28611
2013.03.26 00:49:13.438,1.28608,1.28611
2013.03.26 00:49:13.858,1.28607,1.28611
2013.03.26 00:49:14.477,1.28606,1.28611
2013.03.26 00:49:15.367,1.28605,1.28611
2013.03.26 00:49:15.668,1.28605,1.28609
2013.03.26 00:49:16.207,1.28605,1.28609
2013.03.26 00:49:17.787,1.28605,1.28609
2013.03.26 00:49:19.617,1.28605,1.28609
2013.03.26 00:49:21.367,1.28605,1.28609
2013.03.26 00:49:23.298,1.28605,1.28609
2013.03.26 00:49:26.197,1.28605,1.28609
2013.03.26 00:49:54.877,1.28605,1.28608
2013.03.26 00:49:54.998,1.28607,1.2861
2013.03.26 00:49:55.358,1.28609,1.28612
2013.03.26 00:49:56.923,1.28605,1.2861
2013.03.26 00:49:57.118,1.28605,1.2861
2013.03.26 00:49:57.646,1.28606,1.2861
2013.03.26 00:50:00.587,1.28605,1.2861
2013.03.26 00:50:05.888,1.28604,1.2861
2013.03.26 00:50:06.577,1.28604,1.2861
2013.03.26 00:50:07.270,1.28604,1.2861
2013.03.26 00:50:11.641,1.28604,1.28609
2013.03.26 00:50:12.148,1.28603,1.28607
2013.03.26 00:50:12.667,1.28603,1.28607
2013.03.26 00:50:15.380,1.28602,1.28607
2013.03.26 00:50:15.897,1.28602,1.28607
2013.03.26 00:50:17.037,1.28603,1.28607
2013.03.26 00:50:18.919,1.28603,1.28608
2013.03.26 00:50:19.707,1.28603,1.28608
2013.03.26 00:50:20.377,1.28603,1.28608
2013.03.26 00:50:21.066,1.28604,1.28608
2013.03.26 00:50:26.019,1.28604,1.28609
2013.03.26 00:50:26.941,1.28604,1.28608
2013.03.26 00:50:29.949,1.28604,1.28608
2013.03.26 00:50:30.718,1.28605,1.2861
2013.03.26 00:50:36.348,1.28605,1.28609
2013.03.26 00:50:38.247,1.28605,1.28609
2013.03.26 00:50:38.798,1.28605,1.2861
2013.03.26 00:50:39.338,1.28606,1.28611
2013.03.26 00:50:39.517,1.28607,1.28611
2013.03.26 00:50:47.399,1.28607,1.28611
2013.03.26 00:50:55.287,1.28607,1.28611
2013.03.26 00:50:55.407,1.28604,1.28608
2013.03.26 00:50:56.947,1.28604,1.28609
2013.03.26 00:50:59.267,1.28604,1.28609
2013.03.26 00:51:00.527,1.28606,1.28609
2013.03.26 00:51:01.088,1.28607,1.28611
2013.03.26 00:51:03.067,1.28607,1.28611
2013.03.26 00:51:04.537,1.28607,1.28611
2013.03.26 00:51:06.637,1.28608,1.28612
2013.03.26 00:51:07.148,1.28608,1.28612
2013.03.26 00:51:07.685,1.28608,1.28611
2013.03.26 00:51:08.818,1.28607,1.28612
2013.03.26 00:51:09.366,1.28608,1.28612
2013.03.26 00:51:11.384,1.28608,1.28612
2013.03.26 00:51:11.927,1.28608,1.28612
2013.03.26 00:51:12.467,1.28608,1.28611
2013.03.26 00:51:13.760,1.28608,1.28611
2013.03.26 00:51:14.282,1.28609,1.28612
2013.03.26 00:51:16.556,1.28607,1.28611
2013.03.26 00:51:17.918,1.28607,1.28611
2013.03.26 00:51:18.458,1.28609,1.28612
2013.03.26 00:51:18.819,1.28611,1.28613
2013.03.26 00:51:19.117,1.28612,1.28617
2013.03.26 00:51:19.418,1.28613,1.28619
2013.03.26 00:51:19.927,1.28613,1.28617
2013.03.26 00:51:20.047,1.28614,1.28619
2013.03.26 00:51:22.138,1.28615,1.28619
2013.03.26 00:51:22.259,1.28617,1.2862
2013.03.26 00:51:22.321,1.28617,1.2862
2013.03.26 00:51:22.630,1.2862,1.28623
2013.03.26 00:51:22.821,1.28621,1.28623
2013.03.26 00:51:23.368,1.28621,1.28626
2013.03.26 00:51:23.557,1.28622,1.28628
2013.03.26 00:51:26.699,1.28621,1.28626
2013.03.26 00:51:27.150,1.28621,1.28624
2013.03.26 00:51:27.458,1.2862,1.28623
2013.03.26 00:51:27.759,1.28619,1.28623
2013.03.26 00:51:27.879,1.28618,1.28623
2013.03.26 00:51:28.428,1.28617,1.28622
2013.03.26 00:51:32.929,1.28614,1.28619
2013.03.26 00:51:33.418,1.28613,1.28618
2013.03.26 00:51:33.955,1.28613,1.28615
2013.03.26 00:51:34.759,1.28612,1.28615
2013.03.26 00:51:34.821,1.2861,1.28615
2013.03.26 00:51:35.377,1.2861,1.28614
2013.03.26 00:51:36.468,1.2861,1.28615
2013.03.26 00:51:36.708,1.2861,1.28615
2013.03.26 00:51:37.279,1.2861,1.28615
2013.03.26 00:51:38.345,1.2861,1.28614
2013.03.26 00:51:38.657,1.28608,1.28614
2013.03.26 00:51:39.400,1.28608,1.28613
2013.03.26 00:51:39.819,1.28607,1.28612
2013.03.26 00:51:40.799,1.28605,1.28609
2013.03.26 00:51:41.108,1.28603,1.28609
2013.03.26 00:51:42.424,1.28604,1.28609
2013.03.26 00:51:43.024,1.28603,1.28609
2013.03.26 00:51:43.227,1.28604,1.28609
2013.03.26 00:51:43.859,1.28603,1.28608
2013.03.26 00:51:44.157,1.28603,1.28607
2013.03.26 00:51:44.808,1.28604,1.28609
2013.03.26 00:51:48.919,1.28604,1.28609
2013.03.26 00:51:50.880,1.28603,1.28608
2013.03.26 00:51:51.390,1.28604,1.28609
2013.03.26 00:51:52.181,1.28605,1.2861
2013.03.26 00:51:52.728,1.28606,1.2861
2013.03.26 00:51:55.200,1.28605,1.28609
2013.03.26 00:51:57.677,1.28606,1.28609
2013.03.26 00:51:58.340,1.28607,1.2861
2013.03.26 00:51:58.411,1.28607,1.28612
2013.03.26 00:51:58.659,1.2861,1.28616
2013.03.26 00:51:59.198,1.28611,1.28617
2013.03.26 00:52:03.307,1.28612,1.28616
2013.03.26 00:52:05.719,1.28612,1.28615
2013.03.26 00:52:06.077,1.28612,1.28617
2013.03.26 00:52:06.330,1.28613,1.28618
2013.03.26 00:52:13.138,1.28615,1.28618
2013.03.26 00:52:16.308,1.28615,1.28618
2013.03.26 00:52:18.017,1.28615,1.28619
2013.03.26 00:52:18.558,1.28615,1.28619
2013.03.26 00:52:21.369,1.28616,1.28619
2013.03.26 00:52:21.788,1.28616,1.28621
2013.03.26 00:52:25.468,1.28617,1.28621
2013.03.26 00:52:26.029,1.28617,1.28621
2013.03.26 00:52:28.808,1.28617,1.28621
2013.03.26 00:52:30.508,1.28617,1.28621
2013.03.26 00:52:31.048,1.28617,1.2862
2013.03.26 00:52:34.538,1.28615,1.28619
2013.03.26 00:52:35.079,1.28615,1.28619
2013.03.26 00:52:35.949,1.28615,1.28619
2013.03.26 00:52:36.707,1.28615,1.28619
2013.03.26 00:52:39.927,1.28615,1.28619
2013.03.26 00:52:40.280,1.28615,1.28619
2013.03.26 00:52:40.770,1.28616,1.2862
2013.03.26 00:52:41.340,1.28615,1.2862
2013.03.26 00:52:41.907,1.28616,1.2862
2013.03.26 00:52:42.608,1.28616,1.28622
2013.03.26 00:52:43.207,1.28616,1.2862
2013.03.26 00:52:43.747,1.28616,1.2862
2013.03.26 00:52:48.258,1.28615,1.2862
2013.03.26 00:52:48.807,1.28615,1.28619
2013.03.26 00:52:49.538,1.28615,1.28619
2013.03.26 00:52:52.117,1.28615,1.28618
2013.03.26 00:52:52.238,1.28614,1.28617
2013.03.26 00:52:53.400,1.28612,1.28615
2013.03.26 00:52:53.869,1.28611,1.28615
2013.03.26 00:52:53.989,1.2861,1.28613
2013.03.26 00:52:54.529,1.2861,1.28615
2013.03.26 00:52:54.588,1.2861,1.28615
2013.03.26 00:52:55.132,1.28612,1.28616
2013.03.26 00:52:55.588,1.28611,1.28615
2013.03.26 00:52:56.098,1.28611,1.28615
2013.03.26 00:52:56.698,1.28611,1.28615
2013.03.26 00:52:57.180,1.2861,1.28613
2013.03.26 00:52:57.299,1.28611,1.28615
2013.03.26 00:52:58.078,1.28613,1.28618
2013.03.26 00:52:58.658,1.28613,1.28618
2013.03.26 00:52:58.957,1.28613,1.28617
2013.03.26 00:52:59.377,1.28613,1.28617
2013.03.26 00:53:00.038,1.28613,1.28617
2013.03.26 00:53:04.477,1.28613,1.28617
2013.03.26 00:53:04.938,1.28613,1.28617
2013.03.26 00:53:06.018,1.28613,1.28617
2013.03.26 00:53:06.258,1.28614,1.28619
2013.03.26 00:53:06.317,1.28614,1.28619
2013.03.26 00:53:06.970,1.28614,1.28619
2013.03.26 00:53:07.249,1.28614,1.28618
2013.03.26 00:53:07.308,1.28614,1.28618
2013.03.26 00:53:10.528,1.28614,1.28618
2013.03.26 00:53:12.280,1.28614,1.28619
2013.03.26 00:53:12.994,1.28614,1.28619
2013.03.26 00:53:13.538,1.28614,1.28618
2013.03.26 00:53:14.048,1.28613,1.28618
2013.03.26 00:53:14.841,1.28613,1.28616
2013.03.26 00:53:15.377,1.28613,1.28617
2013.03.26 00:53:16.237,1.28613,1.28616
2013.03.26 00:53:18.697,1.28612,1.28616
2013.03.26 00:53:22.248,1.28612,1.28617
2013.03.26 00:53:22.797,1.28612,1.28617
2013.03.26 00:53:23.877,1.28613,1.28617
2013.03.26 00:53:24.418,1.28613,1.28618
2013.03.26 00:53:27.458,1.28613,1.28618
2013.03.26 00:53:28.228,1.28612,1.28616
2013.03.26 00:53:28.751,1.28612,1.28617
2013.03.26 00:53:28.877,1.28612,1.28618
2013.03.26 00:53:29.744,1.28612,1.28618
2013.03.26 00:53:30.497,1.28612,1.28617
2013.03.26 00:53:31.997,1.28612,1.28616
2013.03.26 00:53:32.507,1.28612,1.28617
2013.03.26 00:53:33.051,1.28612,1.28617
2013.03.26 00:53:33.909,1.28612,1.28617
2013.03.26 00:53:34.448,1.28612,1.28617
2013.03.26 00:53:35.391,1.28612,1.28617
2013.03.26 00:53:39.147,1.28612,1.28617
2013.03.26 00:53:40.198,1.28612,1.28616
2013.03.26 00:53:40.742,1.28612,1.28616
2013.03.26 00:53:41.298,1.28612,1.28616
2013.03.26 00:53:41.717,1.28613,1.28618
2013.03.26 00:53:41.958,1.28611,1.28615
2013.03.26 00:53:43.278,1.28611,1.28615
2013.03.26 00:53:47.368,1.28611,1.28615
2013.03.26 00:53:47.728,1.28612,1.28615
2013.03.26 00:53:47.787,1.28612,1.28615
2013.03.26 00:53:48.718,1.28611,1.28615
2013.03.26 00:53:48.837,1.2861,1.28614
2013.03.26 00:53:49.139,1.28609,1.2861
2013.03.26 00:53:49.260,1.28607,1.2861
2013.03.26 00:53:49.629,1.28605,1.28609
2013.03.26 00:53:49.692,1.28605,1.28609
2013.03.26 00:53:50.248,1.28603,1.2861
2013.03.26 00:53:51.339,1.28604,1.28609
2013.03.26 00:53:52.244,1.28604,1.28609
2013.03.26 00:53:52.799,1.28604,1.28609
2013.03.26 00:53:53.346,1.28605,1.28609
2013.03.26 00:53:54.528,1.28604,1.28607
2013.03.26 00:53:55.067,1.28604,1.28609
2013.03.26 00:53:55.838,1.28604,1.28609
2013.03.26 00:53:57.577,1.28605,1.28609
2013.03.26 00:53:58.079,1.28604,1.28609
2013.03.26 00:53:58.378,1.28604,1.28609
2013.03.26 00:53:59.511,1.28604,1.28609
2013.03.26 00:54:01.127,1.28603,1.28608
2013.03.26 00:54:01.429,1.28602,1.28605
2013.03.26 00:54:01.493,1.28602,1.28605
2013.03.26 00:54:02.037,1.28601,1.28605
2013.03.26 00:54:02.567,1.28601,1.28606
2013.03.26 00:54:03.127,1.28601,1.28606
2013.03.26 00:54:03.608,1.286,1.28605
2013.03.26 00:54:04.244,1.286,1.28604
2013.03.26 00:54:04.318,1.28598,1.28604
2013.03.26 00:54:04.878,1.28598,1.28603
2013.03.26 00:54:05.058,1.28597,1.286
2013.03.26 00:54:05.178,1.28598,1.28602
2013.03.26 00:54:05.358,1.28599,1.28602
2013.03.26 00:54:05.481,1.28601,1.28605
2013.03.26 00:54:05.608,1.28602,1.28608
2013.03.26 00:54:06.157,1.28603,1.28608
2013.03.26 00:54:06.828,1.28602,1.28606
2013.03.26 00:54:07.413,1.28601,1.28606
2013.03.26 00:54:08.131,1.28601,1.28606
2013.03.26 00:54:09.379,1.286,1.28603
2013.03.26 00:54:09.500,1.28598,1.286
2013.03.26 00:54:09.918,1.28594,1.28599
2013.03.26 00:54:10.448,1.28594,1.28601
2013.03.26 00:54:10.968,1.28595,1.28599
2013.03.26 00:54:11.508,1.28595,1.28599
2013.03.26 00:54:11.778,1.28593,1.28598
2013.03.26 00:54:11.845,1.28594,1.28598
2013.03.26 00:54:12.798,1.28592,1.28598
2013.03.26 00:54:13.299,1.28592,1.28598
2013.03.26 00:54:14.446,1.28591,1.28596
2013.03.26 00:54:16.178,1.28591,1.28596
2013.03.26 00:54:16.538,1.2859,1.28595
2013.03.26 00:54:16.899,1.28589,1.28591
2013.03.26 00:54:17.258,1.28588,1.28594
2013.03.26 00:54:17.318,1.2859,1.28594
2013.03.26 00:54:18.193,1.28592,1.28597
2013.03.26 00:54:18.273,1.28592,1.28595
2013.03.26 00:54:18.578,1.2859,1.28595
2013.03.26 00:54:19.118,1.28589,1.28594
2013.03.26 00:54:19.898,1.28586,1.28591
2013.03.26 00:54:20.138,1.2859,1.28593
2013.03.26 00:54:20.438,1.28589,1.28593
2013.03.26 00:54:20.980,1.28588,1.28593
2013.03.26 00:54:21.518,1.28587,1.2859
2013.03.26 00:54:21.830,1.28589,1.28593
2013.03.26 00:54:22.077,1.28591,1.28595
2013.03.26 00:54:22.639,1.28591,1.28596
2013.03.26 00:54:23.161,1.28591,1.28596
2013.03.26 00:54:24.088,1.28591,1.28594
2013.03.26 00:54:24.658,1.28591,1.28594
2013.03.26 00:54:25.161,1.28591,1.28594
2013.03.26 00:54:25.774,1.2859,1.28594
2013.03.26 00:54:30.119,1.28589,1.28594
2013.03.26 00:54:33.227,1.2859,1.28594
2013.03.26 00:54:34.188,1.2859,1.28594
2013.03.26 00:54:34.877,1.2859,1.28594
2013.03.26 00:54:35.429,1.2859,1.28595
2013.03.26 00:54:38.778,1.2859,1.28592
2013.03.26 00:54:38.958,1.28589,1.2859
2013.03.26 00:54:39.438,1.28585,1.2859
2013.03.26 00:54:39.953,1.28583,1.28589
2013.03.26 00:54:40.507,1.28583,1.2859
2013.03.26 00:54:41.338,1.28583,1.2859
2013.03.26 00:54:41.519,1.28582,1.28584
2013.03.26 00:54:41.758,1.2858,1.28583
2013.03.26 00:54:41.820,1.2858,1.28585
2013.03.26 00:54:41.879,1.28582,1.28585
2013.03.26 00:54:41.938,1.28582,1.28587
2013.03.26 00:54:42.058,1.28583,1.28588
2013.03.26 00:54:42.299,1.28584,1.28589
2013.03.26 00:54:42.698,1.28584,1.28589
2013.03.26 00:54:43.739,1.28583,1.28587
2013.03.26 00:54:44.980,1.28583,1.28588
2013.03.26 00:54:45.521,1.28584,1.28588
2013.03.26 00:54:46.109,1.28583,1.28588
2013.03.26 00:54:48.948,1.28584,1.28588
2013.03.26 00:54:49.448,1.28585,1.2859
2013.03.26 00:54:49.808,1.28585,1.28589
2013.03.26 00:54:50.677,1.28584,1.28589
2013.03.26 00:54:52.248,1.28585,1.28589
2013.03.26 00:54:52.429,1.28586,1.2859
2013.03.26 00:54:54.159,1.28587,1.28591
2013.03.26 00:54:54.458,1.28587,1.28592
2013.03.26 00:54:54.640,1.28587,1.28593
2013.03.26 00:54:54.818,1.28588,1.28594
2013.03.26 00:54:55.359,1.28589,1.28594
2013.03.26 00:54:55.918,1.2859,1.28595
2013.03.26 00:54:56.340,1.28591,1.28596
2013.03.26 00:54:56.858,1.28592,1.28597
2013.03.26 00:54:58.308,1.28596,1.286
2013.03.26 00:54:58.680,1.28597,1.286
2013.03.26 00:54:59.041,1.286,1.28604
2013.03.26 00:54:59.288,1.286,1.28604
2013.03.26 00:54:59.590,1.28598,1.28602
2013.03.26 00:55:00.128,1.28596,1.286
2013.03.26 00:55:00.311,1.28596,1.28598
2013.03.26 00:55:00.454,1.28594,1.28599
2013.03.26 00:55:00.522,1.28595,1.28597
2013.03.26 00:55:00.651,1.28593,1.28598
2013.03.26 00:55:01.080,1.28593,1.28597
2013.03.26 00:55:01.442,1.28593,1.28595
2013.03.26 00:55:01.512,1.28592,1.28595
2013.03.26 00:55:02.252,1.28591,1.28595
2013.03.26 00:55:02.378,1.28591,1.28595
2013.03.26 00:55:02.680,1.28595,1.28598
2013.03.26 00:55:03.098,1.28591,1.28596
2013.03.26 00:55:03.219,1.28592,1.28598
2013.03.26 00:55:03.761,1.28593,1.28598
2013.03.26 00:55:04.289,1.28593,1.28596
2013.03.26 00:55:04.480,1.28587,1.286
2013.03.26 00:55:04.730,1.28589,1.28596
2013.03.26 00:55:04.929,1.2859,1.28594
2013.03.26 00:55:05.109,1.2859,1.28592
2013.03.26 00:55:05.290,1.2859,1.28595
2013.03.26 00:55:05.359,1.28591,1.28596
2013.03.26 00:55:05.778,1.28592,1.28597
