Time,Bid,Ask
2013.03.04 00:00:00.137,1.30154,1.30164
2013.03.04 00:00:00.619,1.30154,1.30161
2013.03.04 00:00:01.053,1.3015,1.30159
2013.03.04 00:00:01.607,1.3015,1.3016
2013.03.04 00:00:03.209,1.30152,1.3016
2013.03.04 00:00:04.226,1.30151,1.3016
2013.03.04 00:00:07.447,1.3015,1.30159
2013.03.04 00:00:07.687,1.30148,1.30155
2013.03.04 00:00:07.747,1.30148,1.30155
2013.03.04 00:00:08.778,1.30147,1.30155
2013.03.04 00:00:09.306,1.30146,1.30155
2013.03.04 00:00:10.581,1.30148,1.30157
2013.03.04 00:00:10.708,1.30148,1.30157
2013.03.04 00:00:12.059,1.3015,1.30159
2013.03.04 00:00:12.907,1.30149,1.30158
2013.03.04 00:00:13.357,1.30149,1.30157
2013.03.04 00:00:13.908,1.30149,1.30155
2013.03.04 00:00:13.967,1.30149,1.30154
2013.03.04 00:00:14.087,1.30146,1.30152
2013.03.04 00:00:14.406,1.30146,1.30155
2013.03.04 00:00:14.607,1.30146,1.30154
2013.03.04 00:00:14.787,1.30146,1.30154
2013.03.04 00:00:15.339,1.30146,1.30154
2013.03.04 00:00:16.387,1.30146,1.30154
2013.03.04 00:00:18.236,1.30146,1.30154
2013.03.04 00:00:18.776,1.30148,1.30156
2013.03.04 00:00:19.377,1.30149,1.30154
2013.03.04 00:00:19.498,1.3015,1.30159
2013.03.04 00:00:19.558,1.3015,1.30159
2013.03.04 00:00:19.619,1.3015,1.3016
2013.03.04 00:00:20.037,1.30155,1.30164
2013.03.04 00:00:20.517,1.30154,1.30163
2013.03.04 00:00:20.757,1.30152,1.30161
2013.03.04 00:00:21.617,1.3015,1.3016
2013.03.04 00:00:22.170,1.30151,1.30161
2013.03.04 00:00:23.087,1.30151,1.30161
2013.03.04 00:00:23.727,1.30149,1.30161
2013.03.04 00:00:24.558,1.30151,1.30161
2013.03.04 00:00:24.917,1.3015,1.30158
2013.03.04 00:00:25.038,1.30147,1.30156
2013.03.04 00:00:25.217,1.30144,1.30153
2013.03.04 00:00:25.466,1.30144,1.30151
2013.03.04 00:00:26.307,1.30144,1.30153
2013.03.04 00:00:33.067,1.30145,1.30153
2013.03.04 00:00:35.727,1.30145,1.30153
2013.03.04 00:00:46.588,1.30144,1.30151
2013.03.04 00:00:47.119,1.30143,1.30151
2013.03.04 00:00:48.407,1.30143,1.30151
2013.03.04 00:00:51.027,1.30143,1.30151
2013.03.04 00:00:51.387,1.30145,1.30153
2013.03.04 00:00:55.139,1.30145,1.30153
2013.03.04 00:00:55.498,1.30142,1.30152
2013.03.04 00:00:56.038,1.30144,1.30153
2013.03.04 00:01:00.194,1.30145,1.30154
2013.03.04 00:01:01.039,1.30144,1.30153
2013.03.04 00:01:01.558,1.30144,1.30155
2013.03.04 00:01:01.678,1.30146,1.30156
2013.03.04 00:01:02.880,1.30151,1.30156
2013.03.04 00:01:04.773,1.30151,1.30157
2013.03.04 00:01:08.238,1.30152,1.30157
2013.03.04 00:01:08.479,1.30151,1.3016
2013.03.04 00:01:08.660,1.30152,1.30163
2013.03.04 00:01:09.540,1.30154,1.30163
2013.03.04 00:01:10.758,1.30154,1.30163
2013.03.04 00:01:12.070,1.30157,1.30165
2013.03.04 00:01:13.359,1.30158,1.30168
2013.03.04 00:01:13.481,1.30159,1.30169
2013.03.04 00:01:13.794,1.30161,1.30169
2013.03.04 00:01:13.858,1.30161,1.3017
2013.03.04 00:01:16.019,1.30162,1.30171
2013.03.04 00:01:16.080,1.30164,1.30172
2013.03.04 00:01:16.210,1.30167,1.30174
2013.03.04 00:01:16.538,1.30166,1.30175
2013.03.04 00:01:19.268,1.30166,1.30175
2013.03.04 00:01:19.809,1.30167,1.30175
2013.03.04 00:01:20.948,1.30168,1.30176
2013.03.04 00:01:22.908,1.30168,1.30176
2013.03.04 00:01:32.780,1.30169,1.30178
2013.03.04 00:01:32.899,1.30173,1.30178
2013.03.04 00:01:33.083,1.30175,1.30182
2013.03.04 00:01:33.209,1.30177,1.30185
2013.03.04 00:01:33.748,1.30178,1.30185
2013.03.04 00:01:37.838,1.30178,1.30186
2013.03.04 00:01:38.618,1.30178,1.30186
2013.03.04 00:01:50.580,1.30179,1.30186
2013.03.04 00:01:56.448,1.30178,1.30186
2013.03.04 00:01:56.860,1.30179,1.30186
2013.03.04 00:01:56.918,1.30179,1.30189
2013.03.04 00:01:57.939,1.30179,1.30189
2013.03.04 00:01:59.218,1.30179,1.30189
2013.03.04 00:02:00.529,1.30183,1.30189
2013.03.04 00:02:01.019,1.30184,1.3019
2013.03.04 00:02:01.199,1.30187,1.30194
2013.03.04 00:02:01.319,1.30187,1.30195
2013.03.04 00:02:01.859,1.30187,1.30195
2013.03.04 00:02:02.912,1.30188,1.30196
2013.03.04 00:02:03.418,1.30187,1.30195
2013.03.04 00:02:04.369,1.30188,1.30196
2013.03.04 00:02:04.431,1.30189,1.30197
2013.03.04 00:02:04.742,1.30191,1.30199
2013.03.04 00:02:05.223,1.30198,1.30205
2013.03.04 00:02:05.302,1.302,1.30209
2013.03.04 00:02:05.374,1.30201,1.3021
2013.03.04 00:02:05.919,1.30202,1.30208
2013.03.04 00:02:06.280,1.30199,1.30208
2013.03.04 00:02:06.339,1.30199,1.30208
2013.03.04 00:02:06.519,1.30203,1.30209
2013.03.04 00:02:06.581,1.30205,1.30211
2013.03.04 00:02:07.188,1.30207,1.30213
2013.03.04 00:02:07.250,1.30208,1.30216
2013.03.04 00:02:08.168,1.30207,1.30218
2013.03.04 00:02:08.468,1.30204,1.30214
2013.03.04 00:02:08.648,1.30204,1.30214
2013.03.04 00:02:08.776,1.30204,1.30214
2013.03.04 00:02:09.318,1.30206,1.30216
2013.03.04 00:02:09.877,1.30206,1.30214
2013.03.04 00:02:12.949,1.30206,1.30214
2013.03.04 00:02:13.669,1.30208,1.30217
2013.03.04 00:02:14.210,1.30206,1.30214
2013.03.04 00:02:23.541,1.30207,1.30214
2013.03.04 00:02:23.670,1.30208,1.30216
2013.03.04 00:02:23.989,1.30211,1.30216
2013.03.04 00:02:26.529,1.30211,1.3022
2013.03.04 00:02:28.258,1.30211,1.30219
2013.03.04 00:02:32.778,1.30216,1.30221
2013.03.04 00:02:33.135,1.30215,1.30224
2013.03.04 00:02:33.199,1.30216,1.30225
2013.03.04 00:02:33.379,1.30217,1.30225
2013.03.04 00:02:33.562,1.30217,1.30227
2013.03.04 00:02:33.691,1.30223,1.30231
2013.03.04 00:02:33.761,1.30223,1.30231
2013.03.04 00:02:33.833,1.30225,1.30231
2013.03.04 00:02:34.148,1.30226,1.30235
2013.03.04 00:02:34.568,1.30228,1.30237
2013.03.04 00:02:34.808,1.3023,1.30239
2013.03.04 00:02:35.349,1.3023,1.30238
2013.03.04 00:02:35.468,1.30229,1.30238
2013.03.04 00:02:35.528,1.30228,1.30237
2013.03.04 00:02:35.888,1.30226,1.30235
2013.03.04 00:02:36.571,1.30227,1.30235
2013.03.04 00:02:36.818,1.30223,1.30232
2013.03.04 00:02:36.879,1.30223,1.30231
2013.03.04 00:02:37.059,1.30221,1.30229
2013.03.04 00:02:37.180,1.30219,1.30226
2013.03.04 00:02:37.238,1.30219,1.30226
2013.03.04 00:02:37.299,1.30218,1.30226
2013.03.04 00:02:37.838,1.30216,1.30224
2013.03.04 00:02:38.458,1.30217,1.30224
2013.03.04 00:02:38.878,1.30216,1.30222
2013.03.04 00:02:38.938,1.30216,1.30222
2013.03.04 00:02:39.058,1.30213,1.30222
2013.03.04 00:02:39.182,1.30214,1.3022
2013.03.04 00:02:39.310,1.30213,1.3022
2013.03.04 00:02:39.369,1.30214,1.30221
2013.03.04 00:02:39.429,1.30215,1.30223
2013.03.04 00:02:39.490,1.30216,1.30224
2013.03.04 00:02:39.849,1.30218,1.30226
2013.03.04 00:02:40.088,1.30223,1.3023
2013.03.04 00:02:40.628,1.30225,1.30233
2013.03.04 00:02:41.608,1.30226,1.30233
2013.03.04 00:02:41.979,1.30227,1.30235
2013.03.04 00:02:42.098,1.30227,1.30235
2013.03.04 00:02:42.398,1.30228,1.30237
2013.03.04 00:02:43.518,1.30229,1.30239
2013.03.04 00:02:43.579,1.3023,1.30239
2013.03.04 00:02:43.638,1.30231,1.3024
2013.03.04 00:02:43.879,1.30236,1.3024
2013.03.04 00:02:44.155,1.30236,1.30245
2013.03.04 00:02:44.233,1.30237,1.30246
2013.03.04 00:02:44.668,1.30235,1.30243
2013.03.04 00:02:45.028,1.30239,1.30246
2013.03.04 00:02:45.329,1.3024,1.30246
2013.03.04 00:02:46.149,1.3024,1.30247
2013.03.04 00:02:46.837,1.3024,1.30246
2013.03.04 00:02:47.890,1.3024,1.30245
2013.03.04 00:02:47.949,1.30236,1.30243
2013.03.04 00:02:48.009,1.30236,1.30242
2013.03.04 00:02:48.368,1.30233,1.30241
2013.03.04 00:02:48.429,1.30234,1.30242
2013.03.04 00:02:48.727,1.30235,1.30242
2013.03.04 00:02:49.251,1.30235,1.30242
2013.03.04 00:02:49.980,1.30235,1.30242
2013.03.04 00:02:50.289,1.30228,1.30236
2013.03.04 00:02:50.409,1.30228,1.30236
2013.03.04 00:02:50.469,1.30228,1.30235
2013.03.04 00:02:50.778,1.30228,1.30236
2013.03.04 00:02:51.741,1.30225,1.30234
2013.03.04 00:02:51.989,1.30224,1.30232
2013.03.04 00:02:52.291,1.30225,1.30232
2013.03.04 00:02:52.598,1.30224,1.30231
2013.03.04 00:02:52.960,1.30219,1.30228
2013.03.04 00:02:55.309,1.30224,1.3023
2013.03.04 00:02:55.369,1.30224,1.30231
2013.03.04 00:02:55.729,1.30227,1.30234
2013.03.04 00:02:55.968,1.30227,1.30237
2013.03.04 00:02:56.088,1.30229,1.30237
2013.03.04 00:02:57.118,1.30226,1.30237
2013.03.04 00:02:57.240,1.30226,1.30237
2013.03.04 00:02:57.598,1.30226,1.30235
2013.03.04 00:02:58.839,1.30228,1.30237
2013.03.04 00:02:59.393,1.30229,1.30237
2013.03.04 00:03:07.699,1.3023,1.30237
2013.03.04 00:03:07.999,1.30228,1.30235
2013.03.04 00:03:08.180,1.3023,1.30238
2013.03.04 00:03:08.376,1.3023,1.30239
2013.03.04 00:03:08.510,1.30229,1.30239
2013.03.04 00:03:08.579,1.30228,1.30237
2013.03.04 00:03:08.758,1.30229,1.30237
2013.03.04 00:03:09.488,1.30229,1.30237
2013.03.04 00:03:18.740,1.30228,1.30236
2013.03.04 00:03:18.859,1.30227,1.30233
2013.03.04 00:03:19.548,1.30227,1.30233
2013.03.04 00:03:30.308,1.30227,1.30233
2013.03.04 00:03:30.848,1.30227,1.30235
2013.03.04 00:03:45.598,1.30228,1.30236
2013.03.04 00:03:45.658,1.30228,1.30236
2013.03.04 00:03:46.209,1.3023,1.30237
2013.03.04 00:03:55.539,1.30233,1.30239
2013.03.04 00:03:55.599,1.30234,1.30239
2013.03.04 00:03:55.718,1.30234,1.30239
2013.03.04 00:03:56.258,1.30234,1.30242
2013.03.04 00:04:00.919,1.30236,1.30243
2013.03.04 00:04:02.799,1.30236,1.30245
2013.03.04 00:04:03.040,1.3024,1.30248
2013.03.04 00:04:03.098,1.3024,1.30248
2013.03.04 00:04:03.280,1.30242,1.30248
2013.03.04 00:04:03.339,1.30242,1.30249
2013.03.04 00:04:03.759,1.30242,1.30252
2013.03.04 00:04:04.849,1.30243,1.30251
2013.03.04 00:04:05.418,1.30243,1.30251
2013.03.04 00:04:05.848,1.30244,1.30251
2013.03.04 00:04:08.130,1.30246,1.30254
2013.03.04 00:04:09.160,1.30246,1.30254
2013.03.04 00:04:09.819,1.30245,1.30253
2013.03.04 00:04:10.378,1.30245,1.30254
2013.03.04 00:04:21.478,1.30245,1.30254
2013.03.04 00:04:23.488,1.30245,1.30254
2013.03.04 00:04:26.368,1.30245,1.30254
2013.03.04 00:04:26.789,1.30243,1.30251
2013.03.04 00:04:27.328,1.30238,1.30248
2013.03.04 00:04:50.060,1.30237,1.30246
2013.03.04 00:04:50.189,1.30237,1.30244
2013.03.04 00:04:51.588,1.30237,1.30244
2013.03.04 00:04:59.322,1.30236,1.30244
2013.03.04 00:04:59.449,1.30235,1.30244
2013.03.04 00:04:59.569,1.30235,1.30241
2013.03.04 00:04:59.750,1.3023,1.30239
2013.03.04 00:04:59.988,1.30226,1.30234
2013.03.04 00:05:00.998,1.30226,1.30234
2013.03.04 00:05:01.179,1.30229,1.30236
2013.03.04 00:05:01.239,1.3023,1.30239
2013.03.04 00:05:01.924,1.30232,1.30239
2013.03.04 00:05:02.430,1.30232,1.30239
2013.03.04 00:05:02.728,1.30234,1.3024
2013.03.04 00:05:02.793,1.30234,1.3024
2013.03.04 00:05:03.458,1.30232,1.3024
2013.03.04 00:05:03.518,1.3023,1.30239
2013.03.04 00:05:04.500,1.30229,1.30238
2013.03.04 00:05:05.979,1.3023,1.30238
2013.03.04 00:05:06.518,1.3023,1.30238
2013.03.04 00:05:10.300,1.3023,1.30238
2013.03.04 00:05:10.959,1.30228,1.30237
2013.03.04 00:05:11.543,1.3023,1.30238
2013.03.04 00:05:12.048,1.3023,1.30238
2013.03.04 00:05:12.558,1.3023,1.30237
2013.03.04 00:05:15.268,1.3023,1.30238
2013.03.04 00:05:15.859,1.3023,1.30238
2013.03.04 00:05:16.718,1.30229,1.30237
2013.03.04 00:05:28.397,1.3023,1.30238
2013.03.04 00:05:57.862,1.30235,1.30238
2013.03.04 00:05:57.991,1.30236,1.30242
2013.03.04 00:05:58.109,1.3024,1.30242
2013.03.04 00:05:58.170,1.30241,1.3025
2013.03.04 00:05:58.289,1.30242,1.30251
2013.03.04 00:05:58.689,1.30245,1.30253
2013.03.04 00:05:58.809,1.30246,1.30253
2013.03.04 00:05:59.073,1.30248,1.30257
2013.03.04 00:05:59.759,1.30248,1.30257
2013.03.04 00:05:59.818,1.30249,1.30258
2013.03.04 00:06:00.679,1.30249,1.30258
2013.03.04 00:06:00.738,1.30248,1.30257
2013.03.04 00:06:00.979,1.30248,1.30257
2013.03.04 00:06:01.279,1.30249,1.30257
2013.03.04 00:06:03.658,1.30249,1.30257
2013.03.04 00:06:04.429,1.30249,1.30257
2013.03.04 00:06:04.968,1.30249,1.30256
2013.03.04 00:06:09.379,1.30249,1.30256
2013.03.04 00:06:09.928,1.30249,1.30256
2013.03.04 00:06:13.360,1.3025,1.30257
2013.03.04 00:06:13.718,1.3025,1.30256
2013.03.04 00:06:13.900,1.3025,1.30256
2013.03.04 00:06:14.079,1.3025,1.30256
2013.03.04 00:06:16.490,1.3025,1.30256
2013.03.04 00:06:17.088,1.30249,1.30254
2013.03.04 00:06:18.450,1.30247,1.30254
2013.03.04 00:06:46.909,1.30248,1.30253
2013.03.04 00:06:47.211,1.30241,1.30249
2013.03.04 00:06:47.274,1.30239,1.30249
2013.03.04 00:06:47.458,1.30238,1.30249
2013.03.04 00:06:49.259,1.30238,1.30249
2013.03.04 00:06:49.882,1.30237,1.30241
2013.03.04 00:06:50.191,1.30231,1.30236
2013.03.04 00:06:50.729,1.30228,1.30235
2013.03.04 00:06:51.459,1.30228,1.30236
2013.03.04 00:06:52.303,1.30229,1.30236
2013.03.04 00:06:52.369,1.30225,1.30231
2013.03.04 00:06:52.909,1.30223,1.3023
2013.03.04 00:06:53.458,1.30225,1.30232
2013.03.04 00:06:54.410,1.30228,1.30236
2013.03.04 00:06:54.480,1.30228,1.30236
2013.03.04 00:06:55.321,1.30229,1.30235
2013.03.04 00:06:55.390,1.30226,1.30233
2013.03.04 00:06:55.451,1.30224,1.30229
2013.03.04 00:06:55.580,1.30226,1.30234
2013.03.04 00:06:55.879,1.30226,1.30234
2013.03.04 00:06:56.428,1.30226,1.30233
2013.03.04 00:07:01.640,1.30224,1.30233
2013.03.04 00:07:08.608,1.30225,1.30234
2013.03.04 00:07:09.097,1.30228,1.30234
2013.03.04 00:07:09.647,1.3023,1.30237
2013.03.04 00:07:11.520,1.30227,1.30231
2013.03.04 00:07:11.648,1.30225,1.30231
2013.03.04 00:07:11.950,1.30226,1.30233
2013.03.04 00:07:12.078,1.30226,1.30234
2013.03.04 00:07:13.649,1.30224,1.30233
2013.03.04 00:07:13.909,1.30225,1.30233
2013.03.04 00:07:14.486,1.30224,1.30233
2013.03.04 00:07:17.699,1.30225,1.30233
2013.03.04 00:07:18.238,1.30226,1.30234
2013.03.04 00:07:18.888,1.30226,1.30232
2013.03.04 00:07:23.648,1.30226,1.30234
2013.03.04 00:07:24.287,1.30226,1.30234
2013.03.04 00:07:25.818,1.30226,1.30234
2013.03.04 00:07:26.057,1.30227,1.30233
2013.03.04 00:07:26.538,1.30226,1.30233
2013.03.04 00:07:28.877,1.30226,1.30233
2013.03.04 00:07:39.139,1.30226,1.30233
2013.03.04 00:07:39.377,1.30227,1.30233
2013.03.04 00:07:39.907,1.30228,1.30233
2013.03.04 00:07:41.530,1.30228,1.30235
2013.03.04 00:07:43.088,1.30225,1.30232
2013.03.04 00:07:43.405,1.30225,1.30231
2013.03.04 00:07:43.475,1.30223,1.3023
2013.03.04 00:07:43.717,1.30225,1.30233
2013.03.04 00:07:44.257,1.30226,1.30233
2013.03.04 00:07:46.297,1.30226,1.30233
2013.03.04 00:07:47.077,1.30227,1.30233
2013.03.04 00:07:47.197,1.30226,1.30233
2013.03.04 00:07:49.324,1.30226,1.30233
2013.03.04 00:07:49.509,1.30227,1.30234
2013.03.04 00:07:49.628,1.30227,1.30234
2013.03.04 00:07:50.468,1.30226,1.30234
2013.03.04 00:07:52.527,1.30225,1.30234
2013.03.04 00:07:56.307,1.30225,1.30234
2013.03.04 00:07:56.667,1.30224,1.3023
2013.03.04 00:07:56.789,1.30219,1.30224
2013.03.04 00:07:57.268,1.30217,1.30224
2013.03.04 00:07:57.778,1.30217,1.30224
2013.03.04 00:07:57.958,1.30214,1.30222
2013.03.04 00:07:58.019,1.30214,1.30222
2013.03.04 00:07:59.368,1.30214,1.30222
2013.03.04 00:08:00.029,1.30214,1.30222
2013.03.04 00:08:02.907,1.30214,1.30222
2013.03.04 00:08:02.968,1.30215,1.30224
2013.03.04 00:08:03.207,1.30214,1.30223
2013.03.04 00:08:03.737,1.30214,1.30222
2013.03.04 00:08:04.307,1.30214,1.30222
2013.03.04 00:08:06.318,1.30215,1.30223
2013.03.04 00:08:06.858,1.30219,1.30227
2013.03.04 00:08:07.397,1.3022,1.3023
2013.03.04 00:08:08.569,1.30223,1.3023
2013.03.04 00:08:08.628,1.30225,1.3023
2013.03.04 00:08:08.808,1.30226,1.30236
2013.03.04 00:08:09.408,1.30228,1.30237
2013.03.04 00:08:09.767,1.30228,1.30237
2013.03.04 00:08:10.878,1.30228,1.30237
2013.03.04 00:08:12.018,1.30228,1.30236
2013.03.04 00:08:12.378,1.30227,1.30233
2013.03.04 00:08:12.498,1.30223,1.30232
2013.03.04 00:08:12.559,1.30226,1.30233
2013.03.04 00:08:12.678,1.30227,1.30234
2013.03.04 00:08:13.218,1.30227,1.30236
2013.03.04 00:08:16.249,1.30227,1.30236
2013.03.04 00:08:16.757,1.30228,1.30237
2013.03.04 00:08:17.968,1.30227,1.30235
2013.03.04 00:08:18.269,1.30224,1.30232
2013.03.04 00:08:18.526,1.30223,1.30232
2013.03.04 00:08:19.707,1.30226,1.30233
2013.03.04 00:08:19.828,1.30226,1.30235
2013.03.04 00:08:20.582,1.30226,1.30235
2013.03.04 00:08:23.248,1.30226,1.30235
2013.03.04 00:08:23.819,1.30225,1.30235
2013.03.04 00:08:24.368,1.30226,1.30234
2013.03.04 00:08:26.927,1.30227,1.30234
2013.03.04 00:08:27.407,1.30228,1.30236
2013.03.04 00:08:29.848,1.30227,1.30234
2013.03.04 00:08:30.390,1.3022,1.30229
2013.03.04 00:08:30.747,1.30216,1.30225
2013.03.04 00:08:30.990,1.30216,1.30225
2013.03.04 00:08:31.547,1.30216,1.30225
2013.03.04 00:08:33.088,1.30217,1.30225
2013.03.04 00:08:33.447,1.30218,1.30226
2013.03.04 00:08:33.507,1.30217,1.30226
2013.03.04 00:08:34.008,1.30217,1.30225
2013.03.04 00:08:36.248,1.30216,1.30225
2013.03.04 00:08:36.788,1.30217,1.30228
2013.03.04 00:08:36.848,1.30218,1.30228
2013.03.04 00:08:40.028,1.3022,1.30228
2013.03.04 00:08:40.148,1.30223,1.3023
2013.03.04 00:08:40.209,1.30224,1.30231
2013.03.04 00:08:40.268,1.30226,1.30233
2013.03.04 00:08:43.088,1.30224,1.30229
2013.03.04 00:08:43.208,1.3022,1.30229
2013.03.04 00:08:43.508,1.30219,1.30226
2013.03.04 00:08:43.568,1.30219,1.30226
2013.03.04 00:08:43.688,1.30217,1.30225
2013.03.04 00:08:44.298,1.30216,1.30225
2013.03.04 00:08:44.889,1.30217,1.30226
2013.03.04 00:08:45.307,1.30215,1.30225
2013.03.04 00:08:47.037,1.30217,1.30226
2013.03.04 00:08:47.217,1.30218,1.30227
2013.03.04 00:08:47.278,1.3022,1.30228
2013.03.04 00:08:47.398,1.3022,1.30228
2013.03.04 00:08:47.518,1.3022,1.30228
2013.03.04 00:08:48.146,1.30218,1.30228
2013.03.04 00:08:48.647,1.30218,1.30228
2013.03.04 00:08:49.007,1.30217,1.30228
2013.03.04 00:08:49.131,1.30218,1.30227
2013.03.04 00:08:49.259,1.30217,1.30226
2013.03.04 00:08:49.589,1.30216,1.30226
2013.03.04 00:08:51.118,1.30216,1.30226
2013.03.04 00:08:52.758,1.30216,1.30226
2013.03.04 00:08:53.329,1.30216,1.30225
2013.03.04 00:08:53.390,1.30216,1.30225
2013.03.04 00:08:54.074,1.30216,1.30225
2013.03.04 00:08:56.428,1.30216,1.30225
2013.03.04 00:08:56.548,1.30215,1.30225
2013.03.04 00:08:57.087,1.30218,1.30228
2013.03.04 00:09:01.057,1.30218,1.30228
2013.03.04 00:09:01.687,1.30218,1.30228
2013.03.04 00:09:01.997,1.30217,1.30226
2013.03.04 00:09:03.628,1.30216,1.30225
2013.03.04 00:09:03.989,1.30217,1.30227
2013.03.04 00:09:04.408,1.30217,1.30227
2013.03.04 00:09:07.868,1.30218,1.30228
2013.03.04 00:09:08.227,1.30219,1.30228
2013.03.04 00:09:16.768,1.30217,1.30224
2013.03.04 00:09:16.828,1.30217,1.30224
2013.03.04 00:09:16.887,1.30217,1.30224
2013.03.04 00:09:37.278,1.30216,1.30225
2013.03.04 00:09:44.507,1.30217,1.30227
2013.03.04 00:09:44.628,1.30217,1.30225
2013.03.04 00:09:44.834,1.30217,1.30225
2013.03.04 00:09:45.459,1.30217,1.30225
2013.03.04 00:09:46.507,1.30216,1.30225
2013.03.04 00:09:47.116,1.30216,1.30224
2013.03.04 00:09:47.667,1.30216,1.30224
2013.03.04 00:10:01.008,1.30216,1.30225
2013.03.04 00:10:01.547,1.30216,1.30225
2013.03.04 00:10:15.119,1.30217,1.30227
2013.03.04 00:10:16.098,1.30218,1.30225
2013.03.04 00:10:19.167,1.30218,1.30227
2013.03.04 00:10:24.617,1.30218,1.30227
2013.03.04 00:10:28.708,1.30217,1.30224
2013.03.04 00:10:29.009,1.30212,1.3022
2013.03.04 00:10:29.255,1.3021,1.3022
2013.03.04 00:10:29.797,1.3021,1.3022
2013.03.04 00:10:38.858,1.30209,1.30219
2013.03.04 00:10:39.463,1.30208,1.30217
2013.03.04 00:10:40.707,1.30207,1.30217
2013.03.04 00:10:41.511,1.30207,1.30217
2013.03.04 00:10:41.759,1.30206,1.30214
2013.03.04 00:10:42.559,1.30204,1.30213
2013.03.04 00:10:42.679,1.30204,1.30212
2013.03.04 00:10:42.739,1.30203,1.30209
2013.03.04 00:10:42.800,1.30202,1.30209
2013.03.04 00:10:43.102,1.30199,1.30206
2013.03.04 00:10:43.349,1.30197,1.30206
2013.03.04 00:10:44.035,1.30197,1.30206
2013.03.04 00:10:44.117,1.30197,1.30206
2013.03.04 00:10:44.658,1.30197,1.30206
2013.03.04 00:10:46.328,1.30197,1.30206
2013.03.04 00:10:49.852,1.30196,1.30205
2013.03.04 00:10:50.459,1.30197,1.30206
2013.03.04 00:10:53.252,1.30197,1.30206
2013.03.04 00:10:55.468,1.30196,1.30206
2013.03.04 00:11:03.232,1.30197,1.30207
2013.03.04 00:11:03.299,1.30199,1.30207
2013.03.04 00:11:04.169,1.30199,1.30208
2013.03.04 00:11:06.199,1.30198,1.30206
2013.03.04 00:11:14.470,1.30197,1.30205
2013.03.04 00:11:14.538,1.30195,1.30205
2013.03.04 00:11:17.139,1.30195,1.30205
2013.03.04 00:11:17.198,1.30194,1.30205
2013.03.04 00:11:17.980,1.30193,1.30203
2013.03.04 00:11:18.039,1.30194,1.30203
2013.03.04 00:11:18.589,1.30195,1.30205
2013.03.04 00:11:20.437,1.30194,1.30203
2013.03.04 00:11:21.070,1.30194,1.30203
2013.03.04 00:11:26.658,1.30196,1.30204
2013.03.04 00:11:26.779,1.30197,1.30206
2013.03.04 00:11:27.018,1.30199,1.30207
2013.03.04 00:11:28.277,1.302,1.3021
2013.03.04 00:11:32.157,1.30201,1.3021
2013.03.04 00:11:32.698,1.302,1.3021
2013.03.04 00:11:32.998,1.30198,1.30207
2013.03.04 00:11:33.418,1.30196,1.30207
2013.03.04 00:11:33.927,1.30196,1.30207
2013.03.04 00:11:34.708,1.30196,1.30206
2013.03.04 00:11:37.781,1.30196,1.30206
2013.03.04 00:11:38.338,1.30197,1.30206
2013.03.04 00:11:54.390,1.30198,1.30208
2013.03.04 00:11:58.278,1.30198,1.30208
2013.03.04 00:11:58.399,1.30202,1.30208
2013.03.04 00:11:58.759,1.30206,1.30214
2013.03.04 00:11:58.954,1.30206,1.30216
2013.03.04 00:12:05.819,1.30208,1.30216
2013.03.04 00:12:05.878,1.30208,1.30216
2013.03.04 00:12:05.940,1.30211,1.30216
2013.03.04 00:12:05.998,1.30211,1.3022
2013.03.04 00:12:06.179,1.30215,1.30221
2013.03.04 00:12:06.298,1.30217,1.30226
2013.03.04 00:12:06.838,1.30217,1.30225
2013.03.04 00:12:08.079,1.30217,1.30226
2013.03.04 00:12:08.200,1.3022,1.30227
2013.03.04 00:12:08.628,1.30221,1.30229
2013.03.04 00:12:09.108,1.3022,1.30228
2013.03.04 00:12:09.528,1.30217,1.30223
2013.03.04 00:12:09.947,1.30215,1.30223
2013.03.04 00:12:10.508,1.30215,1.30223
2013.03.04 00:12:18.169,1.30215,1.30222
2013.03.04 00:12:18.410,1.30209,1.30215
2013.03.04 00:12:18.468,1.30209,1.30215
2013.03.04 00:12:18.828,1.30207,1.30215
2013.03.04 00:12:19.009,1.30207,1.30215
2013.03.04 00:12:20.878,1.3021,1.30216
2013.03.04 00:12:21.058,1.3021,1.30218
2013.03.04 00:12:21.419,1.30208,1.30218
2013.03.04 00:12:21.968,1.30208,1.30216
2013.03.04 00:12:23.548,1.30208,1.30217
2013.03.04 00:12:24.031,1.30212,1.3022
2013.03.04 00:12:24.457,1.30209,1.30218
2013.03.04 00:12:24.579,1.30206,1.30214
2013.03.04 00:12:25.089,1.30206,1.30214
2013.03.04 00:12:27.710,1.30206,1.30214
2013.03.04 00:12:28.078,1.30209,1.30216
2013.03.04 00:12:28.258,1.30209,1.30218
2013.03.04 00:12:28.618,1.30206,1.30216
2013.03.04 00:12:28.799,1.30206,1.30215
2013.03.04 00:12:31.318,1.30206,1.30215
2013.03.04 00:12:31.560,1.30206,1.30215
2013.03.04 00:12:31.751,1.3021,1.30218
2013.03.04 00:12:32.159,1.30208,1.30216
2013.03.04 00:12:32.219,1.30206,1.30212
2013.03.04 00:12:32.279,1.30206,1.30214
2013.03.04 00:12:32.818,1.30204,1.30212
2013.03.04 00:12:33.145,1.30202,1.30211
2013.03.04 00:12:35.173,1.30203,1.30212
2013.03.04 00:12:37.178,1.30205,1.30213
2013.03.04 00:12:37.358,1.30207,1.30216
2013.03.04 00:12:37.658,1.30208,1.30217
2013.03.04 00:12:38.578,1.30208,1.30217
2013.03.04 00:12:39.129,1.30211,1.3022
2013.03.04 00:12:39.488,1.30214,1.30221
2013.03.04 00:12:39.729,1.30215,1.30224
2013.03.04 00:12:40.268,1.30215,1.30224
2013.03.04 00:12:40.808,1.30215,1.30225
2013.03.04 00:12:45.259,1.30217,1.30227
2013.03.04 00:12:45.379,1.30218,1.30226
2013.03.04 00:12:45.918,1.30218,1.30226
2013.03.04 00:12:47.378,1.30218,1.30226
2013.03.04 00:13:04.198,1.30218,1.30225
2013.03.04 00:13:05.047,1.30218,1.30227
2013.03.04 00:13:14.254,1.30218,1.30227
2013.03.04 00:13:17.297,1.30218,1.30227
2013.03.04 00:13:18.468,1.30217,1.30224
2013.03.04 00:13:19.015,1.30214,1.30219
2013.03.04 00:13:19.138,1.30212,1.30218
2013.03.04 00:13:19.740,1.30208,1.30216
2013.03.04 00:13:21.222,1.30207,1.30216
2013.03.04 00:13:21.757,1.30207,1.30214
2013.03.04 00:13:38.838,1.30207,1.30217
2013.03.04 00:13:44.229,1.30206,1.30213
2013.03.04 00:13:44.288,1.30206,1.30213
2013.03.04 00:13:44.826,1.30204,1.30212
2013.03.04 00:13:47.358,1.30202,1.3021
2013.03.04 00:13:47.660,1.30199,1.30208
2013.03.04 00:13:48.600,1.30199,1.30208
2013.03.04 00:14:08.248,1.30198,1.30207
2013.03.04 00:14:22.367,1.30199,1.30207
2013.03.04 00:14:22.608,1.30201,1.30209
2013.03.04 00:14:22.730,1.30201,1.3021
2013.03.04 00:14:22.789,1.30204,1.3021
2013.03.04 00:14:22.908,1.30203,1.3021
2013.03.04 00:14:22.970,1.30206,1.30211
2013.03.04 00:14:23.148,1.30206,1.30215
2013.03.04 00:14:23.699,1.30208,1.30216
2013.03.04 00:14:30.298,1.30208,1.30216
2013.03.04 00:14:31.318,1.30209,1.30217
2013.03.04 00:14:36.959,1.30209,1.30217
2013.03.04 00:14:37.498,1.30209,1.30217
2013.03.04 00:14:37.918,1.30209,1.30217
2013.03.04 00:14:38.459,1.30209,1.30216
2013.03.04 00:14:41.499,1.30209,1.30217
2013.03.04 00:14:41.828,1.30209,1.30217
2013.03.04 00:14:42.209,1.30209,1.30217
2013.03.04 00:14:42.728,1.30209,1.30217
2013.03.04 00:14:47.199,1.30209,1.30216
2013.03.04 00:15:05.470,1.30208,1.30216
2013.03.04 00:15:13.378,1.30208,1.30216
2013.03.04 00:15:13.500,1.3021,1.30218
2013.03.04 00:15:13.559,1.30211,1.3022
2013.03.04 00:15:14.098,1.30211,1.30218
2013.03.04 00:15:14.802,1.30211,1.30219
2013.03.04 00:15:14.880,1.30209,1.30219
2013.03.04 00:15:15.388,1.30211,1.30219
2013.03.04 00:15:16.528,1.3021,1.30218
2013.03.04 00:15:16.829,1.30211,1.30218
2013.03.04 00:15:17.189,1.30215,1.30221
2013.03.04 00:15:17.249,1.30218,1.30221
2013.03.04 00:15:17.428,1.30218,1.30225
2013.03.04 00:15:18.282,1.30218,1.30226
2013.03.04 00:15:18.349,1.30218,1.30226
2013.03.04 00:15:18.770,1.30224,1.30232
2013.03.04 00:15:19.010,1.30227,1.30233
2013.03.04 00:15:19.560,1.30227,1.30235
2013.03.04 00:15:22.828,1.30228,1.30237
2013.03.04 00:15:24.915,1.30227,1.30236
2013.03.04 00:16:01.328,1.30226,1.30236
2013.03.04 00:16:01.448,1.30226,1.30235
2013.03.04 00:16:01.749,1.30223,1.30229
2013.03.04 00:16:01.869,1.30219,1.30228
2013.03.04 00:16:02.110,1.30218,1.30225
2013.03.04 00:16:02.180,1.30217,1.30225
2013.03.04 00:16:02.719,1.30216,1.30225
2013.03.04 00:16:05.389,1.30216,1.30225
2013.03.04 00:16:05.450,1.30218,1.30225
2013.03.04 00:16:05.958,1.30218,1.30227
2013.03.04 00:16:06.648,1.30218,1.30227
2013.03.04 00:16:11.489,1.30218,1.30228
2013.03.04 00:16:12.029,1.30219,1.30228
2013.03.04 00:16:12.538,1.30218,1.30226
2013.03.04 00:16:18.889,1.30218,1.30226
2013.03.04 00:16:19.429,1.30216,1.30224
2013.03.04 00:17:21.478,1.30218,1.30226
2013.03.04 00:17:33.288,1.30218,1.30226
2013.03.04 00:17:45.468,1.30217,1.30224
2013.03.04 00:17:45.770,1.30209,1.30218
2013.03.04 00:17:45.838,1.30209,1.30218
2013.03.04 00:17:46.020,1.30209,1.30217
2013.03.04 00:17:46.558,1.30207,1.30217
2013.03.04 00:17:46.620,1.30207,1.30216
2013.03.04 00:17:46.739,1.30206,1.30214
2013.03.04 00:18:20.088,1.30206,1.30214
2013.03.04 00:18:24.655,1.30206,1.30214
2013.03.04 00:18:24.838,1.30207,1.30216
2013.03.04 00:18:24.898,1.30207,1.30215
2013.03.04 00:18:28.589,1.30208,1.30215
2013.03.04 00:18:28.649,1.30208,1.30216
2013.03.04 00:18:29.188,1.30208,1.30217
2013.03.04 00:18:36.938,1.30209,1.30218
2013.03.04 00:18:42.618,1.30209,1.30218
2013.03.04 00:19:06.379,1.30209,1.30217
2013.03.04 00:19:07.888,1.30209,1.30218
2013.03.04 00:19:12.921,1.30209,1.30219
2013.03.04 00:19:33.418,1.30212,1.30219
2013.03.04 00:19:33.959,1.30211,1.30218
2013.03.04 00:20:33.542,1.30209,1.30219
2013.03.04 00:20:42.033,1.3021,1.30219
2013.03.04 00:20:55.648,1.3021,1.30217
2013.03.04 00:21:11.303,1.30209,1.30217
2013.03.04 00:21:11.610,1.30208,1.30215
2013.03.04 00:21:11.972,1.30203,1.3021
2013.03.04 00:21:12.210,1.30199,1.30204
2013.03.04 00:21:12.330,1.30195,1.30204
2013.03.04 00:21:12.450,1.30193,1.302
2013.03.04 00:21:12.510,1.30192,1.30199
2013.03.04 00:21:12.691,1.30189,1.30196
2013.03.04 00:21:12.751,1.30191,1.30199
2013.03.04 00:21:13.171,1.30188,1.30196
2013.03.04 00:21:13.478,1.30188,1.30196
2013.03.04 00:21:20.749,1.30188,1.30196
2013.03.04 00:21:21.067,1.3019,1.30198
2013.03.04 00:21:21.190,1.30191,1.30198
2013.03.04 00:21:21.610,1.30194,1.302
2013.03.04 00:21:21.730,1.30195,1.302
2013.03.04 00:21:22.150,1.30195,1.30204
2013.03.04 00:21:22.699,1.30196,1.30204
2013.03.04 00:21:23.240,1.30196,1.30206
2013.03.04 00:21:27.279,1.30197,1.30206
2013.03.04 00:21:27.789,1.30197,1.30208
2013.03.04 00:21:30.390,1.30197,1.30206
2013.03.04 00:21:31.380,1.30197,1.30203
2013.03.04 00:21:31.739,1.30191,1.30199
2013.03.04 00:21:32.650,1.30189,1.30197
2013.03.04 00:21:33.859,1.30189,1.30195
2013.03.04 00:21:33.979,1.30187,1.30195
2013.03.04 00:21:34.978,1.30187,1.30195
2013.03.04 00:21:35.100,1.30186,1.30194
2013.03.04 00:21:35.752,1.30185,1.30193
2013.03.04 00:21:36.399,1.30185,1.30193
2013.03.04 00:21:36.909,1.30186,1.30195
2013.03.04 00:21:43.698,1.30186,1.30195
2013.03.04 00:21:44.199,1.30187,1.30195
2013.03.04 00:21:52.509,1.30188,1.30197
2013.03.04 00:21:53.049,1.30187,1.30195
2013.03.04 00:22:01.145,1.30187,1.30195
2013.03.04 00:22:07.631,1.30188,1.30195
2013.03.04 00:22:07.949,1.30192,1.30201
2013.03.04 00:22:08.010,1.30193,1.30201
2013.03.04 00:22:08.071,1.30196,1.30201
2013.03.04 00:22:08.199,1.30197,1.30205
2013.03.04 00:22:10.311,1.30194,1.30204
2013.03.04 00:22:10.670,1.30194,1.30202
2013.03.04 00:22:12.719,1.30192,1.30202
2013.03.04 00:22:13.169,1.30191,1.30198
2013.03.04 00:22:13.229,1.30191,1.30198
2013.03.04 00:22:13.529,1.30188,1.30195
2013.03.04 00:22:13.710,1.30187,1.30194
2013.03.04 00:22:14.260,1.30185,1.30192
2013.03.04 00:22:18.248,1.30187,1.30195
2013.03.04 00:22:18.992,1.30187,1.30195
2013.03.04 00:22:19.579,1.30187,1.30195
2013.03.04 00:22:27.259,1.30187,1.30195
2013.03.04 00:22:27.618,1.30189,1.30196
2013.03.04 00:22:30.339,1.30189,1.30198
2013.03.04 00:22:31.522,1.30189,1.30198
2013.03.04 00:22:32.069,1.30189,1.30198
2013.03.04 00:22:34.150,1.30189,1.30198
2013.03.04 00:22:35.249,1.3019,1.30198
2013.03.04 00:22:47.469,1.30188,1.30196
2013.03.04 00:22:49.990,1.30188,1.30198
2013.03.04 00:22:54.381,1.30189,1.30196
2013.03.04 00:22:55.329,1.30189,1.30198
2013.03.04 00:22:57.449,1.30187,1.30195
2013.03.04 00:22:58.171,1.30189,1.30197
2013.03.04 00:22:58.709,1.30189,1.30197
2013.03.04 00:23:02.249,1.30188,1.30196
2013.03.04 00:23:02.550,1.30186,1.30193
2013.03.04 00:23:02.909,1.30184,1.30193
2013.03.04 00:23:02.970,1.30185,1.30191
2013.03.04 00:23:03.030,1.30183,1.30191
2013.03.04 00:23:03.150,1.30184,1.30189
2013.03.04 00:23:03.329,1.30181,1.3019
2013.03.04 00:23:03.389,1.30181,1.30189
2013.03.04 00:23:03.929,1.30179,1.30189
2013.03.04 00:23:04.469,1.30178,1.30188
2013.03.04 00:23:04.728,1.30177,1.30186
2013.03.04 00:23:05.600,1.30176,1.30185
2013.03.04 00:23:06.400,1.30176,1.30183
2013.03.04 00:23:07.358,1.30168,1.30177
2013.03.04 00:23:07.869,1.30168,1.30178
2013.03.04 00:23:14.751,1.30168,1.30177
2013.03.04 00:23:15.012,1.30171,1.30178
2013.03.04 00:23:15.089,1.30177,1.30182
2013.03.04 00:23:15.309,1.30176,1.30186
2013.03.04 00:23:15.376,1.30176,1.30186
2013.03.04 00:23:15.860,1.30177,1.30186
2013.03.04 00:23:16.040,1.30176,1.30186
2013.03.04 00:23:35.568,1.30177,1.30187
2013.03.04 00:23:40.240,1.30177,1.30187
2013.03.04 00:23:42.799,1.30177,1.30186
2013.03.04 00:23:50.980,1.30176,1.30185
2013.03.04 00:23:51.425,1.30175,1.30183
2013.03.04 00:23:51.981,1.30174,1.30182
2013.03.04 00:23:52.664,1.30174,1.30182
2013.03.04 00:23:53.839,1.30174,1.30182
2013.03.04 00:23:54.309,1.30172,1.30181
2013.03.04 00:23:54.380,1.30172,1.30181
2013.03.04 00:23:54.800,1.3017,1.30177
2013.03.04 00:23:54.860,1.30169,1.30175
2013.03.04 00:23:55.413,1.30169,1.30175
2013.03.04 00:23:55.660,1.30167,1.30174
2013.03.04 00:23:55.901,1.30166,1.30172
2013.03.04 00:23:55.970,1.3016,1.30169
2013.03.04 00:23:56.210,1.3016,1.30168
2013.03.04 00:23:56.389,1.30157,1.30164
2013.03.04 00:23:56.570,1.30157,1.30167
2013.03.04 00:23:56.812,1.30159,1.30167
2013.03.04 00:23:57.120,1.30159,1.30165
2013.03.04 00:23:57.488,1.30157,1.30165
2013.03.04 00:23:59.502,1.30156,1.30163
2013.03.04 00:24:04.849,1.30157,1.30165
2013.03.04 00:24:05.150,1.30158,1.30167
2013.03.04 00:24:05.690,1.30159,1.30169
2013.03.04 00:24:06.530,1.30159,1.30169
2013.03.04 00:24:07.289,1.30159,1.30168
2013.03.04 00:24:07.529,1.30159,1.30168
2013.03.04 00:24:09.529,1.30159,1.30166
2013.03.04 00:24:09.710,1.30157,1.30162
2013.03.04 00:24:09.829,1.30156,1.30162
2013.03.04 00:24:10.010,1.30155,1.30161
2013.03.04 00:24:14.539,1.30155,1.30163
2013.03.04 00:24:14.720,1.30156,1.30164
2013.03.04 00:24:15.229,1.30156,1.30164
2013.03.04 00:24:22.049,1.30156,1.30164
2013.03.04 00:24:33.709,1.30157,1.30164
2013.03.04 00:24:45.249,1.30157,1.30164
2013.03.04 00:24:45.670,1.30157,1.30163
2013.03.04 00:24:45.791,1.30157,1.30163
2013.03.04 00:24:46.029,1.30158,1.30167
2013.03.04 00:24:46.333,1.30155,1.30162
2013.03.04 00:24:46.771,1.30156,1.30164
2013.03.04 00:24:46.840,1.30156,1.30164
2013.03.04 00:24:46.900,1.30156,1.30164
2013.03.04 00:24:47.439,1.30157,1.30164
2013.03.04 00:24:52.100,1.30156,1.30163
2013.03.04 00:24:52.159,1.30156,1.30163
2013.03.04 00:24:52.460,1.30149,1.30156
2013.03.04 00:24:52.765,1.30143,1.30149
2013.03.04 00:24:53.078,1.30135,1.30148
2013.03.04 00:24:53.154,1.30139,1.30147
2013.03.04 00:24:53.699,1.30139,1.30147
2013.03.04 00:24:57.949,1.30138,1.30148
2013.03.04 00:24:59.341,1.30142,1.30149
2013.03.04 00:24:59.700,1.30148,1.30152
2013.03.04 00:25:00.371,1.30149,1.30154
2013.03.04 00:25:00.679,1.3015,1.30158
2013.03.04 00:25:02.185,1.3015,1.30157
2013.03.04 00:25:04.249,1.3015,1.30157
2013.03.04 00:25:07.411,1.30148,1.30156
2013.03.04 00:25:07.470,1.30148,1.30156
2013.03.04 00:25:07.530,1.30147,1.30155
2013.03.04 00:25:08.070,1.30147,1.30155
2013.03.04 00:25:13.150,1.30146,1.30155
2013.03.04 00:25:13.270,1.30144,1.30152
2013.03.04 00:25:13.571,1.30141,1.30147
2013.03.04 00:25:13.880,1.30136,1.30144
2013.03.04 00:25:13.940,1.30136,1.30142
2013.03.04 00:25:15.330,1.30134,1.30141
2013.03.04 00:25:15.449,1.30135,1.30141
2013.03.04 00:25:15.630,1.30138,1.30145
2013.03.04 00:25:16.170,1.30139,1.30145
2013.03.04 00:25:16.423,1.30139,1.30148
2013.03.04 00:25:19.309,1.30139,1.30145
2013.03.04 00:25:19.969,1.30139,1.30148
2013.03.04 00:25:24.780,1.30146,1.30151
2013.03.04 00:25:24.900,1.30147,1.30152
2013.03.04 00:25:25.030,1.30149,1.30153
2013.03.04 00:25:25.569,1.3015,1.30157
2013.03.04 00:25:32.110,1.3015,1.30158
2013.03.04 00:25:32.170,1.3015,1.30158
2013.03.04 00:26:01.780,1.3015,1.30158
2013.03.04 00:26:01.911,1.30152,1.30159
2013.03.04 00:26:02.044,1.3015,1.30159
2013.03.04 00:26:03.169,1.30152,1.3016
2013.03.04 00:26:03.590,1.30153,1.3016
2013.03.04 00:26:03.710,1.30155,1.3016
2013.03.04 00:26:03.770,1.30156,1.30162
2013.03.04 00:26:03.891,1.30156,1.30163
2013.03.04 00:26:04.429,1.30157,1.30165
2013.03.04 00:26:17.169,1.30158,1.30167
2013.03.04 00:26:22.030,1.30159,1.30167
2013.03.04 00:26:22.210,1.30159,1.30168
2013.03.04 00:26:23.240,1.30159,1.30169
2013.03.04 00:26:33.709,1.3016,1.30169
2013.03.04 00:26:41.061,1.30159,1.30169
2013.03.04 00:26:42.570,1.30159,1.30168
2013.03.04 00:27:41.050,1.30159,1.30169
2013.03.04 00:27:42.681,1.30158,1.3017
2013.03.04 00:27:50.429,1.30159,1.30168
2013.03.04 00:28:20.949,1.30159,1.3017
2013.03.04 00:28:21.489,1.30159,1.30169
2013.03.04 00:28:54.904,1.30158,1.30165
2013.03.04 00:28:55.450,1.30157,1.30165
2013.03.04 00:29:12.699,1.30158,1.30166
2013.03.04 00:29:19.170,1.30157,1.30165
2013.03.04 00:29:24.329,1.30157,1.30165
2013.03.04 00:29:27.170,1.30155,1.30162
2013.03.04 00:29:27.229,1.30155,1.30162
2013.03.04 00:29:27.292,1.30155,1.3016
2013.03.04 00:29:27.651,1.3015,1.30159
2013.03.04 00:29:35.280,1.3015,1.30159
2013.03.04 00:29:47.870,1.30153,1.3016
2013.03.04 00:29:47.990,1.30154,1.30162
2013.03.04 00:29:48.051,1.30155,1.30162
2013.03.04 00:29:53.900,1.30156,1.30163
2013.03.04 00:29:53.960,1.30155,1.30163
2013.03.04 00:29:54.020,1.30155,1.30163
2013.03.04 00:29:57.020,1.30154,1.30162
2013.03.04 00:30:00.040,1.30154,1.30162
2013.03.04 00:30:00.490,1.30155,1.30163
2013.03.04 00:30:01.422,1.30155,1.30163
2013.03.04 00:30:02.320,1.30153,1.30161
2013.03.04 00:30:02.440,1.30151,1.30158
2013.03.04 00:30:02.500,1.3015,1.30158
2013.03.04 00:30:03.061,1.3015,1.30158
2013.03.04 00:30:05.351,1.3015,1.30158
2013.03.04 00:30:05.590,1.30146,1.30153
2013.03.04 00:30:08.311,1.30145,1.30152
2013.03.04 00:30:08.490,1.30143,1.3015
2013.03.04 00:30:08.792,1.30141,1.30147
2013.03.04 00:30:08.922,1.30138,1.30148
2013.03.04 00:30:08.991,1.30133,1.3014
2013.03.04 00:30:10.133,1.30133,1.30141
2013.03.04 00:30:10.260,1.30131,1.30139
2013.03.04 00:30:10.620,1.30131,1.3014
2013.03.04 00:30:10.921,1.30133,1.30142
2013.03.04 00:30:11.160,1.30136,1.30143
2013.03.04 00:30:11.462,1.30137,1.30146
2013.03.04 00:30:17.662,1.30139,1.3015
2013.03.04 00:30:20.741,1.30139,1.3015
2013.03.04 00:30:21.841,1.30139,1.3015
2013.03.04 00:30:28.411,1.30138,1.30149
2013.03.04 00:30:29.352,1.30138,1.30146
2013.03.04 00:30:29.711,1.30133,1.30142
2013.03.04 00:30:29.773,1.30133,1.30142
2013.03.04 00:30:39.751,1.30133,1.3014
2013.03.04 00:30:39.871,1.30136,1.30141
2013.03.04 00:30:40.110,1.30137,1.30144
2013.03.04 00:30:40.230,1.30137,1.30146
2013.03.04 00:30:41.690,1.30138,1.30144
2013.03.04 00:30:42.081,1.30138,1.30146
2013.03.04 00:30:42.620,1.30138,1.30146
2013.03.04 00:30:43.161,1.3014,1.30147
2013.03.04 00:30:43.710,1.3014,1.30147
2013.03.04 00:30:45.900,1.3014,1.30149
2013.03.04 00:30:48.510,1.30139,1.30146
2013.03.04 00:30:48.630,1.30139,1.30146
2013.03.04 00:30:49.171,1.30138,1.30144
2013.03.04 00:30:49.290,1.30136,1.30144
2013.03.04 00:30:49.650,1.30132,1.30138
2013.03.04 00:30:49.831,1.30129,1.30138
2013.03.04 00:30:51.121,1.3013,1.30138
2013.03.04 00:30:52.205,1.3013,1.30138
2013.03.04 00:30:59.430,1.30132,1.30139
2013.03.04 00:30:59.791,1.30134,1.30139
2013.03.04 00:30:59.912,1.30138,1.30145
2013.03.04 00:31:00.043,1.30138,1.30148
2013.03.04 00:31:00.953,1.3014,1.30148
2013.03.04 00:31:01.151,1.3014,1.30148
2013.03.04 00:31:02.990,1.3014,1.30148
2013.03.04 00:31:08.281,1.30141,1.30148
2013.03.04 00:31:15.126,1.30143,1.3015
2013.03.04 00:31:15.261,1.30143,1.30151
2013.03.04 00:31:15.713,1.30144,1.30152
2013.03.04 00:31:16.380,1.30145,1.30152
2013.03.04 00:31:21.201,1.30152,1.30159
2013.03.04 00:31:26.400,1.30152,1.30159
2013.03.04 00:31:27.470,1.30151,1.30159
2013.03.04 00:31:35.670,1.30151,1.30159
2013.03.04 00:31:38.260,1.30151,1.30159
2013.03.04 00:31:38.810,1.30152,1.3016
2013.03.04 00:31:39.320,1.30151,1.30159
2013.03.04 00:31:39.945,1.30151,1.30159
2013.03.04 00:31:40.490,1.30151,1.30159
2013.03.04 00:31:41.249,1.30152,1.3016
2013.03.04 00:31:41.560,1.30153,1.30161
2013.03.04 00:31:48.701,1.30155,1.30162
2013.03.04 00:31:48.941,1.30158,1.30164
2013.03.04 00:31:49.491,1.30159,1.30167
2013.03.04 00:31:49.733,1.30159,1.30167
2013.03.04 00:31:51.011,1.30159,1.30167
2013.03.04 00:31:51.671,1.30159,1.30167
2013.03.04 00:31:52.120,1.30161,1.30167
2013.03.04 00:31:52.181,1.30164,1.3017
2013.03.04 00:31:52.311,1.30164,1.30172
2013.03.04 00:31:52.453,1.30166,1.30172
2013.03.04 00:31:53.002,1.30167,1.30175
2013.03.04 00:32:00.751,1.30167,1.30175
2013.03.04 00:32:01.961,1.30168,1.30176
2013.03.04 00:32:02.641,1.30168,1.30177
2013.03.04 00:32:09.011,1.30169,1.30179
2013.03.04 00:32:09.310,1.30171,1.3018
2013.03.04 00:32:15.214,1.30171,1.3018
2013.03.04 00:32:15.762,1.30171,1.30179
2013.03.04 00:32:22.020,1.30169,1.30179
2013.03.04 00:32:29.560,1.30169,1.30177
2013.03.04 00:32:29.920,1.30168,1.30176
2013.03.04 00:32:30.460,1.30168,1.30176
2013.03.04 00:32:30.997,1.30169,1.30178
2013.03.04 00:32:41.377,1.3017,1.30178
2013.03.04 00:32:42.000,1.30169,1.30178
2013.03.04 00:32:42.940,1.30168,1.30177
2013.03.04 00:32:47.620,1.30168,1.30176
2013.03.04 00:32:48.170,1.30168,1.30176
2013.03.04 00:32:48.681,1.30168,1.30177
2013.03.04 00:32:51.243,1.30167,1.30174
2013.03.04 00:32:51.602,1.30162,1.30167
2013.03.04 00:32:51.912,1.30156,1.30165
2013.03.04 00:32:51.978,1.30156,1.30165
2013.03.04 00:32:52.362,1.30157,1.30165
2013.03.04 00:32:52.670,1.30157,1.30165
2013.03.04 00:33:06.831,1.30156,1.30164
2013.03.04 00:33:06.950,1.30156,1.30164
2013.03.04 00:33:08.113,1.30155,1.30164
2013.03.04 00:33:08.241,1.30152,1.3016
2013.03.04 00:33:08.481,1.3015,1.30156
2013.03.04 00:33:08.661,1.30148,1.30154
2013.03.04 00:33:08.783,1.30146,1.30151
2013.03.04 00:33:09.133,1.30141,1.30147
2013.03.04 00:33:23.471,1.3014,1.30149
2013.03.04 00:33:32.880,1.3014,1.30147
2013.03.04 00:33:53.669,1.30141,1.30149
2013.03.04 00:33:54.090,1.30145,1.30151
2013.03.04 00:33:54.271,1.30146,1.30152
2013.03.04 00:33:54.510,1.30146,1.30153
2013.03.04 00:33:56.514,1.30146,1.30154
2013.03.04 00:33:56.760,1.30147,1.30155
2013.03.04 00:34:00.440,1.30146,1.30154
2013.03.04 00:34:00.982,1.30146,1.30154
2013.03.04 00:34:04.390,1.30145,1.30152
2013.03.04 00:34:04.749,1.30141,1.30149
2013.03.04 00:34:11.160,1.30141,1.30149
2013.03.04 00:34:14.560,1.30138,1.30145
2013.03.04 00:34:14.621,1.30137,1.30144
2013.03.04 00:34:14.682,1.30135,1.30139
2013.03.04 00:34:14.801,1.30132,1.3014
2013.03.04 00:34:14.860,1.30132,1.3014
2013.03.04 00:34:14.921,1.30131,1.30139
2013.03.04 00:34:15.040,1.30129,1.30138
2013.03.04 00:34:23.701,1.3013,1.30139
2013.03.04 00:34:24.420,1.3013,1.30139
2013.03.04 00:34:44.620,1.3013,1.30138
2013.03.04 00:34:45.141,1.3013,1.30138
2013.03.04 00:34:46.001,1.30133,1.3014
2013.03.04 00:34:46.361,1.30137,1.30145
2013.03.04 00:34:46.962,1.30139,1.30147
2013.03.04 00:34:47.500,1.30139,1.30147
2013.03.04 00:34:51.760,1.3014,1.30147
2013.03.04 00:34:52.746,1.3014,1.30148
2013.03.04 00:34:56.980,1.30139,1.30148
2013.03.04 00:35:00.420,1.3014,1.30148
2013.03.04 00:35:00.981,1.30138,1.30147
2013.03.04 00:35:02.697,1.30141,1.30148
2013.03.04 00:35:02.951,1.30143,1.3015
2013.03.04 00:35:03.073,1.30143,1.3015
2013.03.04 00:35:03.131,1.30147,1.30151
2013.03.04 00:35:03.433,1.30145,1.3015
2013.03.04 00:35:03.681,1.30143,1.3015
2013.03.04 00:35:04.530,1.30143,1.3015
2013.03.04 00:35:05.011,1.30141,1.3015
2013.03.04 00:35:13.420,1.30139,1.30148
2013.03.04 00:35:19.040,1.3014,1.30148
2013.03.04 00:35:19.770,1.30139,1.30148
2013.03.04 00:35:19.831,1.30139,1.30147
2013.03.04 00:35:20.392,1.30138,1.30146
2013.03.04 00:35:25.462,1.30137,1.30145
2013.03.04 00:35:25.763,1.30134,1.30142
2013.03.04 00:35:26.228,1.30134,1.3014
2013.03.04 00:35:28.900,1.30134,1.3014
2013.03.04 00:35:29.652,1.30135,1.30141
2013.03.04 00:35:29.712,1.30137,1.30143
2013.03.04 00:35:29.891,1.30138,1.30144
2013.03.04 00:35:30.070,1.30141,1.30147
2013.03.04 00:35:30.491,1.30143,1.3015
2013.03.04 00:35:31.181,1.30143,1.3015
2013.03.04 00:35:31.491,1.30146,1.30152
2013.03.04 00:35:31.724,1.30147,1.30156
2013.03.04 00:35:33.501,1.30148,1.30156
2013.03.04 00:35:41.481,1.30149,1.30157
2013.03.04 00:35:41.842,1.30151,1.3016
2013.03.04 00:35:42.200,1.30154,1.30161
2013.03.04 00:35:42.260,1.30154,1.30161
2013.03.04 00:35:42.810,1.30153,1.3016
2013.03.04 00:35:43.500,1.30152,1.3016
2013.03.04 00:35:48.631,1.30152,1.3016
2013.03.04 00:35:49.131,1.30149,1.30158
2013.03.04 00:35:51.090,1.30148,1.30157
2013.03.04 00:35:51.152,1.30148,1.30155
2013.03.04 00:35:51.513,1.30144,1.30149
2013.03.04 00:35:52.303,1.30143,1.30149
2013.03.04 00:35:52.379,1.30139,1.30148
2013.03.04 00:36:06.950,1.3014,1.30148
2013.03.04 00:36:07.477,1.3014,1.30148
2013.03.04 00:36:08.091,1.30143,1.3015
2013.03.04 00:36:08.209,1.30143,1.3015
2013.03.04 00:36:08.748,1.30143,1.30151
2013.03.04 00:36:09.733,1.30144,1.30153
2013.03.04 00:36:09.800,1.30145,1.30154
2013.03.04 00:36:10.341,1.30147,1.30156
2013.03.04 00:36:18.000,1.30147,1.30157
2013.03.04 00:36:18.123,1.30146,1.30154
2013.03.04 00:36:18.241,1.30146,1.30152
2013.03.04 00:36:18.482,1.3014,1.30148
2013.03.04 00:36:24.051,1.30143,1.30149
2013.03.04 00:36:24.412,1.30146,1.30151
2013.03.04 00:36:24.831,1.30147,1.30155
2013.03.04 00:36:25.370,1.30148,1.30157
2013.03.04 00:36:26.270,1.30149,1.30158
2013.03.04 00:36:26.330,1.30151,1.30158
2013.03.04 00:36:26.850,1.30151,1.30158
2013.03.04 00:36:27.573,1.30151,1.30158
2013.03.04 00:36:42.421,1.30149,1.30157
2013.03.04 00:36:42.681,1.30149,1.30156
2013.03.04 00:36:43.221,1.30147,1.30155
2013.03.04 00:36:51.871,1.30146,1.30153
2013.03.04 00:36:52.063,1.30146,1.30151
2013.03.04 00:36:52.372,1.30143,1.3015
2013.03.04 00:37:05.092,1.3014,1.30149
2013.03.04 00:37:05.271,1.30139,1.30147
2013.03.04 00:37:12.580,1.30139,1.30147
2013.03.04 00:37:12.922,1.30137,1.30145
2013.03.04 00:37:13.350,1.30138,1.30145
2013.03.04 00:37:13.651,1.3014,1.30148
2013.03.04 00:37:16.570,1.30139,1.30148
2013.03.04 00:37:17.232,1.30139,1.30149
2013.03.04 00:37:17.421,1.3014,1.30149
2013.03.04 00:37:20.131,1.3014,1.30149
2013.03.04 00:37:20.640,1.3014,1.30149
2013.03.04 00:37:23.810,1.3014,1.30149
2013.03.04 00:37:23.871,1.30141,1.30149
2013.03.04 00:37:31.110,1.3014,1.30149
2013.03.04 00:37:34.090,1.3014,1.30148
2013.03.04 00:37:34.640,1.30141,1.30149
2013.03.04 00:37:48.900,1.30141,1.30149
2013.03.04 00:37:50.173,1.30141,1.30149
2013.03.04 00:37:54.820,1.30141,1.30149
2013.03.04 00:37:57.381,1.30141,1.30149
2013.03.04 00:37:58.460,1.30141,1.30149
2013.03.04 00:37:59.011,1.30141,1.30149
2013.03.04 00:38:01.811,1.30142,1.30149
2013.03.04 00:38:11.859,1.30141,1.3015
2013.03.04 00:38:13.872,1.30141,1.3015
2013.03.04 00:38:14.410,1.30142,1.3015
2013.03.04 00:38:15.710,1.30141,1.30149
2013.03.04 00:38:31.500,1.30141,1.3015
2013.03.04 00:38:52.920,1.30142,1.3015
2013.03.04 00:38:59.809,1.30143,1.3015
2013.03.04 00:39:00.470,1.30142,1.3015
2013.03.04 00:39:03.591,1.30144,1.3015
2013.03.04 00:39:03.831,1.30147,1.30154
2013.03.04 00:39:04.212,1.30147,1.30154
2013.03.04 00:39:11.010,1.30148,1.30154
2013.03.04 00:39:24.041,1.30147,1.30155
2013.03.04 00:39:32.781,1.30147,1.30155
2013.03.04 00:39:35.742,1.30147,1.30155
2013.03.04 00:39:42.521,1.30145,1.30153
2013.03.04 00:39:42.581,1.30145,1.30153
2013.03.04 00:39:42.702,1.30143,1.30149
2013.03.04 00:39:43.281,1.30143,1.30149
2013.03.04 00:39:43.840,1.30142,1.30149
2013.03.04 00:40:01.210,1.3014,1.30149
2013.03.04 00:40:10.994,1.3014,1.30148
2013.03.04 00:40:24.700,1.30141,1.30149
2013.03.04 00:40:25.261,1.30141,1.30148
2013.03.04 00:40:53.851,1.30139,1.30147
2013.03.04 00:40:54.033,1.3014,1.30148
2013.03.04 00:41:01.891,1.30141,1.30148
2013.03.04 00:41:04.591,1.30141,1.30149
2013.03.04 00:41:07.430,1.30142,1.30149
2013.03.04 00:41:07.950,1.30142,1.30152
2013.03.04 00:41:08.086,1.30143,1.30152
2013.03.04 00:41:08.213,1.30142,1.3015
2013.03.04 00:41:09.421,1.3014,1.30149
2013.03.04 00:41:14.765,1.3014,1.30149
2013.03.04 00:41:17.001,1.3014,1.30148
2013.03.04 00:41:28.481,1.30138,1.30146
2013.03.04 00:41:33.261,1.30139,1.30146
2013.03.04 00:41:33.381,1.30139,1.30146
2013.03.04 00:41:33.562,1.30138,1.30145
2013.03.04 00:41:33.922,1.30134,1.30142
2013.03.04 00:41:34.192,1.30131,1.30138
2013.03.04 00:41:34.431,1.3013,1.30138
2013.03.04 00:41:42.401,1.3013,1.30137
2013.03.04 00:41:42.712,1.3013,1.30137
2013.03.04 00:41:54.740,1.30128,1.30136
2013.03.04 00:42:02.071,1.30127,1.30135
2013.03.04 00:42:06.022,1.30127,1.30132
2013.03.04 00:42:06.381,1.30125,1.30133
2013.03.04 00:42:06.442,1.30125,1.30133
2013.03.04 00:42:09.801,1.30124,1.30132
2013.03.04 00:42:09.863,1.30124,1.3013
2013.03.04 00:42:10.219,1.3012,1.30127
2013.03.04 00:42:10.881,1.30119,1.30127
2013.03.04 00:42:11.241,1.30119,1.30127
2013.03.04 00:42:11.602,1.30119,1.30125
2013.03.04 00:42:11.782,1.30117,1.30124
2013.03.04 00:42:13.282,1.30116,1.30124
2013.03.04 00:42:14.091,1.30116,1.30124
2013.03.04 00:42:14.451,1.30118,1.30126
2013.03.04 00:42:17.192,1.30117,1.30124
2013.03.04 00:42:17.554,1.30114,1.3012
2013.03.04 00:42:17.622,1.30112,1.3012
2013.03.04 00:42:17.742,1.30114,1.30117
2013.03.04 00:42:18.102,1.30116,1.30122
2013.03.04 00:42:18.225,1.30119,1.30124
2013.03.04 00:42:18.351,1.30119,1.30126
2013.03.04 00:42:18.892,1.30119,1.30127
2013.03.04 00:42:19.012,1.30119,1.30126
2013.03.04 00:42:19.431,1.30116,1.30125
2013.03.04 00:42:20.101,1.30117,1.30124
2013.03.04 00:42:20.623,1.30116,1.30124
2013.03.04 00:42:26.360,1.30116,1.30125
2013.03.04 00:42:26.611,1.30116,1.30125
2013.03.04 00:42:26.851,1.30116,1.30125
2013.03.04 00:42:34.721,1.30118,1.30124
2013.03.04 00:42:35.455,1.30118,1.30124
2013.03.04 00:42:42.402,1.30116,1.30123
2013.03.04 00:42:42.711,1.30114,1.30122
2013.03.04 00:42:43.011,1.30113,1.30121
2013.03.04 00:42:43.551,1.30113,1.30121
2013.03.04 00:42:44.091,1.30113,1.30119
2013.03.04 00:42:44.991,1.30113,1.30121
2013.03.04 00:42:45.051,1.30115,1.30122
2013.03.04 00:42:45.292,1.30118,1.30124
2013.03.04 00:42:45.591,1.30116,1.30125
2013.03.04 00:42:49.242,1.30114,1.30121
2013.03.04 00:42:49.362,1.30114,1.30121
2013.03.04 00:42:50.561,1.30111,1.30118
2013.03.04 00:42:52.411,1.3011,1.30118
2013.03.04 00:42:53.064,1.30111,1.30118
2013.03.04 00:42:53.433,1.30117,1.30123
2013.03.04 00:42:53.982,1.30114,1.30123
2013.03.04 00:42:54.162,1.30112,1.30119
2013.03.04 00:42:54.702,1.3011,1.30119
2013.03.04 00:42:55.371,1.3011,1.30118
2013.03.04 00:42:55.962,1.30111,1.30119
2013.03.04 00:43:00.673,1.30112,1.3012
2013.03.04 00:43:01.911,1.30111,1.3012
2013.03.04 00:43:03.425,1.30113,1.30121
2013.03.04 00:43:03.552,1.30114,1.30121
2013.03.04 00:43:03.613,1.30116,1.30122
2013.03.04 00:43:03.673,1.30116,1.30123
2013.03.04 00:43:03.912,1.30118,1.30124
2013.03.04 00:43:04.952,1.30116,1.30124
2013.03.04 00:43:06.062,1.30115,1.30124
2013.03.04 00:43:09.641,1.30114,1.30124
2013.03.04 00:43:10.202,1.30114,1.30124
2013.03.04 00:43:11.461,1.30113,1.30121
2013.03.04 00:43:11.762,1.30113,1.30122
2013.03.04 00:43:14.822,1.30114,1.30121
2013.03.04 00:43:17.912,1.30112,1.3012
2013.03.04 00:43:18.211,1.30112,1.30119
2013.03.04 00:43:20.562,1.30109,1.30118
2013.03.04 00:43:20.622,1.30109,1.30117
2013.03.04 00:43:23.273,1.30105,1.30113
2013.03.04 00:43:23.332,1.30105,1.30113
2013.03.04 00:43:23.512,1.30103,1.30108
2013.03.04 00:43:23.573,1.30102,1.3011
2013.03.04 00:43:24.112,1.30101,1.3011
2013.03.04 00:43:25.262,1.30106,1.30112
2013.03.04 00:43:25.501,1.30108,1.30115
2013.03.04 00:43:25.622,1.30108,1.30116
2013.03.04 00:43:25.741,1.30108,1.30117
2013.03.04 00:43:26.301,1.30109,1.30117
2013.03.04 00:43:27.572,1.3011,1.30117
2013.03.04 00:43:28.113,1.30109,1.30116
2013.03.04 00:43:28.448,1.30102,1.3011
2013.03.04 00:43:28.761,1.301,1.30107
2013.03.04 00:43:29.242,1.30103,1.3011
2013.03.04 00:43:29.301,1.30102,1.3011
2013.03.04 00:43:29.482,1.301,1.30107
2013.03.04 00:43:30.203,1.301,1.30109
2013.03.04 00:43:34.122,1.301,1.30108
2013.03.04 00:43:34.242,1.30099,1.30107
2013.03.04 00:43:34.302,1.30097,1.30104
2013.03.04 00:43:34.362,1.30097,1.30102
2013.03.04 00:43:34.722,1.30093,1.30099
2013.03.04 00:43:34.962,1.30086,1.30097
2013.03.04 00:43:35.023,1.30086,1.30097
2013.03.04 00:43:35.083,1.30086,1.30095
2013.03.04 00:43:35.204,1.30087,1.30094
2013.03.04 00:43:35.762,1.30087,1.30093
2013.03.04 00:43:36.321,1.30087,1.30094
2013.03.04 00:43:38.876,1.30091,1.30097
2013.03.04 00:43:39.185,1.30095,1.30101
2013.03.04 00:43:39.312,1.30098,1.30105
2013.03.04 00:43:39.372,1.30097,1.30105
2013.03.04 00:43:39.493,1.30095,1.30103
2013.03.04 00:43:39.972,1.30095,1.30101
2013.03.04 00:43:40.091,1.30095,1.30101
2013.03.04 00:43:40.641,1.30095,1.30103
2013.03.04 00:43:40.942,1.30097,1.30104
2013.03.04 00:43:41.181,1.30098,1.30107
2013.03.04 00:43:41.361,1.30099,1.30108
2013.03.04 00:43:41.901,1.301,1.30109
2013.03.04 00:43:42.440,1.30101,1.30109
2013.03.04 00:43:44.432,1.30098,1.30104
2013.03.04 00:43:44.791,1.301,1.30104
2013.03.04 00:43:46.332,1.301,1.30107
2013.03.04 00:43:47.132,1.30097,1.30103
2013.03.04 00:43:47.252,1.30095,1.30102
2013.03.04 00:43:47.311,1.30095,1.30102
2013.03.04 00:43:47.434,1.30093,1.301
2013.03.04 00:43:47.563,1.30091,1.30097
2013.03.04 00:43:47.624,1.30089,1.30097
2013.03.04 00:43:47.683,1.30087,1.30093
2013.03.04 00:43:47.742,1.30087,1.30094
2013.03.04 00:43:48.281,1.30086,1.30095
2013.03.04 00:43:48.787,1.30086,1.30096
2013.03.04 00:43:48.984,1.30087,1.30096
2013.03.04 00:43:52.981,1.30087,1.30097
2013.03.04 00:43:53.522,1.30089,1.30097
2013.03.04 00:43:53.825,1.30088,1.30097
2013.03.04 00:43:54.131,1.30088,1.30095
2013.03.04 00:43:54.311,1.30087,1.30097
2013.03.04 00:44:03.941,1.30087,1.30095
2013.03.04 00:44:04.001,1.30086,1.30094
2013.03.04 00:44:04.302,1.30084,1.30094
2013.03.04 00:44:04.362,1.30085,1.30091
2013.03.04 00:44:04.787,1.30078,1.30086
2013.03.04 00:44:06.501,1.30078,1.30086
2013.03.04 00:44:11.162,1.30077,1.30088
2013.03.04 00:44:12.002,1.30078,1.30086
2013.03.04 00:44:15.951,1.30078,1.30087
2013.03.04 00:44:17.246,1.30078,1.30086
2013.03.04 00:44:20.691,1.30078,1.30086
2013.03.04 00:44:21.012,1.30078,1.30084
2013.03.04 00:44:21.372,1.30076,1.30085
2013.03.04 00:44:21.432,1.30077,1.30083
2013.03.04 00:44:21.853,1.30076,1.30082
2013.03.04 00:44:22.152,1.30074,1.30083
2013.03.04 00:44:22.282,1.30074,1.30081
2013.03.04 00:44:22.341,1.30067,1.30074
2013.03.04 00:44:23.122,1.30067,1.30074
2013.03.04 00:44:25.162,1.30066,1.30072
2013.03.04 00:44:25.343,1.30062,1.3007
2013.03.04 00:44:25.403,1.3006,1.30064
2013.03.04 00:44:25.713,1.30054,1.3006
2013.03.04 00:44:25.902,1.30053,1.30061
2013.03.04 00:44:25.961,1.30053,1.30061
2013.03.04 00:44:26.081,1.30053,1.30061
2013.03.04 00:44:26.141,1.30053,1.30061
2013.03.04 00:44:26.262,1.30053,1.30061
2013.03.04 00:44:26.322,1.30053,1.30061
2013.03.04 00:44:26.683,1.30056,1.30063
2013.03.04 00:44:26.981,1.30053,1.30059
2013.03.04 00:44:27.042,1.30053,1.30058
2013.03.04 00:44:27.402,1.30049,1.30057
2013.03.04 00:44:27.942,1.30047,1.30053
2013.03.04 00:44:28.003,1.30047,1.30053
2013.03.04 00:44:28.063,1.30046,1.30053
2013.03.04 00:44:28.422,1.30045,1.30049
2013.03.04 00:44:28.491,1.30042,1.30049
2013.03.04 00:44:29.031,1.30043,1.3005
2013.03.04 00:44:29.151,1.30043,1.3005
2013.03.04 00:44:29.272,1.30046,1.30053
2013.03.04 00:44:29.333,1.30047,1.30054
2013.03.04 00:44:29.573,1.30048,1.30056
2013.03.04 00:44:30.365,1.3005,1.30057
2013.03.04 00:44:31.162,1.30052,1.30057
2013.03.04 00:44:31.281,1.30052,1.30058
2013.03.04 00:44:32.232,1.30052,1.30058
2013.03.04 00:44:32.291,1.30051,1.30058
2013.03.04 00:44:34.442,1.3005,1.30058
2013.03.04 00:44:35.621,1.3005,1.30058
2013.03.04 00:44:36.733,1.30051,1.30058
2013.03.04 00:44:36.912,1.30054,1.30061
2013.03.04 00:44:37.212,1.30056,1.30061
2013.03.04 00:44:37.393,1.30054,1.3006
2013.03.04 00:44:37.512,1.30054,1.30059
2013.03.04 00:44:38.061,1.30052,1.30058
2013.03.04 00:44:38.595,1.30052,1.3006
2013.03.04 00:44:39.312,1.30052,1.30059
2013.03.04 00:44:39.552,1.30046,1.30054
2013.03.04 00:44:40.092,1.30047,1.30054
2013.03.04 00:44:40.572,1.30048,1.30057
2013.03.04 00:44:40.634,1.30054,1.30057
2013.03.04 00:44:40.932,1.30055,1.30063
2013.03.04 00:44:41.052,1.30053,1.30062
2013.03.04 00:44:41.233,1.30051,1.30061
2013.03.04 00:44:41.352,1.30049,1.30058
2013.03.04 00:44:41.653,1.30049,1.30058
2013.03.04 00:44:41.712,1.30049,1.30058
2013.03.04 00:44:41.892,1.30047,1.30055
2013.03.04 00:44:42.313,1.30047,1.30055
2013.03.04 00:44:42.793,1.30048,1.30058
2013.03.04 00:44:42.913,1.30047,1.30057
2013.03.04 00:44:43.331,1.30048,1.30058
2013.03.04 00:44:45.122,1.30048,1.30057
2013.03.04 00:44:45.467,1.30041,1.3005
2013.03.04 00:44:45.592,1.30045,1.30052
2013.03.04 00:44:45.711,1.30043,1.30049
2013.03.04 00:44:46.873,1.30042,1.30046
2013.03.04 00:44:46.970,1.30039,1.30048
2013.03.04 00:44:47.104,1.30034,1.3004
2013.03.04 00:44:47.174,1.30033,1.3004
2013.03.04 00:44:47.482,1.30028,1.30035
2013.03.04 00:44:47.662,1.30027,1.30035
2013.03.04 00:44:47.721,1.30028,1.30036
2013.03.04 00:44:47.782,1.30028,1.30036
2013.03.04 00:44:47.903,1.30028,1.30037
2013.03.04 00:44:48.022,1.30028,1.30036
2013.03.04 00:44:48.082,1.30027,1.30034
2013.03.04 00:44:48.203,1.30026,1.30034
2013.03.04 00:44:48.744,1.30028,1.30036
2013.03.04 00:44:48.811,1.30028,1.30037
2013.03.04 00:44:48.952,1.3003,1.30037
2013.03.04 00:44:49.371,1.3003,1.3004
2013.03.04 00:44:49.552,1.30034,1.30042
2013.03.04 00:44:49.792,1.30034,1.30041
2013.03.04 00:44:49.912,1.30034,1.30043
2013.03.04 00:44:49.971,1.30033,1.30042
2013.03.04 00:44:50.092,1.30033,1.30041
2013.03.04 00:44:50.392,1.3003,1.30039
2013.03.04 00:44:50.631,1.30031,1.30041
2013.03.04 00:44:50.933,1.30034,1.30043
2013.03.04 00:44:51.472,1.30037,1.30044
2013.03.04 00:44:51.592,1.30037,1.30044
2013.03.04 00:44:51.831,1.30036,1.30044
2013.03.04 00:44:51.951,1.30038,1.30045
2013.03.04 00:44:52.312,1.30037,1.30042
2013.03.04 00:44:52.671,1.30034,1.30038
2013.03.04 00:44:52.792,1.30034,1.30042
2013.03.04 00:44:53.092,1.30032,1.30037
2013.03.04 00:44:53.152,1.3003,1.30037
2013.03.04 00:44:54.901,1.3003,1.30039
2013.03.04 00:44:55.622,1.30032,1.3004
2013.03.04 00:44:55.743,1.30034,1.3004
2013.03.04 00:44:55.923,1.30036,1.30044
2013.03.04 00:44:56.104,1.30036,1.30044
2013.03.04 00:44:56.472,1.30039,1.30044
2013.03.04 00:44:56.836,1.3004,1.30046
2013.03.04 00:44:57.092,1.30036,1.30044
2013.03.04 00:44:57.152,1.30035,1.30044
2013.03.04 00:44:57.693,1.30039,1.30044
2013.03.04 00:44:57.881,1.30038,1.30045
2013.03.04 00:44:58.061,1.30037,1.30046
2013.03.04 00:44:58.941,1.30036,1.30044
2013.03.04 00:45:00.462,1.30036,1.30041
2013.03.04 00:45:00.761,1.30034,1.3004
2013.03.04 00:45:00.823,1.30033,1.30038
2013.03.04 00:45:01.422,1.30034,1.30043
2013.03.04 00:45:01.541,1.30034,1.30044
2013.03.04 00:45:02.773,1.30034,1.30044
2013.03.04 00:45:03.022,1.30036,1.30044
2013.03.04 00:45:03.633,1.30036,1.30045
2013.03.04 00:45:04.291,1.30036,1.30045
2013.03.04 00:45:04.952,1.30036,1.30044
2013.03.04 00:45:05.491,1.30037,1.30047
2013.03.04 00:45:05.551,1.30037,1.30047
2013.03.04 00:45:05.612,1.3004,1.30047
2013.03.04 00:45:05.791,1.30037,1.30047
2013.03.04 00:45:06.031,1.30039,1.30048
2013.03.04 00:45:06.392,1.30041,1.30048
2013.03.04 00:45:07.351,1.30043,1.30051
2013.03.04 00:45:07.592,1.30047,1.30053
2013.03.04 00:45:07.653,1.30047,1.30053
2013.03.04 00:45:07.833,1.30048,1.30056
2013.03.04 00:45:07.952,1.30048,1.30057
2013.03.04 00:45:08.463,1.3005,1.30059
2013.03.04 00:45:10.881,1.30051,1.30061
2013.03.04 00:45:11.122,1.30057,1.30065
2013.03.04 00:45:11.182,1.3006,1.30068
2013.03.04 00:45:12.084,1.3006,1.30065
2013.03.04 00:45:12.153,1.30055,1.30063
2013.03.04 00:45:12.273,1.30053,1.30058
2013.03.04 00:45:12.334,1.30048,1.30055
2013.03.04 00:45:12.872,1.30047,1.30055
2013.03.04 00:45:13.433,1.3005,1.3006
2013.03.04 00:45:13.611,1.3005,1.3006
2013.03.04 00:45:13.912,1.30053,1.3006
2013.03.04 00:45:14.861,1.30051,1.3006
2013.03.04 00:45:25.102,1.30053,1.30061
2013.03.04 00:45:25.462,1.30053,1.30063
2013.03.04 00:45:25.582,1.30053,1.3006
2013.03.04 00:45:25.701,1.30051,1.3006
2013.03.04 00:45:25.762,1.30051,1.3006
2013.03.04 00:45:26.882,1.30051,1.30061
2013.03.04 00:45:33.581,1.30049,1.30056
2013.03.04 00:45:34.122,1.30047,1.30054
2013.03.04 00:45:34.665,1.30047,1.30054
2013.03.04 00:45:37.162,1.30045,1.30053
2013.03.04 00:45:37.402,1.30045,1.30052
2013.03.04 00:45:38.061,1.30041,1.30051
2013.03.04 00:45:38.571,1.30044,1.30051
2013.03.04 00:45:39.096,1.30044,1.30051
2013.03.04 00:45:39.621,1.30044,1.30051
2013.03.04 00:45:40.261,1.30044,1.30051
2013.03.04 00:45:42.881,1.30044,1.30052
2013.03.04 00:45:43.446,1.30044,1.30052
2013.03.04 00:45:44.021,1.30044,1.30052
2013.03.04 00:45:45.082,1.30042,1.3005
2013.03.04 00:45:47.091,1.3004,1.3005
2013.03.04 00:45:48.148,1.30042,1.3005
2013.03.04 00:45:49.382,1.30044,1.30052
2013.03.04 00:45:49.443,1.30047,1.30054
2013.03.04 00:45:49.564,1.30047,1.30054
2013.03.04 00:45:49.803,1.30045,1.30053
2013.03.04 00:45:50.343,1.30045,1.30053
2013.03.04 00:45:52.331,1.30045,1.30053
2013.03.04 00:45:53.295,1.30045,1.30053
2013.03.04 00:45:53.383,1.3004,1.30048
2013.03.04 00:45:53.908,1.30039,1.30046
2013.03.04 00:45:54.421,1.30038,1.30046
2013.03.04 00:45:54.542,1.30037,1.30045
2013.03.04 00:45:54.662,1.30039,1.30047
2013.03.04 00:45:55.082,1.30041,1.30048
2013.03.04 00:45:55.262,1.30041,1.30048
2013.03.04 00:46:00.672,1.30042,1.30049
2013.03.04 00:46:00.853,1.30042,1.3005
2013.03.04 00:46:01.033,1.30044,1.30052
2013.03.04 00:46:01.163,1.30047,1.30054
2013.03.04 00:46:01.582,1.30046,1.30055
2013.03.04 00:46:01.643,1.30046,1.30053
2013.03.04 00:46:02.001,1.30042,1.30048
2013.03.04 00:46:02.061,1.30038,1.3005
2013.03.04 00:46:02.304,1.30039,1.30047
2013.03.04 00:46:03.475,1.3004,1.30045
2013.03.04 00:46:03.542,1.30039,1.30045
2013.03.04 00:46:03.676,1.30039,1.30044
2013.03.04 00:46:03.921,1.30037,1.30044
2013.03.04 00:46:04.282,1.30037,1.30043
2013.03.04 00:46:04.593,1.30036,1.30042
2013.03.04 00:46:05.682,1.30031,1.30036
2013.03.04 00:46:05.743,1.30031,1.30038
2013.03.04 00:46:06.833,1.30031,1.30036
2013.03.04 00:46:06.893,1.30027,1.30036
2013.03.04 00:46:07.312,1.30027,1.30034
2013.03.04 00:46:07.492,1.30028,1.30035
2013.03.04 00:46:07.613,1.30027,1.30035
2013.03.04 00:46:07.852,1.30029,1.30037
2013.03.04 00:46:08.092,1.30028,1.30036
2013.03.04 00:46:08.153,1.30025,1.30036
2013.03.04 00:46:08.401,1.30028,1.30036
2013.03.04 00:46:08.463,1.30029,1.30037
2013.03.04 00:46:16.109,1.30029,1.30037
2013.03.04 00:46:20.623,1.30031,1.30035
2013.03.04 00:46:20.743,1.30023,1.30032
2013.03.04 00:46:20.983,1.3002,1.30029
2013.03.04 00:46:21.044,1.30024,1.30029
2013.03.04 00:46:21.173,1.30023,1.30029
2013.03.04 00:46:21.232,1.3002,1.30029
2013.03.04 00:46:22.142,1.30019,1.30028
2013.03.04 00:46:22.502,1.30018,1.30026
2013.03.04 00:46:24.351,1.30018,1.30027
2013.03.04 00:46:25.982,1.30017,1.30025
2013.03.04 00:46:26.473,1.30017,1.30025
2013.03.04 00:46:27.012,1.30016,1.30025
2013.03.04 00:46:28.812,1.30017,1.30026
2013.03.04 00:46:29.582,1.30019,1.30027
2013.03.04 00:46:29.884,1.30021,1.30027
2013.03.04 00:46:31.117,1.30019,1.30028
2013.03.04 00:46:33.232,1.3002,1.30027
2013.03.04 00:46:33.292,1.30016,1.30025
2013.03.04 00:46:33.412,1.30015,1.30025
2013.03.04 00:46:33.473,1.30019,1.30025
2013.03.04 00:46:34.012,1.3002,1.30028
2013.03.04 00:46:34.391,1.3002,1.30028
2013.03.04 00:46:35.751,1.3002,1.30027
2013.03.04 00:46:37.171,1.3002,1.30027
2013.03.04 00:46:39.241,1.30019,1.30027
2013.03.04 00:46:40.653,1.30019,1.30027
2013.03.04 00:46:41.012,1.30025,1.30031
2013.03.04 00:46:41.219,1.30027,1.30034
2013.03.04 00:46:41.286,1.30027,1.30034
2013.03.04 00:46:43.953,1.30029,1.30037
2013.03.04 00:46:44.012,1.30031,1.30038
2013.03.04 00:46:44.192,1.30036,1.30042
2013.03.04 00:46:44.314,1.30037,1.30042
2013.03.04 00:46:44.902,1.30037,1.30046
2013.03.04 00:46:46.004,1.30037,1.30044
2013.03.04 00:46:46.062,1.30036,1.30044
2013.03.04 00:46:52.572,1.30035,1.30043
2013.03.04 00:46:52.631,1.30035,1.30043
2013.03.04 00:46:53.173,1.30037,1.30044
2013.03.04 00:46:53.711,1.30035,1.30043
2013.03.04 00:46:55.402,1.30035,1.30044
2013.03.04 00:46:55.943,1.30036,1.30045
2013.03.04 00:46:56.423,1.30034,1.30042
2013.03.04 00:46:56.541,1.30034,1.30042
2013.03.04 00:46:56.961,1.30036,1.30045
2013.03.04 00:46:57.382,1.30036,1.30043
2013.03.04 00:46:57.502,1.30037,1.30044
2013.03.04 00:46:58.533,1.30038,1.30045
2013.03.04 00:46:58.661,1.30039,1.30047
2013.03.04 00:46:59.142,1.30038,1.30047
2013.03.04 00:46:59.550,1.30037,1.30045
2013.03.04 00:47:00.621,1.30035,1.30044
2013.03.04 00:47:00.743,1.30035,1.30045
2013.03.04 00:47:09.442,1.30035,1.30046
2013.03.04 00:47:09.562,1.30036,1.30046
2013.03.04 00:47:13.762,1.30035,1.30044
2013.03.04 00:47:14.293,1.30037,1.30045
2013.03.04 00:47:20.351,1.30037,1.30045
2013.03.04 00:47:20.412,1.3004,1.30047
2013.03.04 00:47:20.553,1.30045,1.3005
2013.03.04 00:47:20.734,1.30046,1.30053
2013.03.04 00:47:20.982,1.30048,1.30056
2013.03.04 00:47:28.082,1.30048,1.30057
2013.03.04 00:47:47.582,1.3005,1.30057
2013.03.04 00:47:50.111,1.30049,1.30057
2013.03.04 00:47:53.441,1.30051,1.30057
2013.03.04 00:47:59.922,1.3005,1.30058
2013.03.04 00:48:00.281,1.3005,1.30056
2013.03.04 00:48:02.023,1.3005,1.30057
2013.03.04 00:48:02.502,1.30052,1.30058
2013.03.04 00:48:03.052,1.30053,1.3006
2013.03.04 00:48:03.611,1.30053,1.3006
2013.03.04 00:48:04.171,1.30052,1.3006
2013.03.04 00:48:04.543,1.30054,1.30061
2013.03.04 00:48:04.722,1.30059,1.30066
2013.03.04 00:48:04.841,1.30059,1.30064
2013.03.04 00:48:05.021,1.30056,1.30063
2013.03.04 00:48:05.263,1.30057,1.30064
2013.03.04 00:48:09.371,1.30058,1.30067
2013.03.04 00:48:09.672,1.3006,1.30068
2013.03.04 00:48:09.732,1.30062,1.30069
2013.03.04 00:48:11.711,1.30062,1.3007
2013.03.04 00:48:12.099,1.30065,1.30073
2013.03.04 00:48:12.351,1.30068,1.30075
2013.03.04 00:48:12.412,1.30068,1.30075
2013.03.04 00:48:12.533,1.30068,1.30075
2013.03.04 00:48:12.832,1.30067,1.30076
2013.03.04 00:48:12.951,1.30066,1.30076
2013.03.04 00:48:13.411,1.30068,1.30078
2013.03.04 00:48:16.801,1.30066,1.30076
2013.03.04 00:48:18.582,1.30066,1.30073
2013.03.04 00:48:18.903,1.30066,1.30073
2013.03.04 00:48:19.693,1.30066,1.30073
2013.03.04 00:48:19.991,1.30067,1.30075
2013.03.04 00:48:22.053,1.30066,1.30075
2013.03.04 00:48:22.291,1.30066,1.30074
2013.03.04 00:48:26.132,1.30063,1.30069
2013.03.04 00:48:26.313,1.30061,1.30069
2013.03.04 00:48:28.201,1.30062,1.30069
2013.03.04 00:48:28.444,1.30066,1.30073
2013.03.04 00:48:28.562,1.30067,1.30075
2013.03.04 00:48:29.102,1.30067,1.30074
2013.03.04 00:48:33.295,1.30066,1.30074
2013.03.04 00:48:34.922,1.30067,1.30074
2013.03.04 00:48:35.461,1.30067,1.30076
2013.03.04 00:48:36.211,1.30066,1.30076
2013.03.04 00:48:36.793,1.30069,1.30078
2013.03.04 00:48:37.151,1.30072,1.30079
2013.03.04 00:48:37.812,1.30071,1.30078
2013.03.04 00:48:38.507,1.30071,1.30078
2013.03.04 00:48:38.811,1.30073,1.30082
2013.03.04 00:48:39.121,1.30076,1.30083
2013.03.04 00:48:39.182,1.30077,1.30086
2013.03.04 00:48:39.363,1.30074,1.30082
2013.03.04 00:48:39.422,1.30074,1.30082
2013.03.04 00:48:39.962,1.30072,1.3008
2013.03.04 00:48:41.092,1.3007,1.30078
2013.03.04 00:48:41.151,1.30069,1.30077
2013.03.04 00:48:41.212,1.30068,1.30077
2013.03.04 00:48:41.692,1.30065,1.30071
2013.03.04 00:48:41.813,1.3006,1.30069
2013.03.04 00:48:42.352,1.30059,1.30068
2013.03.04 00:48:42.892,1.30059,1.30069
2013.03.04 00:48:44.713,1.30059,1.30069
2013.03.04 00:48:45.314,1.30062,1.3007
2013.03.04 00:48:45.432,1.30064,1.30072
2013.03.04 00:48:45.553,1.30064,1.30072
2013.03.04 00:48:46.223,1.30067,1.30072
2013.03.04 00:48:47.652,1.30067,1.30074
2013.03.04 00:48:48.182,1.30067,1.30075
2013.03.04 00:48:53.262,1.30068,1.30076
2013.03.04 00:48:53.381,1.30068,1.30077
2013.03.04 00:48:53.681,1.3007,1.30078
2013.03.04 00:48:53.982,1.30071,1.30079
2013.03.04 00:48:54.538,1.30074,1.30081
2013.03.04 00:48:54.982,1.30071,1.30078
2013.03.04 00:48:55.642,1.30072,1.30079
2013.03.04 00:48:55.881,1.30072,1.30079
2013.03.04 00:48:55.943,1.30069,1.30079
2013.03.04 00:48:56.122,1.30068,1.30076
2013.03.04 00:48:56.482,1.30068,1.30076
2013.03.04 00:48:57.032,1.30068,1.30076
2013.03.04 00:48:59.154,1.30068,1.30076
2013.03.04 00:48:59.522,1.30065,1.30076
2013.03.04 00:49:03.383,1.30067,1.30074
2013.03.04 00:49:04.415,1.30067,1.30074
2013.03.04 00:49:06.632,1.30068,1.30075
2013.03.04 00:49:06.872,1.30069,1.30076
2013.03.04 00:49:06.932,1.30071,1.30079
2013.03.04 00:49:07.172,1.30074,1.30082
2013.03.04 00:49:07.352,1.30071,1.30079
2013.03.04 00:49:08.434,1.30071,1.30077
2013.03.04 00:49:08.672,1.30065,1.30073
2013.03.04 00:49:08.732,1.30065,1.30073
2013.03.04 00:49:09.032,1.30063,1.30071
2013.03.04 00:49:09.700,1.30061,1.30068
2013.03.04 00:49:16.972,1.30063,1.3007
2013.03.04 00:49:17.521,1.30063,1.3007
2013.03.04 00:49:19.964,1.30063,1.3007
2013.03.04 00:49:20.202,1.30063,1.30073
2013.03.04 00:49:20.822,1.30064,1.30073
2013.03.04 00:49:21.124,1.30069,1.30074
2013.03.04 00:49:21.252,1.3007,1.30077
2013.03.04 00:49:21.372,1.30068,1.30078
2013.03.04 00:49:21.852,1.30069,1.30077
2013.03.04 00:49:22.165,1.30073,1.3008
2013.03.04 00:49:22.592,1.30074,1.30082
2013.03.04 00:49:22.902,1.30074,1.30082
2013.03.04 00:49:23.321,1.30074,1.30082
2013.03.04 00:49:23.562,1.30076,1.30083
2013.03.04 00:49:23.621,1.30077,1.30087
2013.03.04 00:49:24.796,1.30079,1.30087
2013.03.04 00:49:31.243,1.30078,1.30087
2013.03.04 00:49:31.422,1.3008,1.30087
2013.03.04 00:49:31.962,1.3008,1.30088
2013.03.04 00:49:32.501,1.30079,1.30087
2013.03.04 00:49:33.042,1.30079,1.30087
2013.03.04 00:49:33.763,1.30079,1.30087
2013.03.04 00:49:34.953,1.30082,1.30086
2013.03.04 00:49:35.252,1.30084,1.30093
2013.03.04 00:49:35.314,1.30084,1.30092
2013.03.04 00:49:35.434,1.30084,1.3009
2013.03.04 00:49:35.612,1.30083,1.30092
2013.03.04 00:49:35.972,1.30084,1.30093
2013.03.04 00:49:36.152,1.30086,1.30095
2013.03.04 00:49:37.112,1.30086,1.30094
2013.03.04 00:49:37.414,1.30083,1.30091
2013.03.04 00:49:37.952,1.30081,1.3009
2013.03.04 00:49:38.132,1.30081,1.30089
2013.03.04 00:49:38.312,1.30081,1.30089
2013.03.04 00:49:39.422,1.30079,1.30087
2013.03.04 00:49:39.542,1.30079,1.30087
2013.03.04 00:49:46.231,1.30077,1.30085
2013.03.04 00:49:46.996,1.30078,1.30086
2013.03.04 00:49:49.122,1.30078,1.30086
2013.03.04 00:49:49.662,1.30079,1.30088
2013.03.04 00:49:50.375,1.30077,1.30085
2013.03.04 00:49:50.445,1.30077,1.30085
2013.03.04 00:49:50.682,1.30079,1.30087
2013.03.04 00:49:51.264,1.30079,1.30087
2013.03.04 00:49:58.112,1.30079,1.30087
2013.03.04 00:50:02.443,1.30079,1.30087
2013.03.04 00:50:04.221,1.30079,1.30087
2013.03.04 00:50:08.853,1.30081,1.30087
2013.03.04 00:50:09.214,1.30086,1.3009
2013.03.04 00:50:09.284,1.30086,1.30094
2013.03.04 00:50:09.352,1.30087,1.30096
2013.03.04 00:50:09.901,1.30086,1.30097
2013.03.04 00:50:10.562,1.30087,1.30098
2013.03.04 00:50:13.082,1.30092,1.30099
2013.03.04 00:50:13.643,1.30092,1.30099
2013.03.04 00:50:15.282,1.3009,1.30098
2013.03.04 00:50:16.502,1.3009,1.30098
2013.03.04 00:50:19.313,1.30089,1.30097
2013.03.04 00:50:21.693,1.30089,1.30097
2013.03.04 00:50:33.635,1.30089,1.30096
2013.03.04 00:50:34.242,1.30086,1.30095
2013.03.04 00:50:36.072,1.30087,1.30097
2013.03.04 00:50:36.426,1.3009,1.30097
2013.03.04 00:50:37.254,1.3009,1.30097
2013.03.04 00:50:37.493,1.3009,1.30098
2013.03.04 00:50:38.192,1.30092,1.30099
2013.03.04 00:50:40.444,1.3009,1.30096
2013.03.04 00:50:40.802,1.30086,1.30094
2013.03.04 00:50:40.922,1.30087,1.30095
2013.03.04 00:50:40.982,1.30087,1.30095
2013.03.04 00:50:48.134,1.30089,1.30097
2013.03.04 00:50:55.882,1.30088,1.30097
2013.03.04 00:51:22.633,1.30089,1.30097
2013.03.04 00:51:28.712,1.3009,1.30099
2013.03.04 00:51:29.261,1.3009,1.30099
2013.03.04 00:51:30.712,1.30091,1.30099
2013.03.04 00:51:31.013,1.30095,1.30101
2013.03.04 00:51:31.314,1.30095,1.30103
2013.03.04 00:51:31.852,1.30095,1.30103
2013.03.04 00:51:32.453,1.30093,1.30101
2013.03.04 00:51:32.754,1.30091,1.301
2013.03.04 00:51:32.872,1.30093,1.30101
2013.03.04 00:51:33.412,1.30094,1.30102
2013.03.04 00:51:34.223,1.30096,1.30105
2013.03.04 00:51:34.412,1.30099,1.30107
2013.03.04 00:51:35.721,1.30098,1.30107
2013.03.04 00:51:37.772,1.30098,1.30107
2013.03.04 00:51:39.522,1.30098,1.30106
2013.03.04 00:51:40.072,1.30095,1.30103
2013.03.04 00:51:48.522,1.30094,1.30103
2013.03.04 00:51:48.823,1.30093,1.301
2013.03.04 00:51:49.063,1.30093,1.30101
2013.03.04 00:51:49.801,1.30093,1.301
2013.03.04 00:51:50.053,1.30095,1.301
2013.03.04 00:51:50.352,1.30094,1.30101
2013.03.04 00:51:50.654,1.3009,1.30099
2013.03.04 00:51:51.372,1.30089,1.30098
2013.03.04 00:51:51.972,1.30089,1.30098
2013.03.04 00:51:52.452,1.30092,1.301
2013.03.04 00:51:53.883,1.30092,1.301
2013.03.04 00:51:54.189,1.30095,1.30102
2013.03.04 00:51:54.742,1.30096,1.30103
2013.03.04 00:51:55.352,1.30096,1.30103
2013.03.04 00:51:56.013,1.30094,1.30101
2013.03.04 00:51:56.133,1.30092,1.301
2013.03.04 00:51:56.492,1.30089,1.30098
2013.03.04 00:51:58.572,1.3009,1.30098
2013.03.04 00:51:58.993,1.30094,1.30101
2013.03.04 00:51:59.172,1.30096,1.30103
2013.03.04 00:51:59.726,1.30096,1.30103
2013.03.04 00:52:00.722,1.30097,1.30105
2013.03.04 00:52:01.463,1.30097,1.30106
2013.03.04 00:52:02.033,1.30098,1.30106
2013.03.04 00:52:02.592,1.30098,1.30106
2013.03.04 00:52:03.452,1.30098,1.30106
2013.03.04 00:52:06.563,1.30098,1.30106
2013.03.04 00:52:24.642,1.301,1.30108
2013.03.04 00:52:30.932,1.301,1.30108
2013.03.04 00:52:40.932,1.30099,1.30108
2013.03.04 00:52:42.252,1.30099,1.30108
2013.03.04 00:52:42.612,1.301,1.30108
2013.03.04 00:52:43.683,1.30102,1.3011
2013.03.04 00:52:43.922,1.30107,1.30116
2013.03.04 00:52:46.541,1.30106,1.30115
2013.03.04 00:52:49.343,1.30105,1.30113
2013.03.04 00:52:49.404,1.30104,1.30111
2013.03.04 00:52:49.713,1.30097,1.30106
2013.03.04 00:52:49.832,1.30096,1.30106
2013.03.04 00:52:50.373,1.30097,1.30106
2013.03.04 00:52:52.263,1.30096,1.30103
2013.03.04 00:52:52.623,1.30093,1.30099
2013.03.04 00:53:01.353,1.30093,1.30101
2013.03.04 00:53:01.472,1.30094,1.30102
2013.03.04 00:53:01.890,1.30097,1.30105
2013.03.04 00:53:02.023,1.30098,1.30107
2013.03.04 00:53:02.753,1.30098,1.30103
2013.03.04 00:53:02.873,1.30097,1.30104
2013.03.04 00:53:11.142,1.30098,1.30106
2013.03.04 00:53:13.682,1.30098,1.30104
2013.03.04 00:53:13.983,1.30094,1.30101
2013.03.04 00:53:14.163,1.30093,1.30101
2013.03.04 00:53:18.562,1.30091,1.30099
2013.03.04 00:53:19.113,1.3009,1.30098
2013.03.04 00:53:27.464,1.30091,1.30099
2013.03.04 00:53:29.172,1.30091,1.30099
2013.03.04 00:53:32.882,1.30091,1.30099
2013.03.04 00:53:34.312,1.30089,1.30098
2013.03.04 00:53:34.432,1.30089,1.30098
2013.03.04 00:53:46.062,1.30091,1.30099
2013.03.04 00:53:57.551,1.3009,1.30098
2013.03.04 00:53:57.611,1.3009,1.30098
2013.03.04 00:54:06.042,1.30089,1.30098
2013.03.04 00:54:06.843,1.30089,1.30098
2013.03.04 00:54:07.202,1.3009,1.301
2013.03.04 00:54:07.522,1.3009,1.30098
2013.03.04 00:54:09.292,1.3009,1.301
2013.03.04 00:54:09.952,1.3009,1.30098
2013.03.04 00:54:10.833,1.30089,1.30098
2013.03.04 00:54:10.892,1.30089,1.30098
2013.03.04 00:54:11.677,1.30089,1.30098
2013.03.04 00:54:12.672,1.30089,1.30099
2013.03.04 00:54:14.412,1.30089,1.30099
2013.03.04 00:54:18.795,1.30092,1.30098
2013.03.04 00:54:19.882,1.30094,1.30102
2013.03.04 00:54:20.423,1.30092,1.301
2013.03.04 00:54:20.962,1.3009,1.30099
2013.03.04 00:54:21.883,1.3009,1.30098
2013.03.04 00:54:26.253,1.3009,1.30098
2013.03.04 00:54:26.514,1.30088,1.30098
2013.03.04 00:54:27.059,1.30087,1.30096
2013.03.04 00:54:27.483,1.30084,1.30092
2013.03.04 00:54:27.543,1.30084,1.30092
2013.03.04 00:54:27.793,1.30086,1.30092
2013.03.04 00:54:28.331,1.30086,1.30094
2013.03.04 00:54:29.482,1.30086,1.30096
2013.03.04 00:54:34.370,1.30086,1.30094
2013.03.04 00:54:43.523,1.30086,1.30094
2013.03.04 00:54:47.554,1.30086,1.30093
2013.03.04 00:54:47.612,1.30084,1.30091
2013.03.04 00:54:47.672,1.30083,1.30091
2013.03.04 00:54:47.732,1.30083,1.30091
2013.03.04 00:54:48.093,1.3008,1.3009
2013.03.04 00:54:49.202,1.30082,1.3009
2013.03.04 00:54:49.742,1.30083,1.30091
2013.03.04 00:54:54.752,1.30084,1.30091
2013.03.04 00:54:59.344,1.30082,1.3009
2013.03.04 00:55:00.003,1.30081,1.30089
2013.03.04 00:55:00.556,1.30079,1.30088
2013.03.04 00:55:00.924,1.30075,1.30082
2013.03.04 00:55:01.404,1.3007,1.30077
2013.03.04 00:55:01.644,1.30067,1.30075
2013.03.04 00:55:01.765,1.30066,1.30074
2013.03.04 00:55:01.833,1.30066,1.30074
2013.03.04 00:55:02.134,1.30066,1.30072
2013.03.04 00:55:02.313,1.30067,1.30075
2013.03.04 00:55:02.672,1.30065,1.30073
2013.03.04 00:55:02.912,1.30067,1.30073
2013.03.04 00:55:03.273,1.30067,1.30075
2013.03.04 00:55:04.193,1.30067,1.30074
2013.03.04 00:55:04.253,1.30067,1.30073
2013.03.04 00:55:04.313,1.30065,1.30071
2013.03.04 00:55:04.372,1.30064,1.30072
2013.03.04 00:55:04.613,1.30063,1.30071
2013.03.04 00:55:07.662,1.30062,1.30069
2013.03.04 00:55:10.044,1.30063,1.30069
2013.03.04 00:55:10.107,1.30063,1.3007
2013.03.04 00:55:10.408,1.30063,1.3007
2013.03.04 00:55:10.773,1.30069,1.30073
2013.03.04 00:55:10.893,1.30072,1.30078
2013.03.04 00:55:11.014,1.30073,1.30079
2013.03.04 00:55:11.074,1.30074,1.30079
2013.03.04 00:55:11.375,1.30078,1.30088
2013.03.04 00:55:11.502,1.3008,1.30089
2013.03.04 00:55:11.683,1.30078,1.30089
2013.03.04 00:55:11.865,1.30075,1.3008
2013.03.04 00:55:11.933,1.3007,1.30078
2013.03.04 00:55:11.994,1.3007,1.30078
2013.03.04 00:55:12.113,1.3007,1.30078
2013.03.04 00:55:12.653,1.30068,1.30078
2013.03.04 00:55:13.224,1.30068,1.30078
2013.03.04 00:55:15.332,1.30071,1.30078
2013.03.04 00:55:15.393,1.30071,1.30078
2013.03.04 00:55:15.453,1.30071,1.30079
2013.03.04 00:55:15.634,1.30076,1.30082
2013.03.04 00:55:15.753,1.30075,1.30084
2013.03.04 00:55:16.292,1.30075,1.30083
2013.03.04 00:55:17.062,1.30075,1.30083
2013.03.04 00:55:17.574,1.30075,1.30084
2013.03.04 00:55:18.642,1.30077,1.30083
2013.03.04 00:55:19.192,1.30075,1.30083
2013.03.04 00:55:21.134,1.30077,1.30083
2013.03.04 00:55:21.253,1.30079,1.30087
2013.03.04 00:55:26.997,1.30079,1.30085
2013.03.04 00:55:27.066,1.30075,1.30083
2013.03.04 00:55:27.372,1.30075,1.30081
2013.03.04 00:55:27.953,1.30076,1.30083
2013.03.04 00:55:28.132,1.30078,1.30088
2013.03.04 00:55:28.553,1.3008,1.30088
2013.03.04 00:55:28.613,1.30081,1.30088
2013.03.04 00:55:28.974,1.30077,1.30085
2013.03.04 00:55:29.042,1.30076,1.30084
2013.03.04 00:55:29.621,1.30075,1.30083
2013.03.04 00:55:29.863,1.30076,1.30081
2013.03.04 00:55:29.923,1.30074,1.30081
2013.03.04 00:55:30.162,1.30073,1.3008
2013.03.04 00:55:30.284,1.30072,1.3008
2013.03.04 00:55:30.464,1.30071,1.30079
2013.03.04 00:55:30.773,1.3007,1.30078
2013.03.04 00:55:31.473,1.30069,1.30078
2013.03.04 00:55:32.023,1.30069,1.30077
2013.03.04 00:55:32.763,1.30069,1.30076
2013.03.04 00:55:32.823,1.30068,1.30076
2013.03.04 00:55:33.363,1.30067,1.30075
2013.03.04 00:55:35.992,1.30066,1.30074
2013.03.04 00:55:36.415,1.30061,1.30066
2013.03.04 00:55:36.603,1.30061,1.30069
2013.03.04 00:55:36.663,1.30061,1.3007
2013.03.04 00:55:36.962,1.30063,1.30071
2013.03.04 00:55:37.202,1.30069,1.30075
2013.03.04 00:55:37.742,1.30069,1.30077
2013.03.04 00:55:39.772,1.30069,1.30077
2013.03.04 00:55:40.311,1.30069,1.30076
2013.03.04 00:55:40.984,1.30069,1.30076
2013.03.04 00:55:41.687,1.30067,1.30076
2013.03.04 00:55:43.012,1.30068,1.30076
2013.03.04 00:55:43.562,1.30071,1.30077
2013.03.04 00:55:43.923,1.30068,1.30077
2013.03.04 00:55:46.514,1.30068,1.30073
2013.03.04 00:55:46.693,1.30067,1.30076
2013.03.04 00:55:47.232,1.30068,1.30077
2013.03.04 00:55:47.502,1.3007,1.30078
2013.03.04 00:55:48.592,1.30072,1.30079
2013.03.04 00:55:48.652,1.30072,1.3008
2013.03.04 00:55:48.953,1.30076,1.30082
2013.03.04 00:55:49.253,1.30079,1.30087
2013.03.04 00:55:49.373,1.3008,1.30088
2013.03.04 00:55:49.634,1.30079,1.30088
2013.03.04 00:55:49.874,1.30078,1.30088
2013.03.04 00:55:50.243,1.30079,1.30086
2013.03.04 00:55:50.603,1.30078,1.30086
2013.03.04 00:55:50.842,1.30077,1.30085
2013.03.04 00:55:51.085,1.30077,1.30084
2013.03.04 00:55:51.143,1.30076,1.30084
2013.03.04 00:55:51.383,1.30075,1.30083
2013.03.04 00:55:53.683,1.30069,1.30077
2013.03.04 00:55:53.803,1.30073,1.30082
2013.03.04 00:55:54.833,1.30077,1.30085
2013.03.04 00:55:54.908,1.30078,1.30087
2013.03.04 00:56:00.343,1.30078,1.30087
2013.03.04 00:56:01.044,1.30082,1.30088
2013.03.04 00:56:01.404,1.30088,1.30095
2013.03.04 00:56:01.533,1.30088,1.30097
2013.03.04 00:56:02.132,1.30087,1.30097
2013.03.04 00:56:02.784,1.30087,1.30095
2013.03.04 00:56:03.142,1.30085,1.30092
2013.03.04 00:56:03.443,1.30083,1.30089
2013.03.04 00:56:03.923,1.30084,1.30091
2013.03.04 00:56:04.224,1.30084,1.30093
2013.03.04 00:56:04.344,1.30083,1.30093
2013.03.04 00:56:04.723,1.30082,1.30091
2013.03.04 00:56:08.946,1.30083,1.30093
2013.03.04 00:56:14.453,1.30085,1.30095
2013.03.04 00:56:14.513,1.30087,1.30095
2013.03.04 00:56:14.753,1.3009,1.30098
2013.03.04 00:56:17.613,1.30092,1.301
2013.03.04 00:56:17.914,1.30094,1.30103
2013.03.04 00:56:18.272,1.30094,1.30103
2013.03.04 00:56:20.433,1.30093,1.301
2013.03.04 00:56:20.673,1.30092,1.30099
2013.03.04 00:56:20.733,1.30091,1.30099
2013.03.04 00:56:23.184,1.3009,1.30099
2013.03.04 00:56:26.343,1.30089,1.30097
2013.03.04 00:56:26.704,1.30087,1.30096
2013.03.04 00:56:27.063,1.30089,1.30098
2013.03.04 00:56:32.919,1.30091,1.30098
2013.03.04 00:56:34.362,1.30092,1.30098
2013.03.04 00:56:35.143,1.30093,1.30098
2013.03.04 00:56:36.193,1.30092,1.30098
2013.03.04 00:56:43.744,1.30096,1.301
2013.03.04 00:56:43.992,1.30098,1.30103
2013.03.04 00:56:44.535,1.30098,1.30106
2013.03.04 00:56:45.188,1.30097,1.30106
2013.03.04 00:56:51.674,1.30099,1.30107
2013.03.04 00:56:51.876,1.301,1.30107
2013.03.04 00:56:54.302,1.301,1.30108
2013.03.04 00:57:00.263,1.30102,1.3011
2013.03.04 00:57:01.513,1.30102,1.30111
2013.03.04 00:57:01.874,1.30107,1.30112
2013.03.04 00:57:01.994,1.30107,1.30115
2013.03.04 00:57:02.234,1.30108,1.30115
2013.03.04 00:57:02.305,1.30107,1.30115
2013.03.04 00:57:02.423,1.30107,1.30114
2013.03.04 00:57:02.723,1.30107,1.30115
2013.03.04 00:57:08.414,1.30107,1.30115
2013.03.04 00:57:08.713,1.30109,1.30117
2013.03.04 00:57:10.794,1.30109,1.30114
2013.03.04 00:57:10.915,1.30109,1.30114
2013.03.04 00:57:10.982,1.30104,1.30113
2013.03.04 00:57:11.045,1.30104,1.3011
2013.03.04 00:57:11.114,1.30101,1.30109
2013.03.04 00:57:13.853,1.30101,1.30108
2013.03.04 00:57:20.704,1.30099,1.30107
2013.03.04 00:57:21.253,1.30099,1.30107
2013.03.04 00:57:43.742,1.30099,1.30107
2013.03.04 00:57:50.602,1.30099,1.30107
2013.03.04 00:57:50.723,1.30097,1.30107
2013.03.04 00:57:53.224,1.30097,1.30107
2013.03.04 00:57:53.473,1.301,1.30108
2013.03.04 00:57:59.412,1.30099,1.30108
2013.03.04 00:58:06.812,1.30099,1.30107
2013.03.04 00:58:10.703,1.30099,1.30107
2013.03.04 00:58:10.824,1.30102,1.30108
2013.03.04 00:58:11.383,1.301,1.30108
2013.03.04 00:58:11.563,1.301,1.30108
2013.03.04 00:58:11.623,1.301,1.30108
2013.03.04 00:58:12.163,1.30099,1.30107
2013.03.04 00:58:12.653,1.30101,1.30108
2013.03.04 00:58:13.204,1.30101,1.30108
2013.03.04 00:58:13.323,1.30101,1.30108
2013.03.04 00:58:15.192,1.30101,1.30108
2013.03.04 00:58:22.573,1.30102,1.3011
2013.03.04 00:58:22.813,1.30101,1.30109
2013.03.04 00:58:24.243,1.30101,1.30109
2013.03.04 00:58:25.053,1.301,1.30108
2013.03.04 00:58:34.713,1.30099,1.30107
2013.03.04 00:58:40.462,1.30099,1.30108
2013.03.04 00:58:43.733,1.30102,1.30109
2013.03.04 00:58:44.259,1.30107,1.30114
2013.03.04 00:58:44.785,1.30106,1.30115
2013.03.04 00:59:06.047,1.30106,1.30115
2013.03.04 00:59:06.233,1.30104,1.30111
2013.03.04 00:59:06.473,1.30101,1.30109
2013.03.04 00:59:07.013,1.301,1.30108
2013.03.04 00:59:08.533,1.301,1.30108
2013.03.04 00:59:12.752,1.30102,1.30108
2013.03.04 00:59:13.053,1.30105,1.30112
2013.03.04 00:59:16.922,1.30105,1.30113
2013.03.04 00:59:17.343,1.30105,1.30113
2013.03.04 00:59:18.322,1.30105,1.30113
2013.03.04 00:59:19.363,1.30105,1.30113
2013.03.04 00:59:19.544,1.30105,1.30113
2013.03.04 00:59:24.763,1.30108,1.30116
2013.03.04 00:59:24.945,1.30113,1.30118
2013.03.04 00:59:25.064,1.30113,1.3012
2013.03.04 00:59:27.033,1.30114,1.30123
2013.03.04 00:59:27.533,1.30114,1.30123
2013.03.04 00:59:28.353,1.30114,1.30123
2013.03.04 00:59:29.352,1.30114,1.30123
2013.03.04 00:59:30.238,1.30114,1.30123
2013.03.04 00:59:30.303,1.30114,1.30123
2013.03.04 00:59:31.844,1.30113,1.30122
2013.03.04 00:59:32.156,1.3011,1.30117
2013.03.04 00:59:32.229,1.30108,1.30117
2013.03.04 00:59:54.294,1.30107,1.30116
2013.03.04 01:00:08.443,1.30105,1.30114
2013.03.04 01:00:08.630,1.30106,1.30111
2013.03.04 01:00:08.695,1.30106,1.30114
2013.03.04 01:00:15.053,1.30107,1.30117
2013.03.04 01:00:47.754,1.30109,1.30117
2013.03.04 01:00:47.874,1.30111,1.30117
2013.03.04 01:00:48.174,1.30115,1.30119
2013.03.04 01:00:48.234,1.30116,1.30121
2013.03.04 01:00:48.736,1.30116,1.30123
2013.03.04 01:00:50.923,1.30115,1.30123
2013.03.04 01:00:51.045,1.30113,1.30122
2013.03.04 01:00:54.494,1.30112,1.30121
2013.03.04 01:00:55.175,1.30113,1.30121
2013.03.04 01:00:55.245,1.30116,1.30123
2013.03.04 01:00:55.363,1.30116,1.30123
2013.03.04 01:00:56.716,1.30114,1.30123
2013.03.04 01:00:57.034,1.3011,1.30118
2013.03.04 01:01:01.813,1.30112,1.30119
2013.03.04 01:01:02.054,1.30112,1.30119
2013.03.04 01:01:02.594,1.30114,1.30121
2013.03.04 01:01:02.714,1.30117,1.30121
2013.03.04 01:01:03.255,1.30118,1.30126
2013.03.04 01:01:04.883,1.30116,1.30125
2013.03.04 01:01:10.164,1.30116,1.30123
2013.03.04 01:01:10.527,1.30111,1.30119
2013.03.04 01:01:10.595,1.3011,1.30119
2013.03.04 01:01:11.254,1.30109,1.30118
2013.03.04 01:01:11.313,1.3011,1.30118
2013.03.04 01:01:11.671,1.3011,1.30118
2013.03.04 01:01:15.495,1.3011,1.30118
2013.03.04 01:01:15.974,1.30112,1.30121
2013.03.04 01:01:16.334,1.30117,1.30124
2013.03.04 01:01:40.804,1.30117,1.30125
2013.03.04 01:01:40.936,1.3012,1.30126
2013.03.04 01:01:41.004,1.30122,1.30127
2013.03.04 01:01:41.364,1.30125,1.30132
2013.03.04 01:01:41.801,1.30125,1.30135
2013.03.04 01:01:44.493,1.30125,1.30133
2013.03.04 01:01:44.554,1.30123,1.30132
2013.03.04 01:01:44.793,1.30122,1.30128
2013.03.04 01:01:45.154,1.30118,1.30126
2013.03.04 01:01:45.573,1.30118,1.30126
2013.03.04 01:01:47.313,1.30117,1.30125
2013.03.04 01:01:51.762,1.30118,1.30126
2013.03.04 01:02:06.364,1.30117,1.30126
2013.03.04 01:02:07.073,1.30117,1.30126
2013.03.04 01:02:07.134,1.30117,1.30124
2013.03.04 01:02:07.493,1.30117,1.30123
2013.03.04 01:02:07.914,1.30113,1.30121
2013.03.04 01:02:08.033,1.30114,1.30121
2013.03.04 01:02:08.093,1.30114,1.30122
2013.03.04 01:02:08.275,1.30115,1.30123
2013.03.04 01:02:10.077,1.30115,1.30123
2013.03.04 01:02:10.204,1.30114,1.30123
2013.03.04 01:02:13.211,1.30115,1.30123
2013.03.04 01:02:27.832,1.30114,1.30123
2013.03.04 01:02:28.133,1.30112,1.3012
2013.03.04 01:02:28.314,1.30109,1.30118
2013.03.04 01:02:30.582,1.3011,1.30119
2013.03.04 01:02:30.703,1.30111,1.30119
2013.03.04 01:02:31.013,1.30113,1.30123
2013.03.04 01:02:31.194,1.30115,1.30124
2013.03.04 01:02:31.744,1.30115,1.30124
2013.03.04 01:02:32.274,1.30115,1.30125
2013.03.04 01:02:35.273,1.30117,1.30125
2013.03.04 01:02:40.764,1.30117,1.30125
2013.03.04 01:02:49.395,1.30117,1.30126
2013.03.04 01:02:49.454,1.30117,1.30125
2013.03.04 01:02:49.694,1.30117,1.30125
2013.03.04 01:02:51.563,1.30118,1.30127
2013.03.04 01:02:52.083,1.30118,1.30126
2013.03.04 01:03:05.814,1.30118,1.30127
2013.03.04 01:03:14.074,1.30123,1.30128
2013.03.04 01:03:14.195,1.30123,1.30131
2013.03.04 01:03:14.529,1.30126,1.30133
2013.03.04 01:03:18.875,1.30127,1.30135
2013.03.04 01:03:32.423,1.30127,1.30135
2013.03.04 01:03:32.725,1.30124,1.30131
2013.03.04 01:03:32.784,1.30124,1.3013
2013.03.04 01:03:32.964,1.30118,1.30127
2013.03.04 01:03:33.024,1.30118,1.30127
2013.03.04 01:03:34.284,1.30119,1.30128
2013.03.04 01:03:37.284,1.3012,1.30128
2013.03.04 01:03:37.827,1.30122,1.30131
2013.03.04 01:03:37.896,1.30122,1.30131
2013.03.04 01:03:37.955,1.30122,1.30131
2013.03.04 01:03:38.258,1.30127,1.30136
2013.03.04 01:03:47.775,1.30127,1.30135
2013.03.04 01:03:50.663,1.30126,1.30134
2013.03.04 01:03:51.105,1.30124,1.30132
2013.03.04 01:03:51.223,1.30123,1.3013
2013.03.04 01:03:51.764,1.30121,1.30129
2013.03.04 01:03:52.273,1.30121,1.3013
2013.03.04 01:03:52.813,1.30121,1.30129
2013.03.04 01:03:53.293,1.30121,1.30131
2013.03.04 01:03:53.804,1.30121,1.3013
2013.03.04 01:03:54.285,1.30124,1.30131
2013.03.04 01:03:54.465,1.30125,1.30133
2013.03.04 01:03:54.704,1.30127,1.30135
2013.03.04 01:04:05.544,1.30127,1.30136
2013.03.04 01:04:07.402,1.30128,1.30136
2013.03.04 01:04:07.763,1.30128,1.30136
2013.03.04 01:04:07.885,1.3013,1.30138
2013.03.04 01:04:11.232,1.30131,1.30138
2013.03.04 01:04:14.525,1.30131,1.30138
2013.03.04 01:04:15.124,1.30129,1.30138
2013.03.04 01:04:26.265,1.3013,1.30138
2013.03.04 01:04:29.105,1.30128,1.30137
2013.03.04 01:04:29.344,1.30126,1.30136
2013.03.04 01:04:29.525,1.30127,1.30135
2013.03.04 01:04:30.733,1.30127,1.30136
2013.03.04 01:04:37.344,1.30129,1.30137
2013.03.04 01:04:37.463,1.30129,1.30137
2013.03.04 01:04:43.834,1.30129,1.30138
2013.03.04 01:04:44.135,1.30132,1.30142
2013.03.04 01:04:44.253,1.30133,1.30142
2013.03.04 01:04:44.493,1.30135,1.30142
2013.03.04 01:04:50.583,1.30135,1.30142
2013.03.04 01:04:52.534,1.30136,1.30144
2013.03.04 01:04:52.774,1.30138,1.30146
2013.03.04 01:05:08.784,1.30137,1.30146
2013.03.04 01:05:09.215,1.30136,1.30142
2013.03.04 01:05:09.405,1.30133,1.3014
2013.03.04 01:05:09.584,1.3013,1.30138
2013.03.04 01:05:09.943,1.30128,1.30136
2013.03.04 01:05:27.766,1.30128,1.30135
2013.03.04 01:05:28.425,1.30128,1.30134
2013.03.04 01:05:28.485,1.30128,1.30137
2013.03.04 01:05:28.664,1.30129,1.30138
2013.03.04 01:05:29.203,1.30131,1.30138
2013.03.04 01:05:30.235,1.3013,1.30139
2013.03.04 01:05:34.645,1.30133,1.3014
2013.03.04 01:05:34.969,1.30137,1.30145
2013.03.04 01:05:35.042,1.30137,1.30146
2013.03.04 01:05:48.414,1.30138,1.30147
2013.03.04 01:06:02.697,1.30139,1.30147
2013.03.04 01:06:03.243,1.30138,1.30147
2013.03.04 01:06:03.783,1.30138,1.30147
2013.03.04 01:06:04.333,1.30138,1.30146
2013.03.04 01:06:05.624,1.30136,1.30146
2013.03.04 01:06:06.133,1.30138,1.30146
2013.03.04 01:06:09.983,1.30137,1.30145
2013.03.04 01:06:11.275,1.30138,1.30146
2013.03.04 01:06:31.594,1.30138,1.30146
2013.03.04 01:06:32.297,1.30139,1.30147
2013.03.04 01:06:32.483,1.30139,1.30147
2013.03.04 01:06:33.018,1.30141,1.30148
2013.03.04 01:06:36.337,1.30141,1.30149
2013.03.04 01:06:36.879,1.30141,1.30148
2013.03.04 01:06:38.467,1.30141,1.30148
2013.03.04 01:06:46.984,1.30142,1.30148
2013.03.04 01:06:49.124,1.30141,1.30148
2013.03.04 01:06:52.140,1.30141,1.30148
2013.03.04 01:06:52.653,1.3014,1.30148
2013.03.04 01:06:54.025,1.3014,1.30149
2013.03.04 01:07:00.727,1.30145,1.3015
2013.03.04 01:07:00.924,1.30147,1.30153
2013.03.04 01:07:01.284,1.30149,1.30157
2013.03.04 01:07:01.824,1.30149,1.30158
2013.03.04 01:07:02.364,1.30149,1.30158
2013.03.04 01:07:03.164,1.3015,1.30158
2013.03.04 01:07:05.669,1.30149,1.30158
2013.03.04 01:07:06.014,1.30147,1.30156
2013.03.04 01:07:08.216,1.30148,1.30157
2013.03.04 01:07:11.615,1.30148,1.30158
2013.03.04 01:07:12.124,1.30148,1.30158
2013.03.04 01:07:12.354,1.30148,1.30158
2013.03.04 01:07:18.103,1.30147,1.30156
2013.03.04 01:07:19.764,1.30147,1.30157
2013.03.04 01:07:31.694,1.30149,1.30158
2013.03.04 01:07:33.824,1.30149,1.30158
2013.03.04 01:07:34.834,1.3015,1.30158
2013.03.04 01:07:34.957,1.30151,1.3016
2013.03.04 01:07:35.386,1.30154,1.3016
2013.03.04 01:07:35.710,1.30154,1.3016
2013.03.04 01:07:35.834,1.30153,1.3016
2013.03.04 01:07:36.254,1.30153,1.3016
2013.03.04 01:07:36.374,1.30151,1.3016
2013.03.04 01:07:37.804,1.30151,1.30158
2013.03.04 01:07:38.163,1.3015,1.30158
2013.03.04 01:07:38.685,1.30149,1.30158
2013.03.04 01:07:40.883,1.30149,1.30158
2013.03.04 01:07:53.813,1.30149,1.30157
2013.03.04 01:08:07.924,1.30149,1.30156
2013.03.04 01:08:08.638,1.30149,1.30156
2013.03.04 01:08:13.984,1.30148,1.30156
2013.03.04 01:08:14.344,1.30148,1.30153
2013.03.04 01:08:30.076,1.30145,1.30152
2013.03.04 01:08:33.278,1.30148,1.30153
2013.03.04 01:08:33.347,1.30148,1.30156
2013.03.04 01:08:33.414,1.3015,1.30157
2013.03.04 01:08:57.544,1.30149,1.30157
2013.03.04 01:09:03.804,1.30149,1.30157
2013.03.04 01:09:47.655,1.30151,1.30158
2013.03.04 01:09:48.014,1.30155,1.30163
2013.03.04 01:09:48.315,1.30153,1.30159
2013.03.04 01:09:48.374,1.30152,1.30158
2013.03.04 01:09:48.794,1.30155,1.30162
2013.03.04 01:09:48.976,1.30155,1.30162
2013.03.04 01:09:49.043,1.30155,1.30161
2013.03.04 01:09:49.464,1.30153,1.30161
2013.03.04 01:09:49.645,1.30155,1.30162
2013.03.04 01:09:53.454,1.30155,1.30162
2013.03.04 01:09:58.068,1.30157,1.30163
2013.03.04 01:09:58.564,1.30158,1.30165
2013.03.04 01:09:58.864,1.30156,1.30163
2013.03.04 01:09:59.594,1.30156,1.30163
2013.03.04 01:10:05.274,1.30156,1.30163
2013.03.04 01:10:06.735,1.30156,1.30163
2013.03.04 01:10:07.235,1.30158,1.30167
2013.03.04 01:10:07.534,1.30158,1.30168
2013.03.04 01:10:07.594,1.30158,1.30168
2013.03.04 01:10:08.335,1.30158,1.30166
2013.03.04 01:10:09.194,1.30158,1.30166
2013.03.04 01:10:09.497,1.30158,1.30165
2013.03.04 01:10:10.044,1.30156,1.30165
2013.03.04 01:10:17.784,1.30158,1.30166
2013.03.04 01:10:18.084,1.30158,1.30166
2013.03.04 01:10:19.624,1.30159,1.30166
2013.03.04 01:10:21.214,1.30159,1.30166
2013.03.04 01:10:25.484,1.30159,1.30167
2013.03.04 01:10:25.999,1.30157,1.30167
2013.03.04 01:10:27.625,1.30158,1.30167
2013.03.04 01:10:46.695,1.30159,1.30168
2013.03.04 01:10:48.934,1.30159,1.30169
2013.03.04 01:10:49.914,1.3016,1.30168
2013.03.04 01:10:58.994,1.3016,1.30169
2013.03.04 01:11:10.894,1.30161,1.30169
2013.03.04 01:11:11.255,1.30165,1.30172
2013.03.04 01:11:11.494,1.30167,1.30174
2013.03.04 01:11:11.734,1.30168,1.30176
2013.03.04 01:11:23.684,1.30168,1.30177
2013.03.04 01:11:24.223,1.30171,1.30178
2013.03.04 01:11:24.685,1.30171,1.30179
2013.03.04 01:11:27.414,1.3017,1.30178
2013.03.04 01:11:28.554,1.3017,1.30179
2013.03.04 01:11:29.994,1.3017,1.30179
2013.03.04 01:11:40.414,1.3017,1.30179
2013.03.04 01:11:41.054,1.30171,1.30179
2013.03.04 01:11:43.840,1.30171,1.30179
2013.03.04 01:11:51.075,1.30173,1.30185
2013.03.04 01:11:51.315,1.30178,1.30186
2013.03.04 01:11:51.376,1.3018,1.30187
2013.03.04 01:11:51.684,1.30181,1.30188
2013.03.04 01:11:52.226,1.30181,1.30189
2013.03.04 01:11:52.405,1.3018,1.30189
2013.03.04 01:11:52.644,1.30178,1.30188
2013.03.04 01:11:54.376,1.30178,1.30186
2013.03.04 01:11:54.494,1.30175,1.30185
2013.03.04 01:11:55.034,1.30178,1.30186
2013.03.04 01:11:55.574,1.30177,1.30185
2013.03.04 01:11:58.295,1.30177,1.30184
2013.03.04 01:11:58.846,1.30176,1.30183
2013.03.04 01:12:00.895,1.30176,1.30183
2013.03.04 01:12:00.955,1.30176,1.30183
2013.03.04 01:12:01.195,1.30174,1.3018
2013.03.04 01:12:01.254,1.30174,1.30182
2013.03.04 01:12:01.436,1.30173,1.30182
2013.03.04 01:12:01.494,1.30173,1.30182
2013.03.04 01:12:01.974,1.30177,1.30187
2013.03.04 01:12:02.035,1.30179,1.30188
2013.03.04 01:12:02.103,1.30179,1.30188
2013.03.04 01:12:04.166,1.30179,1.30189
2013.03.04 01:12:06.874,1.30178,1.30188
2013.03.04 01:12:07.318,1.30179,1.30188
2013.03.04 01:12:12.704,1.3018,1.30189
2013.03.04 01:12:13.318,1.30185,1.3019
2013.03.04 01:12:13.505,1.30183,1.30191
2013.03.04 01:12:14.114,1.30185,1.30193
2013.03.04 01:12:14.415,1.30183,1.3019
2013.03.04 01:12:14.474,1.30181,1.30189
2013.03.04 01:12:14.894,1.3018,1.30188
2013.03.04 01:12:15.614,1.30178,1.30188
2013.03.04 01:12:19.624,1.30179,1.30189
2013.03.04 01:12:19.926,1.30181,1.30189
2013.03.04 01:12:20.055,1.30182,1.30189
2013.03.04 01:12:20.833,1.30178,1.30188
2013.03.04 01:12:24.024,1.30178,1.30188
2013.03.04 01:12:24.341,1.30176,1.30185
2013.03.04 01:12:24.894,1.30173,1.3018
2013.03.04 01:12:25.136,1.30173,1.3018
2013.03.04 01:12:25.436,1.30172,1.30178
2013.03.04 01:12:25.675,1.30169,1.30178
2013.03.04 01:12:26.215,1.30167,1.30175
2013.03.04 01:12:26.335,1.30172,1.30175
2013.03.04 01:12:26.396,1.30174,1.30181
2013.03.04 01:12:26.467,1.30175,1.30185
2013.03.04 01:12:26.776,1.30178,1.30186
2013.03.04 01:12:26.894,1.30178,1.30186
2013.03.04 01:12:28.274,1.30178,1.30185
2013.03.04 01:12:29.854,1.3018,1.30185
2013.03.04 01:12:29.914,1.3018,1.30188
2013.03.04 01:12:30.554,1.3018,1.30188
2013.03.04 01:12:32.964,1.3018,1.30189
2013.03.04 01:12:51.775,1.30181,1.3019
2013.03.04 01:12:51.894,1.30184,1.30191
2013.03.04 01:12:52.445,1.30184,1.30192
2013.03.04 01:12:52.984,1.30185,1.30194
2013.03.04 01:12:53.284,1.30188,1.30196
2013.03.04 01:12:59.544,1.30187,1.30196
2013.03.04 01:13:12.835,1.30187,1.30193
2013.03.04 01:13:13.134,1.30183,1.30191
2013.03.04 01:13:13.195,1.30183,1.3019
2013.03.04 01:13:13.554,1.3018,1.30188
2013.03.04 01:13:21.484,1.3018,1.30189
2013.03.04 01:13:31.777,1.3018,1.30188
2013.03.04 01:13:31.845,1.30182,1.3019
2013.03.04 01:13:32.375,1.30182,1.3019
2013.03.04 01:13:35.725,1.30181,1.30189
2013.03.04 01:13:35.784,1.30181,1.30189
2013.03.04 01:13:51.244,1.3018,1.30188
2013.03.04 01:13:59.584,1.3018,1.30188
2013.03.04 01:14:09.554,1.3018,1.30188
2013.03.04 01:14:10.354,1.30183,1.30191
2013.03.04 01:14:10.415,1.30183,1.30191
2013.03.04 01:14:10.593,1.30187,1.30193
2013.03.04 01:14:11.095,1.30187,1.30193
2013.03.04 01:14:19.018,1.30187,1.30193
2013.03.04 01:14:39.614,1.30187,1.30195
2013.03.04 01:14:39.918,1.30184,1.3019
2013.03.04 01:14:40.165,1.30182,1.3019
2013.03.04 01:14:40.524,1.30182,1.3019
2013.03.04 01:14:41.064,1.30181,1.3019
2013.03.04 01:14:41.904,1.30181,1.3019
2013.03.04 01:14:58.686,1.30181,1.30189
2013.03.04 01:15:02.704,1.30185,1.30191
2013.03.04 01:15:03.005,1.30189,1.30196
2013.03.04 01:15:03.585,1.30189,1.30196
2013.03.04 01:15:06.525,1.3019,1.30198
2013.03.04 01:15:06.585,1.3019,1.30198
2013.03.04 01:15:14.705,1.30195,1.302
2013.03.04 01:15:14.766,1.30195,1.30201
2013.03.04 01:15:14.954,1.30195,1.30203
2013.03.04 01:15:15.136,1.30196,1.30203
2013.03.04 01:15:15.446,1.30201,1.30207
2013.03.04 01:15:15.506,1.30201,1.30208
2013.03.04 01:15:15.805,1.30202,1.30211
2013.03.04 01:15:15.866,1.30205,1.30213
2013.03.04 01:15:16.105,1.3021,1.30218
2013.03.04 01:15:16.465,1.30207,1.30214
2013.03.04 01:15:17.617,1.30205,1.30211
2013.03.04 01:15:17.745,1.30202,1.3021
2013.03.04 01:15:17.867,1.302,1.30209
2013.03.04 01:15:18.424,1.302,1.30209
2013.03.04 01:15:21.787,1.30197,1.30205
2013.03.04 01:15:22.335,1.30197,1.30201
2013.03.04 01:15:22.694,1.30193,1.30198
2013.03.04 01:15:22.755,1.30191,1.30197
2013.03.04 01:15:23.294,1.30188,1.30197
2013.03.04 01:15:25.244,1.3019,1.30197
2013.03.04 01:15:25.365,1.30191,1.30198
2013.03.04 01:15:27.264,1.30191,1.30199
2013.03.04 01:15:31.683,1.30191,1.30199
2013.03.04 01:15:38.833,1.30189,1.30198
2013.03.04 01:15:39.374,1.30189,1.30198
2013.03.04 01:15:39.824,1.30189,1.30197
2013.03.04 01:15:41.024,1.30189,1.30197
2013.03.04 01:15:41.143,1.30188,1.30197
2013.03.04 01:15:41.204,1.30188,1.30197
2013.03.04 01:15:41.517,1.30186,1.30195
2013.03.04 01:15:41.823,1.30191,1.30198
2013.03.04 01:15:42.445,1.30191,1.30198
2013.03.04 01:15:42.623,1.3019,1.30198
2013.03.04 01:15:50.835,1.30188,1.30198
2013.03.04 01:15:55.073,1.30188,1.30198
2013.03.04 01:16:07.174,1.30188,1.30198
2013.03.04 01:16:52.085,1.30188,1.30197
2013.03.04 01:16:52.144,1.30185,1.30195
2013.03.04 01:16:52.695,1.30187,1.30194
2013.03.04 01:17:02.421,1.30187,1.30194
2013.03.04 01:17:17.463,1.30186,1.30194
2013.03.04 01:17:28.554,1.30185,1.30193
2013.03.04 01:17:28.615,1.30185,1.3019
2013.03.04 01:17:28.918,1.30179,1.30188
2013.03.04 01:17:30.444,1.30179,1.30187
2013.03.04 01:17:30.804,1.30178,1.30186
2013.03.04 01:17:31.344,1.30178,1.30186
2013.03.04 01:17:32.063,1.30178,1.30186
2013.03.04 01:17:34.253,1.30178,1.30186
2013.03.04 01:17:34.314,1.30177,1.30186
2013.03.04 01:17:34.853,1.30176,1.30184
2013.03.04 01:17:35.393,1.30176,1.30184
2013.03.04 01:17:35.753,1.30177,1.30184
2013.03.04 01:17:44.994,1.30178,1.30185
2013.03.04 01:17:45.525,1.30178,1.30186
2013.03.04 01:17:46.524,1.30177,1.30185
2013.03.04 01:17:46.584,1.30177,1.30185
2013.03.04 01:17:47.330,1.30176,1.30184
2013.03.04 01:17:53.444,1.30176,1.30183
2013.03.04 01:17:53.975,1.30176,1.30183
2013.03.04 01:17:54.093,1.30175,1.30181
2013.03.04 01:17:54.275,1.30171,1.30179
2013.03.04 01:17:54.813,1.30171,1.30179
2013.03.04 01:17:55.343,1.30171,1.30179
2013.03.04 01:18:06.335,1.3017,1.30178
2013.03.04 01:18:10.304,1.30169,1.30177
2013.03.04 01:18:10.713,1.30169,1.30177
2013.03.04 01:18:11.578,1.30169,1.30177
2013.03.04 01:18:31.523,1.30169,1.30176
2013.03.04 01:18:37.344,1.30169,1.30174
2013.03.04 01:18:37.765,1.30169,1.30174
2013.03.04 01:18:38.433,1.30169,1.30174
2013.03.04 01:19:05.704,1.30167,1.30172
2013.03.04 01:19:05.885,1.30165,1.30173
2013.03.04 01:19:06.064,1.30163,1.30173
2013.03.04 01:19:06.424,1.3016,1.30168
2013.03.04 01:19:06.783,1.30159,1.30168
2013.03.04 01:19:07.333,1.30159,1.30168
2013.03.04 01:19:10.663,1.30158,1.30167
2013.03.04 01:19:11.104,1.30158,1.30166
2013.03.04 01:19:12.054,1.30158,1.30168
2013.03.04 01:19:30.740,1.30159,1.30168
2013.03.04 01:19:32.275,1.30158,1.30167
2013.03.04 01:19:32.515,1.30157,1.30163
2013.03.04 01:19:32.695,1.30155,1.30163
2013.03.04 01:19:32.755,1.30153,1.30159
2013.03.04 01:19:32.874,1.30153,1.30157
2013.03.04 01:19:32.997,1.3015,1.30156
2013.03.04 01:19:33.064,1.30149,1.30154
2013.03.04 01:19:33.184,1.30146,1.30154
2013.03.04 01:19:33.733,1.30146,1.30154
2013.03.04 01:19:35.503,1.30147,1.30155
2013.03.04 01:19:35.624,1.30149,1.30157
2013.03.04 01:19:35.925,1.3015,1.30158
2013.03.04 01:19:36.044,1.3015,1.3016
2013.03.04 01:19:36.595,1.3015,1.3016
2013.03.04 01:19:38.774,1.30152,1.3016
2013.03.04 01:19:38.833,1.30153,1.3016
2013.03.04 01:19:39.374,1.30153,1.3016
2013.03.04 01:19:41.284,1.30153,1.30161
2013.03.04 01:19:41.585,1.30155,1.30162
2013.03.04 01:19:42.135,1.30156,1.30165
2013.03.04 01:19:42.315,1.30158,1.30165
2013.03.04 01:20:01.913,1.3016,1.30167
2013.03.04 01:20:02.334,1.30159,1.30167
2013.03.04 01:20:12.064,1.30158,1.30167
2013.03.04 01:20:17.464,1.30158,1.30165
2013.03.04 01:20:18.005,1.30158,1.30164
2013.03.04 01:20:18.543,1.30158,1.30164
2013.03.04 01:20:36.063,1.30158,1.30166
2013.03.04 01:20:37.633,1.30158,1.30167
2013.03.04 01:20:41.483,1.30158,1.30167
2013.03.04 01:20:44.044,1.30158,1.30167
2013.03.04 01:20:46.754,1.30158,1.30167
2013.03.04 01:20:59.164,1.30158,1.30167
2013.03.04 01:21:18.216,1.30158,1.30167
2013.03.04 01:21:19.047,1.30158,1.30167
2013.03.04 01:21:20.713,1.30157,1.30167
2013.03.04 01:21:21.264,1.30158,1.30167
2013.03.04 01:21:36.456,1.30158,1.30166
2013.03.04 01:21:38.864,1.30158,1.30167
2013.03.04 01:21:41.634,1.30158,1.30167
2013.03.04 01:21:51.645,1.30159,1.30167
2013.03.04 01:21:55.743,1.30159,1.30167
