Time,Bid,Ask
2013.03.14 00:00:02.050,1.29591,1.29597
2013.03.14 00:00:03.509,1.29591,1.29598
2013.03.14 00:00:04.900,1.29592,1.29599
2013.03.14 00:00:05.321,1.29591,1.29599
2013.03.14 00:00:05.560,1.29591,1.29598
2013.03.14 00:00:06.320,1.29591,1.29598
2013.03.14 00:00:07.219,1.29589,1.29597
2013.03.14 00:00:10.370,1.2959,1.29597
2013.03.14 00:00:10.959,1.2959,1.29597
2013.03.14 00:00:11.460,1.2959,1.29597
2013.03.14 00:00:16.130,1.29594,1.29599
2013.03.14 00:00:20.990,1.29591,1.29598
2013.03.14 00:00:21.531,1.29591,1.29597
2013.03.14 00:00:22.251,1.29591,1.29598
2013.03.14 00:00:42.933,1.29594,1.29599
2013.03.14 00:00:43.242,1.29595,1.29599
2013.03.14 00:00:43.302,1.29595,1.29601
2013.03.14 00:00:43.422,1.29595,1.29602
2013.03.14 00:00:46.151,1.29596,1.29602
2013.03.14 00:00:47.061,1.29596,1.29603
2013.03.14 00:00:47.703,1.29597,1.29604
2013.03.14 00:00:48.803,1.29599,1.29603
2013.03.14 00:00:48.922,1.29598,1.29604
2013.03.14 00:00:49.163,1.29597,1.29606
2013.03.14 00:00:49.233,1.29598,1.29607
2013.03.14 00:00:49.472,1.29598,1.29608
2013.03.14 00:00:52.421,1.29599,1.29608
2013.03.14 00:00:52.741,1.29599,1.29609
2013.03.14 00:00:53.581,1.29601,1.29608
2013.03.14 00:00:54.130,1.29601,1.29608
2013.03.14 00:00:56.472,1.29601,1.29608
2013.03.14 00:00:59.362,1.29601,1.29609
2013.03.14 00:01:02.011,1.29601,1.2961
2013.03.14 00:01:02.312,1.29602,1.2961
2013.03.14 00:01:03.761,1.29602,1.29611
2013.03.14 00:01:04.002,1.29604,1.29611
2013.03.14 00:01:04.902,1.29605,1.29611
2013.03.14 00:01:05.202,1.29604,1.29612
2013.03.14 00:01:05.323,1.29605,1.29612
2013.03.14 00:01:07.324,1.29604,1.29614
2013.03.14 00:01:07.513,1.29605,1.29614
2013.03.14 00:01:07.822,1.29606,1.29614
2013.03.14 00:01:08.124,1.29607,1.29615
2013.03.14 00:01:09.311,1.29607,1.29616
2013.03.14 00:01:14.582,1.29609,1.29615
2013.03.14 00:01:22.792,1.29609,1.29616
2013.03.14 00:01:23.453,1.29609,1.29616
2013.03.14 00:01:27.870,1.29608,1.29617
2013.03.14 00:01:28.411,1.29608,1.29618
2013.03.14 00:01:28.832,1.29609,1.29618
2013.03.14 00:01:29.553,1.29609,1.29618
2013.03.14 00:01:29.612,1.29609,1.29619
2013.03.14 00:01:29.672,1.2961,1.29619
2013.03.14 00:01:31.872,1.29611,1.29619
2013.03.14 00:01:32.411,1.29612,1.29618
2013.03.14 00:01:33.742,1.29612,1.29618
2013.03.14 00:01:33.802,1.29612,1.29618
2013.03.14 00:01:34.341,1.29614,1.2962
2013.03.14 00:01:39.083,1.29614,1.2962
2013.03.14 00:01:44.091,1.29614,1.2962
2013.03.14 00:01:53.981,1.29612,1.2962
2013.03.14 00:01:55.231,1.29612,1.2962
2013.03.14 00:01:57.421,1.29612,1.2962
2013.03.14 00:01:57.961,1.29612,1.2962
2013.03.14 00:02:04.181,1.29613,1.2962
2013.03.14 00:02:04.301,1.29613,1.29615
2013.03.14 00:02:04.542,1.2961,1.29617
2013.03.14 00:02:04.662,1.29609,1.29617
2013.03.14 00:02:04.962,1.29608,1.29616
2013.03.14 00:02:05.323,1.29608,1.29615
2013.03.14 00:02:06.511,1.29608,1.29614
2013.03.14 00:02:07.062,1.29607,1.29614
2013.03.14 00:02:12.992,1.29608,1.29612
2013.03.14 00:02:15.472,1.29608,1.29611
2013.03.14 00:02:15.652,1.29606,1.29614
2013.03.14 00:02:15.773,1.29608,1.29618
2013.03.14 00:02:15.835,1.29609,1.29619
2013.03.14 00:02:16.639,1.2961,1.2962
2013.03.14 00:02:16.713,1.29612,1.29619
2013.03.14 00:02:30.561,1.29613,1.29619
2013.03.14 00:02:36.980,1.29614,1.2962
2013.03.14 00:02:45.352,1.29613,1.29619
2013.03.14 00:02:45.835,1.29613,1.29619
2013.03.14 00:02:49.903,1.29613,1.29619
2013.03.14 00:02:50.754,1.29613,1.2962
2013.03.14 00:02:58.213,1.29612,1.29619
2013.03.14 00:03:25.520,1.29612,1.29619
2013.03.14 00:03:26.701,1.29612,1.29619
2013.03.14 00:03:27.634,1.29612,1.29619
2013.03.14 00:03:29.630,1.29612,1.29619
2013.03.14 00:03:30.720,1.29612,1.29618
2013.03.14 00:03:51.175,1.29612,1.29621
2013.03.14 00:04:19.239,1.2961,1.29621
2013.03.14 00:04:22.429,1.2961,1.29621
2013.03.14 00:04:23.419,1.2961,1.29621
2013.03.14 00:04:29.079,1.29613,1.29619
2013.03.14 00:04:29.700,1.29613,1.29619
2013.03.14 00:04:31.880,1.29613,1.29619
2013.03.14 00:04:32.000,1.29613,1.2962
2013.03.14 00:04:32.240,1.29613,1.29619
2013.03.14 00:04:32.420,1.29613,1.2962
2013.03.14 00:04:34.940,1.29613,1.29619
2013.03.14 00:04:35.481,1.29611,1.29618
2013.03.14 00:04:36.760,1.29611,1.29619
2013.03.14 00:04:41.341,1.29613,1.29619
2013.03.14 00:04:47.742,1.29616,1.29621
2013.03.14 00:04:47.862,1.29616,1.29623
2013.03.14 00:04:48.101,1.29617,1.29625
2013.03.14 00:04:48.711,1.29617,1.29624
2013.03.14 00:04:49.012,1.29617,1.29622
2013.03.14 00:04:49.254,1.29615,1.2962
2013.03.14 00:04:49.382,1.29613,1.2962
2013.03.14 00:04:49.742,1.29613,1.2962
2013.03.14 00:04:49.802,1.29613,1.29621
2013.03.14 00:04:57.253,1.29614,1.29621
2013.03.14 00:04:57.312,1.29614,1.29623
2013.03.14 00:04:57.431,1.29615,1.29624
2013.03.14 00:05:09.444,1.29618,1.29624
2013.03.14 00:05:09.562,1.29617,1.29626
2013.03.14 00:05:09.801,1.29618,1.29627
2013.03.14 00:05:09.860,1.29618,1.29627
2013.03.14 00:05:12.252,1.29622,1.29629
2013.03.14 00:05:12.493,1.29625,1.29633
2013.03.14 00:05:12.801,1.29626,1.29635
2013.03.14 00:05:13.102,1.29629,1.29636
2013.03.14 00:05:13.762,1.29629,1.29635
2013.03.14 00:05:14.600,1.29627,1.29635
2013.03.14 00:05:17.362,1.29628,1.29635
2013.03.14 00:05:17.867,1.29628,1.29635
2013.03.14 00:05:18.391,1.29629,1.29635
2013.03.14 00:05:20.972,1.29627,1.29635
2013.03.14 00:05:23.823,1.29629,1.29635
2013.03.14 00:05:24.332,1.29629,1.29635
2013.03.14 00:05:26.554,1.29629,1.29635
2013.03.14 00:05:27.103,1.29629,1.29635
2013.03.14 00:05:29.032,1.29629,1.29635
2013.03.14 00:05:29.152,1.29627,1.29635
2013.03.14 00:05:29.830,1.29626,1.29632
2013.03.14 00:05:34.001,1.29624,1.29631
2013.03.14 00:05:34.062,1.29624,1.29628
2013.03.14 00:05:34.182,1.2962,1.29627
2013.03.14 00:05:34.304,1.29618,1.29625
2013.03.14 00:05:34.491,1.29617,1.29625
2013.03.14 00:05:35.040,1.29616,1.29623
2013.03.14 00:05:35.221,1.29615,1.29623
2013.03.14 00:05:35.341,1.29615,1.29621
2013.03.14 00:05:38.940,1.29614,1.2962
2013.03.14 00:05:42.032,1.29613,1.29619
2013.03.14 00:05:42.451,1.29612,1.29618
2013.03.14 00:05:42.993,1.29612,1.29618
2013.03.14 00:05:43.752,1.29612,1.29618
2013.03.14 00:05:45.792,1.29612,1.29619
2013.03.14 00:05:53.483,1.29612,1.29618
2013.03.14 00:05:59.631,1.29612,1.29618
2013.03.14 00:06:01.253,1.29612,1.29618
2013.03.14 00:06:07.194,1.29612,1.29618
2013.03.14 00:06:08.842,1.29614,1.2962
2013.03.14 00:06:09.144,1.29615,1.2962
2013.03.14 00:06:09.573,1.29614,1.29621
2013.03.14 00:06:09.635,1.29614,1.29622
2013.03.14 00:06:14.530,1.29618,1.29624
2013.03.14 00:06:18.802,1.29618,1.29624
2013.03.14 00:06:19.407,1.29618,1.29624
2013.03.14 00:06:40.211,1.29617,1.29623
2013.03.14 00:06:51.625,1.29617,1.29623
2013.03.14 00:06:52.132,1.29617,1.29623
2013.03.14 00:06:56.361,1.29617,1.29623
2013.03.14 00:06:56.961,1.29617,1.29622
2013.03.14 00:06:57.674,1.29615,1.29621
2013.03.14 00:06:58.211,1.29615,1.29621
2013.03.14 00:07:05.032,1.29616,1.29622
2013.03.14 00:07:05.152,1.29615,1.29622
2013.03.14 00:07:05.272,1.29616,1.29622
2013.03.14 00:07:05.452,1.29616,1.29623
2013.03.14 00:07:05.512,1.29617,1.29623
2013.03.14 00:07:05.872,1.29615,1.29619
2013.03.14 00:07:06.293,1.29612,1.29617
2013.03.14 00:07:06.353,1.29612,1.29617
2013.03.14 00:07:06.591,1.29612,1.29618
2013.03.14 00:07:06.652,1.29612,1.29617
2013.03.14 00:07:07.471,1.29612,1.29617
2013.03.14 00:07:09.942,1.29613,1.29617
2013.03.14 00:07:10.122,1.29613,1.29618
2013.03.14 00:07:10.661,1.29613,1.29619
2013.03.14 00:07:12.951,1.29613,1.29619
2013.03.14 00:07:13.504,1.29614,1.29621
2013.03.14 00:07:14.062,1.29617,1.29623
2013.03.14 00:07:15.208,1.29615,1.29621
2013.03.14 00:07:15.391,1.29615,1.2962
2013.03.14 00:07:17.902,1.29613,1.29619
2013.03.14 00:07:43.531,1.29614,1.29622
2013.03.14 00:07:43.651,1.29616,1.29622
2013.03.14 00:07:43.891,1.29618,1.29625
2013.03.14 00:07:43.951,1.29619,1.29625
2013.03.14 00:07:44.252,1.2962,1.29625
2013.03.14 00:07:44.491,1.29619,1.29624
2013.03.14 00:07:44.611,1.29619,1.29625
2013.03.14 00:07:45.212,1.29617,1.29624
2013.03.14 00:07:45.713,1.29618,1.29626
2013.03.14 00:07:46.293,1.29618,1.29627
2013.03.14 00:07:50.972,1.29618,1.29626
2013.03.14 00:07:57.151,1.29617,1.29624
2013.03.14 00:07:57.213,1.29618,1.29624
2013.03.14 00:07:57.524,1.29618,1.29624
2013.03.14 00:07:57.831,1.29619,1.29627
2013.03.14 00:08:01.611,1.29619,1.29625
2013.03.14 00:08:13.591,1.29619,1.29625
2013.03.14 00:08:28.640,1.29619,1.29625
2013.03.14 00:08:42.493,1.29619,1.29624
2013.03.14 00:08:50.352,1.29619,1.29625
2013.03.14 00:08:53.661,1.29619,1.29625
2013.03.14 00:09:03.180,1.29618,1.29625
2013.03.14 00:09:05.891,1.29618,1.29625
2013.03.14 00:09:11.001,1.29618,1.29625
2013.03.14 00:09:11.881,1.29617,1.29625
2013.03.14 00:09:12.000,1.29617,1.29625
2013.03.14 00:09:13.071,1.29617,1.29623
2013.03.14 00:09:13.650,1.29617,1.29623
2013.03.14 00:09:14.951,1.29615,1.29621
2013.03.14 00:09:15.252,1.29614,1.29618
2013.03.14 00:09:15.611,1.29613,1.29618
2013.03.14 00:09:20.021,1.29614,1.2962
2013.03.14 00:09:20.142,1.29614,1.2962
2013.03.14 00:09:20.262,1.29614,1.2962
2013.03.14 00:09:20.504,1.29615,1.29622
2013.03.14 00:09:20.573,1.29617,1.29622
2013.03.14 00:09:21.533,1.29617,1.29624
2013.03.14 00:09:32.600,1.29616,1.29624
2013.03.14 00:09:32.663,1.29616,1.29622
2013.03.14 00:09:33.021,1.29614,1.29619
2013.03.14 00:09:33.595,1.29614,1.29619
2013.03.14 00:09:43.201,1.29614,1.29621
2013.03.14 00:09:44.932,1.29616,1.29621
2013.03.14 00:10:03.033,1.29614,1.29621
2013.03.14 00:10:03.553,1.29614,1.2962
2013.03.14 00:10:28.441,1.29614,1.29621
2013.03.14 00:10:29.211,1.29615,1.29621
2013.03.14 00:10:29.771,1.29617,1.29623
2013.03.14 00:10:30.131,1.29617,1.29623
2013.03.14 00:10:36.685,1.29619,1.29625
2013.03.14 00:10:38.202,1.29619,1.29625
2013.03.14 00:10:38.516,1.29617,1.29623
2013.03.14 00:10:39.430,1.29619,1.29625
2013.03.14 00:10:57.150,1.29619,1.29625
2013.03.14 00:10:58.685,1.29616,1.29622
2013.03.14 00:11:04.180,1.29616,1.29621
2013.03.14 00:11:23.333,1.29616,1.29622
2013.03.14 00:11:23.453,1.29617,1.29624
2013.03.14 00:11:23.512,1.29618,1.29626
2013.03.14 00:11:26.744,1.29619,1.29626
2013.03.14 00:11:29.801,1.29619,1.29626
2013.03.14 00:11:43.229,1.29618,1.29625
2013.03.14 00:11:47.652,1.29618,1.29624
2013.03.14 00:11:47.771,1.29616,1.29622
2013.03.14 00:11:48.382,1.29616,1.29622
2013.03.14 00:12:29.982,1.29616,1.29622
2013.03.14 00:12:30.042,1.29618,1.29624
2013.03.14 00:12:30.523,1.2962,1.29626
2013.03.14 00:12:30.643,1.2962,1.29626
2013.03.14 00:12:31.002,1.29618,1.29624
2013.03.14 00:12:31.182,1.29618,1.29624
2013.03.14 00:12:39.351,1.29617,1.29624
2013.03.14 00:12:39.532,1.29616,1.29622
2013.03.14 00:12:41.033,1.29613,1.29621
2013.03.14 00:12:50.862,1.29612,1.29619
2013.03.14 00:12:51.342,1.29612,1.29618
2013.03.14 00:12:51.882,1.29613,1.29619
2013.03.14 00:12:52.782,1.29613,1.29619
2013.03.14 00:12:54.793,1.29614,1.29621
2013.03.14 00:12:55.551,1.29616,1.29624
2013.03.14 00:12:55.635,1.29617,1.29624
2013.03.14 00:12:56.192,1.29618,1.29625
2013.03.14 00:12:56.763,1.2962,1.29628
2013.03.14 00:12:59.152,1.2962,1.29626
2013.03.14 00:12:59.271,1.2962,1.29626
2013.03.14 00:13:10.272,1.29619,1.29626
2013.03.14 00:13:12.933,1.29618,1.29626
2013.03.14 00:13:13.114,1.29618,1.29624
2013.03.14 00:13:14.382,1.29617,1.29624
2013.03.14 00:13:22.139,1.29618,1.29624
2013.03.14 00:13:25.072,1.29616,1.29624
2013.03.14 00:13:25.136,1.29616,1.29622
2013.03.14 00:13:25.266,1.29617,1.29622
2013.03.14 00:13:25.632,1.29618,1.29625
2013.03.14 00:13:26.621,1.29619,1.29627
2013.03.14 00:13:28.865,1.29618,1.29624
2013.03.14 00:13:31.692,1.29619,1.29627
2013.03.14 00:13:32.251,1.29619,1.29627
2013.03.14 00:13:32.752,1.29621,1.29627
2013.03.14 00:13:33.282,1.29619,1.29627
2013.03.14 00:13:34.316,1.29619,1.29627
2013.03.14 00:13:46.622,1.29619,1.29627
2013.03.14 00:13:48.462,1.29621,1.29627
2013.03.14 00:13:56.212,1.29621,1.29627
2013.03.14 00:13:56.765,1.29622,1.29627
2013.03.14 00:13:58.747,1.29622,1.29627
2013.03.14 00:13:59.484,1.29622,1.29627
2013.03.14 00:14:02.982,1.29621,1.29627
2013.03.14 00:14:06.132,1.29621,1.29625
2013.03.14 00:14:06.682,1.29621,1.29625
2013.03.14 00:14:07.283,1.29621,1.29626
2013.03.14 00:14:09.232,1.29622,1.29628
2013.03.14 00:14:11.132,1.29622,1.29628
2013.03.14 00:14:11.492,1.29621,1.29625
2013.03.14 00:14:12.632,1.2962,1.29625
2013.03.14 00:14:13.066,1.29622,1.29628
2013.03.14 00:14:13.133,1.29622,1.29628
2013.03.14 00:14:13.372,1.29622,1.29628
2013.03.14 00:14:17.062,1.29624,1.2963
2013.03.14 00:14:17.184,1.29625,1.2963
2013.03.14 00:14:17.722,1.29627,1.29632
2013.03.14 00:14:17.962,1.29626,1.2963
2013.03.14 00:14:18.913,1.29626,1.29631
2013.03.14 00:14:19.453,1.29626,1.29631
2013.03.14 00:14:20.533,1.29625,1.29631
2013.03.14 00:14:21.533,1.29626,1.29631
2013.03.14 00:14:30.642,1.29625,1.29631
2013.03.14 00:14:31.807,1.29626,1.29631
2013.03.14 00:14:32.457,1.29626,1.29631
2013.03.14 00:14:32.952,1.29627,1.29632
2013.03.14 00:14:33.502,1.29627,1.29632
2013.03.14 00:14:33.744,1.2963,1.29635
2013.03.14 00:14:34.183,1.29629,1.29634
2013.03.14 00:14:34.302,1.29628,1.29633
2013.03.14 00:14:34.543,1.29628,1.29632
2013.03.14 00:14:35.802,1.29627,1.29632
2013.03.14 00:14:52.552,1.29626,1.29632
2013.03.14 00:14:53.313,1.29627,1.29631
2013.03.14 00:15:01.623,1.29625,1.2963
2013.03.14 00:15:02.162,1.29626,1.2963
2013.03.14 00:15:03.934,1.29623,1.29629
2013.03.14 00:15:04.175,1.29621,1.29628
2013.03.14 00:15:04.423,1.29621,1.29626
2013.03.14 00:15:04.782,1.29619,1.29626
2013.03.14 00:15:05.232,1.29621,1.29626
2013.03.14 00:15:05.473,1.29621,1.29628
2013.03.14 00:15:06.252,1.29622,1.29626
2013.03.14 00:15:06.553,1.29621,1.29626
2013.03.14 00:15:07.092,1.29621,1.29626
2013.03.14 00:15:07.552,1.29619,1.29626
2013.03.14 00:15:08.452,1.2962,1.29626
2013.03.14 00:15:10.532,1.2962,1.29626
2013.03.14 00:15:12.933,1.2962,1.29626
2013.03.14 00:15:13.172,1.29622,1.29628
2013.03.14 00:15:14.085,1.29622,1.29628
2013.03.14 00:15:14.603,1.29621,1.29626
2013.03.14 00:15:15.793,1.2962,1.29626
2013.03.14 00:15:16.152,1.29618,1.29626
2013.03.14 00:15:16.452,1.29615,1.29622
2013.03.14 00:15:16.992,1.29616,1.29622
2013.03.14 00:15:18.232,1.29616,1.29622
2013.03.14 00:15:18.772,1.29615,1.29622
2013.03.14 00:15:19.693,1.29614,1.29621
2013.03.14 00:15:19.932,1.29612,1.29619
2013.03.14 00:15:21.472,1.29614,1.2962
2013.03.14 00:15:22.422,1.29614,1.29619
2013.03.14 00:15:24.771,1.29613,1.29621
2013.03.14 00:15:29.421,1.29614,1.2962
2013.03.14 00:15:30.282,1.29614,1.29621
2013.03.14 00:15:30.343,1.29615,1.29621
2013.03.14 00:15:30.882,1.29616,1.29622
2013.03.14 00:15:33.213,1.29616,1.29622
2013.03.14 00:15:33.612,1.29615,1.29622
2013.03.14 00:15:34.113,1.29615,1.29621
2013.03.14 00:15:36.654,1.29616,1.29621
2013.03.14 00:15:36.723,1.29616,1.29622
2013.03.14 00:15:36.966,1.29614,1.29622
2013.03.14 00:15:37.033,1.29614,1.29621
2013.03.14 00:15:37.692,1.29614,1.2962
2013.03.14 00:15:49.484,1.29613,1.2962
2013.03.14 00:15:50.231,1.29613,1.2962
2013.03.14 00:15:55.262,1.29614,1.2962
2013.03.14 00:15:57.272,1.29612,1.2962
2013.03.14 00:16:01.002,1.29612,1.2962
2013.03.14 00:16:01.122,1.29612,1.2962
2013.03.14 00:16:01.302,1.2961,1.29618
2013.03.14 00:16:01.902,1.29608,1.29616
2013.03.14 00:16:02.881,1.29608,1.29616
2013.03.14 00:16:02.954,1.29608,1.29615
2013.03.14 00:16:03.262,1.29608,1.29614
2013.03.14 00:16:03.444,1.29608,1.29614
2013.03.14 00:16:03.951,1.29609,1.29614
2013.03.14 00:16:04.131,1.29609,1.29616
2013.03.14 00:16:04.733,1.29609,1.29616
2013.03.14 00:16:05.302,1.29609,1.29616
2013.03.14 00:16:11.342,1.29611,1.29616
2013.03.14 00:16:13.103,1.29609,1.29616
2013.03.14 00:16:13.224,1.2961,1.29616
2013.03.14 00:16:13.766,1.29612,1.29618
2013.03.14 00:16:14.315,1.29612,1.29618
2013.03.14 00:16:22.563,1.29612,1.29618
2013.03.14 00:16:26.962,1.29611,1.29617
2013.03.14 00:16:30.093,1.29611,1.29617
2013.03.14 00:16:34.293,1.29611,1.29617
2013.03.14 00:16:47.752,1.2961,1.29616
2013.03.14 00:16:52.002,1.2961,1.29616
2013.03.14 00:16:52.183,1.2961,1.29616
2013.03.14 00:16:52.732,1.2961,1.29617
2013.03.14 00:16:53.102,1.2961,1.29618
2013.03.14 00:16:56.984,1.2961,1.29618
2013.03.14 00:16:58.283,1.29611,1.29618
2013.03.14 00:17:09.704,1.29611,1.29617
2013.03.14 00:17:10.143,1.29611,1.29616
2013.03.14 00:17:10.792,1.29608,1.29613
2013.03.14 00:17:10.945,1.29606,1.29613
2013.03.14 00:17:11.132,1.29606,1.29612
2013.03.14 00:17:14.115,1.29607,1.2961
2013.03.14 00:17:14.245,1.29605,1.29611
2013.03.14 00:17:14.486,1.29604,1.2961
2013.03.14 00:17:14.613,1.29602,1.29611
2013.03.14 00:17:14.733,1.29602,1.2961
2013.03.14 00:17:14.853,1.29602,1.29609
2013.03.14 00:17:15.032,1.29602,1.29608
2013.03.14 00:17:15.453,1.29601,1.29608
2013.03.14 00:17:15.983,1.29602,1.29606
2013.03.14 00:17:18.502,1.29601,1.29607
2013.03.14 00:17:18.683,1.296,1.29607
2013.03.14 00:17:18.983,1.29599,1.29607
2013.03.14 00:17:19.535,1.296,1.29605
2013.03.14 00:17:21.086,1.29599,1.29605
2013.03.14 00:17:21.852,1.29598,1.29604
2013.03.14 00:17:23.803,1.29597,1.29603
2013.03.14 00:17:26.763,1.29597,1.29602
2013.03.14 00:17:27.312,1.29596,1.29602
2013.03.14 00:17:29.723,1.29595,1.29601
2013.03.14 00:17:32.371,1.29595,1.29602
2013.03.14 00:17:32.683,1.29595,1.29602
2013.03.14 00:17:33.276,1.29596,1.29602
2013.03.14 00:17:40.863,1.29597,1.29602
2013.03.14 00:17:40.983,1.29598,1.29603
2013.03.14 00:17:42.772,1.29597,1.29605
2013.03.14 00:17:43.013,1.29598,1.29604
2013.03.14 00:17:43.133,1.29598,1.29605
2013.03.14 00:17:43.373,1.29599,1.29605
2013.03.14 00:17:43.937,1.29599,1.29605
2013.03.14 00:17:45.025,1.29598,1.29607
2013.03.14 00:17:45.093,1.296,1.29607
2013.03.14 00:17:45.457,1.29603,1.2961
2013.03.14 00:17:45.703,1.29602,1.29608
2013.03.14 00:17:47.526,1.29601,1.29606
2013.03.14 00:17:47.954,1.296,1.29605
2013.03.14 00:17:48.520,1.29599,1.29605
2013.03.14 00:17:48.594,1.29597,1.29605
2013.03.14 00:17:49.151,1.29597,1.29605
2013.03.14 00:17:49.792,1.29597,1.29605
2013.03.14 00:17:50.342,1.29597,1.29604
2013.03.14 00:17:52.622,1.29597,1.29604
2013.03.14 00:18:00.696,1.29598,1.29605
2013.03.14 00:18:01.622,1.29597,1.29604
2013.03.14 00:18:04.592,1.29599,1.29605
2013.03.14 00:18:09.343,1.29599,1.29606
2013.03.14 00:18:10.024,1.296,1.29606
2013.03.14 00:18:12.164,1.29601,1.29608
2013.03.14 00:18:12.414,1.29602,1.29609
2013.03.14 00:18:12.474,1.29605,1.29611
2013.03.14 00:18:12.593,1.29605,1.29612
2013.03.14 00:18:12.653,1.29605,1.29612
2013.03.14 00:18:12.833,1.29606,1.29612
2013.03.14 00:18:13.372,1.29606,1.29612
2013.03.14 00:18:13.872,1.29604,1.2961
2013.03.14 00:18:15.992,1.29603,1.2961
2013.03.14 00:18:18.033,1.29604,1.2961
2013.03.14 00:18:18.453,1.29602,1.29608
2013.03.14 00:18:22.292,1.29602,1.29608
2013.03.14 00:18:23.392,1.29602,1.29608
2013.03.14 00:18:25.584,1.29602,1.29609
2013.03.14 00:18:26.522,1.29603,1.29609
2013.03.14 00:18:26.593,1.29602,1.29608
2013.03.14 00:18:41.332,1.29602,1.29608
2013.03.14 00:18:42.722,1.29602,1.29608
2013.03.14 00:18:43.275,1.29601,1.29608
2013.03.14 00:18:43.533,1.29598,1.29606
2013.03.14 00:18:46.972,1.29598,1.29606
2013.03.14 00:18:47.522,1.29598,1.29606
2013.03.14 00:18:53.024,1.29598,1.29606
2013.03.14 00:18:54.503,1.29598,1.29604
2013.03.14 00:18:55.005,1.29597,1.29604
2013.03.14 00:18:55.563,1.29597,1.29604
2013.03.14 00:18:56.283,1.29597,1.29604
2013.03.14 00:19:00.782,1.29598,1.29604
2013.03.14 00:19:02.363,1.29598,1.29604
2013.03.14 00:19:02.542,1.29601,1.29607
2013.03.14 00:19:03.657,1.29601,1.29608
2013.03.14 00:19:08.038,1.296,1.29607
2013.03.14 00:19:09.152,1.29601,1.29608
2013.03.14 00:19:10.242,1.29601,1.29608
2013.03.14 00:19:10.745,1.29601,1.29609
2013.03.14 00:19:24.132,1.29603,1.29609
2013.03.14 00:19:29.976,1.29603,1.29609
2013.03.14 00:19:30.564,1.29602,1.29609
2013.03.14 00:19:42.055,1.29602,1.29608
2013.03.14 00:19:43.547,1.29602,1.29608
2013.03.14 00:19:47.502,1.29601,1.29609
2013.03.14 00:19:50.231,1.29601,1.29609
2013.03.14 00:19:50.782,1.29601,1.29608
2013.03.14 00:19:52.992,1.29601,1.29607
2013.03.14 00:20:01.471,1.29601,1.29608
2013.03.14 00:20:06.856,1.29601,1.29607
2013.03.14 00:20:10.412,1.29601,1.29609
2013.03.14 00:20:12.272,1.29602,1.29609
2013.03.14 00:20:20.041,1.29603,1.29611
2013.03.14 00:20:33.372,1.29603,1.29611
2013.03.14 00:20:33.972,1.29603,1.29611
2013.03.14 00:20:34.690,1.29602,1.29608
2013.03.14 00:20:38.722,1.29602,1.29608
2013.03.14 00:20:39.538,1.29602,1.29608
2013.03.14 00:20:40.075,1.29602,1.29608
2013.03.14 00:20:41.612,1.29602,1.29607
2013.03.14 00:20:57.323,1.29601,1.29607
2013.03.14 00:20:58.961,1.29601,1.29607
2013.03.14 00:21:05.502,1.29601,1.29608
2013.03.14 00:21:07.683,1.29601,1.29608
2013.03.14 00:21:10.902,1.29602,1.29609
2013.03.14 00:21:11.263,1.29602,1.29609
2013.03.14 00:21:11.324,1.29602,1.2961
2013.03.14 00:21:11.625,1.29603,1.2961
2013.03.14 00:21:11.698,1.29604,1.29611
2013.03.14 00:21:12.004,1.29605,1.29611
2013.03.14 00:21:24.344,1.29605,1.29611
2013.03.14 00:21:28.794,1.29605,1.29612
2013.03.14 00:21:28.923,1.29606,1.29612
2013.03.14 00:21:34.252,1.29607,1.29612
2013.03.14 00:21:36.192,1.29607,1.29613
2013.03.14 00:21:36.733,1.29608,1.29613
2013.03.14 00:21:37.034,1.29608,1.29614
2013.03.14 00:21:42.422,1.29609,1.29615
2013.03.14 00:21:45.633,1.29609,1.29615
2013.03.14 00:21:45.944,1.2961,1.29615
2013.03.14 00:21:46.003,1.29609,1.29617
2013.03.14 00:21:46.484,1.29611,1.29617
2013.03.14 00:21:50.256,1.29614,1.2962
2013.03.14 00:21:50.797,1.29614,1.29619
2013.03.14 00:22:06.731,1.29616,1.29622
2013.03.14 00:22:11.532,1.29615,1.29622
2013.03.14 00:22:12.142,1.29616,1.29622
2013.03.14 00:22:14.382,1.29616,1.29622
2013.03.14 00:22:16.803,1.29616,1.29622
2013.03.14 00:22:18.203,1.29616,1.29622
2013.03.14 00:22:18.562,1.29615,1.29622
2013.03.14 00:22:18.803,1.29612,1.29618
2013.03.14 00:22:18.923,1.29612,1.29618
2013.03.14 00:22:19.512,1.29612,1.29618
2013.03.14 00:22:20.994,1.29612,1.29618
2013.03.14 00:22:22.993,1.29611,1.29617
2013.03.14 00:22:23.854,1.29611,1.29616
2013.03.14 00:22:25.753,1.29611,1.29615
2013.03.14 00:22:25.815,1.29609,1.29614
2013.03.14 00:22:25.884,1.29607,1.29614
2013.03.14 00:22:25.965,1.29606,1.2961
2013.03.14 00:22:26.097,1.29602,1.29608
2013.03.14 00:22:26.345,1.29601,1.29607
2013.03.14 00:22:26.462,1.29602,1.29607
2013.03.14 00:22:26.523,1.29602,1.29607
2013.03.14 00:22:27.741,1.29602,1.29607
2013.03.14 00:22:28.283,1.29602,1.29608
2013.03.14 00:22:35.041,1.29602,1.29608
2013.03.14 00:22:35.116,1.29602,1.29608
2013.03.14 00:22:39.133,1.29602,1.29608
2013.03.14 00:22:45.422,1.29603,1.29608
2013.03.14 00:22:45.753,1.29603,1.29609
2013.03.14 00:22:46.261,1.29603,1.2961
2013.03.14 00:22:48.843,1.29603,1.2961
2013.03.14 00:22:49.386,1.29603,1.2961
2013.03.14 00:22:55.863,1.29603,1.2961
2013.03.14 00:22:56.223,1.29602,1.29609
2013.03.14 00:22:58.882,1.29602,1.29609
2013.03.14 00:23:00.340,1.29602,1.29609
2013.03.14 00:23:03.484,1.29604,1.29612
2013.03.14 00:23:03.843,1.29603,1.29608
2013.03.14 00:23:08.965,1.29602,1.29608
2013.03.14 00:23:17.503,1.29603,1.2961
2013.03.14 00:23:17.622,1.29603,1.2961
2013.03.14 00:23:17.742,1.29603,1.2961
2013.03.14 00:23:21.650,1.29603,1.2961
2013.03.14 00:23:26.652,1.29603,1.2961
2013.03.14 00:23:31.125,1.29603,1.2961
2013.03.14 00:23:33.662,1.29602,1.29609
2013.03.14 00:23:34.772,1.29602,1.29609
2013.03.14 00:23:40.073,1.29602,1.29609
2013.03.14 00:23:49.013,1.29603,1.2961
2013.03.14 00:23:51.952,1.29603,1.2961
2013.03.14 00:23:55.923,1.29604,1.2961
2013.03.14 00:24:02.822,1.29603,1.2961
2013.03.14 00:24:03.560,1.29603,1.2961
2013.03.14 00:24:05.374,1.29603,1.2961
2013.03.14 00:24:13.972,1.29603,1.29609
2013.03.14 00:24:16.742,1.29601,1.29607
2013.03.14 00:24:18.521,1.29602,1.29608
2013.03.14 00:24:19.313,1.29602,1.29608
2013.03.14 00:24:26.163,1.29601,1.29607
2013.03.14 00:24:26.554,1.29601,1.29607
2013.03.14 00:24:27.894,1.29601,1.29607
2013.03.14 00:24:28.074,1.29602,1.29609
2013.03.14 00:24:29.044,1.29602,1.29609
2013.03.14 00:24:29.822,1.29602,1.29609
2013.03.14 00:24:32.833,1.29602,1.29608
2013.03.14 00:24:44.501,1.296,1.29608
2013.03.14 00:24:45.044,1.29601,1.29606
2013.03.14 00:24:45.793,1.29601,1.29606
2013.03.14 00:24:47.323,1.29601,1.29605
2013.03.14 00:24:47.384,1.29597,1.29603
2013.03.14 00:24:47.506,1.296,1.29606
2013.03.14 00:24:47.574,1.296,1.29607
2013.03.14 00:24:47.933,1.29603,1.2961
2013.03.14 00:24:47.993,1.29603,1.2961
2013.03.14 00:24:49.782,1.29603,1.2961
2013.03.14 00:24:49.976,1.29603,1.29608
2013.03.14 00:24:50.832,1.29603,1.29608
2013.03.14 00:24:53.433,1.29601,1.29608
2013.03.14 00:24:57.083,1.29602,1.29609
2013.03.14 00:24:57.662,1.29602,1.29608
2013.03.14 00:25:04.534,1.29602,1.29608
2013.03.14 00:25:09.392,1.296,1.29606
2013.03.14 00:25:12.015,1.296,1.29606
2013.03.14 00:25:15.122,1.296,1.29606
2013.03.14 00:25:17.882,1.296,1.29606
2013.03.14 00:25:19.611,1.296,1.29606
2013.03.14 00:25:20.341,1.296,1.29605
2013.03.14 00:25:20.883,1.296,1.29605
2013.03.14 00:25:22.683,1.29599,1.29605
2013.03.14 00:25:22.984,1.29599,1.29605
2013.03.14 00:25:23.591,1.29597,1.29605
2013.03.14 00:25:28.745,1.29599,1.29605
2013.03.14 00:25:29.283,1.29597,1.29604
2013.03.14 00:25:29.723,1.296,1.29606
2013.03.14 00:25:30.324,1.296,1.29608
2013.03.14 00:25:30.625,1.29602,1.29609
2013.03.14 00:25:30.945,1.29604,1.29611
2013.03.14 00:25:38.494,1.29602,1.29611
2013.03.14 00:25:38.554,1.29603,1.2961
2013.03.14 00:25:40.202,1.29606,1.2961
2013.03.14 00:25:40.332,1.29606,1.29612
2013.03.14 00:25:40.396,1.29606,1.29614
2013.03.14 00:25:40.705,1.29609,1.29617
2013.03.14 00:25:40.775,1.29609,1.29617
2013.03.14 00:25:40.954,1.2961,1.29617
2013.03.14 00:25:41.014,1.29612,1.29619
2013.03.14 00:25:41.253,1.29613,1.2962
2013.03.14 00:25:47.248,1.29611,1.29617
2013.03.14 00:25:47.843,1.29606,1.29615
2013.03.14 00:25:47.924,1.2961,1.29618
2013.03.14 00:25:49.633,1.29611,1.29618
2013.03.14 00:25:57.903,1.29614,1.29619
2013.03.14 00:25:59.314,1.29614,1.29619
2013.03.14 00:26:00.434,1.29614,1.29619
2013.03.14 00:26:11.533,1.29612,1.29617
2013.03.14 00:26:19.373,1.29612,1.29618
2013.03.14 00:26:33.315,1.29611,1.29617
2013.03.14 00:26:37.333,1.29611,1.29619
2013.03.14 00:26:42.823,1.29613,1.29619
2013.03.14 00:26:47.573,1.29613,1.29619
2013.03.14 00:26:55.753,1.29612,1.29618
2013.03.14 00:26:56.353,1.29612,1.29619
2013.03.14 00:26:57.973,1.29611,1.29618
2013.03.14 00:26:58.593,1.29611,1.29618
2013.03.14 00:26:59.356,1.29611,1.29617
2013.03.14 00:26:59.572,1.29609,1.29615
2013.03.14 00:26:59.754,1.29607,1.29613
2013.03.14 00:27:00.233,1.29605,1.29611
2013.03.14 00:27:00.414,1.29604,1.29611
2013.03.14 00:27:00.534,1.29604,1.2961
2013.03.14 00:27:00.594,1.29603,1.2961
2013.03.14 00:27:00.655,1.29603,1.29608
2013.03.14 00:27:01.194,1.29601,1.29608
2013.03.14 00:27:15.948,1.296,1.29608
2013.03.14 00:27:21.394,1.29601,1.29608
2013.03.14 00:27:22.773,1.296,1.29608
2013.03.14 00:27:23.074,1.29598,1.29604
2013.03.14 00:27:23.373,1.29598,1.29604
2013.03.14 00:27:25.125,1.296,1.29605
2013.03.14 00:27:25.664,1.29599,1.29606
2013.03.14 00:27:38.383,1.296,1.29605
2013.03.14 00:27:38.684,1.29598,1.29603
2013.03.14 00:27:38.744,1.29595,1.296
2013.03.14 00:27:39.284,1.29594,1.296
2013.03.14 00:27:42.034,1.29596,1.29602
2013.03.14 00:27:43.363,1.29596,1.29602
2013.03.14 00:27:43.605,1.29597,1.29604
2013.03.14 00:27:43.735,1.29599,1.29607
2013.03.14 00:27:43.864,1.29601,1.29607
2013.03.14 00:27:46.411,1.29602,1.29609
2013.03.14 00:27:46.914,1.29602,1.29609
2013.03.14 00:27:49.614,1.29602,1.29609
2013.03.14 00:27:49.919,1.29604,1.2961
2013.03.14 00:27:50.533,1.29603,1.2961
2013.03.14 00:27:57.993,1.29603,1.2961
2013.03.14 00:28:06.433,1.29603,1.29611
2013.03.14 00:28:09.105,1.29603,1.29611
2013.03.14 00:28:11.073,1.29603,1.29611
2013.03.14 00:28:14.383,1.29604,1.2961
2013.03.14 00:28:21.224,1.29603,1.2961
2013.03.14 00:28:21.763,1.29603,1.2961
2013.03.14 00:28:23.493,1.29603,1.2961
2013.03.14 00:28:25.782,1.29604,1.29611
2013.03.14 00:28:26.324,1.29604,1.29611
2013.03.14 00:28:26.955,1.29604,1.29612
2013.03.14 00:28:30.303,1.29605,1.29612
2013.03.14 00:28:30.363,1.29605,1.29612
2013.03.14 00:28:42.773,1.29605,1.29612
2013.03.14 00:28:43.312,1.29605,1.29612
2013.03.14 00:28:46.403,1.29605,1.29612
2013.03.14 00:28:48.203,1.29604,1.2961
2013.03.14 00:28:48.743,1.29604,1.29612
2013.03.14 00:28:52.143,1.29605,1.29612
2013.03.14 00:28:58.552,1.29605,1.29612
2013.03.14 00:29:06.163,1.29605,1.29612
2013.03.14 00:29:06.722,1.29605,1.29612
2013.03.14 00:29:22.623,1.29607,1.29613
2013.03.14 00:29:22.983,1.29607,1.29613
2013.03.14 00:29:23.164,1.29605,1.29612
2013.03.14 00:29:23.224,1.29605,1.29612
2013.03.14 00:29:23.343,1.29606,1.29612
2013.03.14 00:29:23.523,1.29607,1.29613
2013.03.14 00:29:27.592,1.29608,1.29613
2013.03.14 00:29:29.654,1.29609,1.29615
2013.03.14 00:29:29.713,1.29609,1.29616
2013.03.14 00:29:29.834,1.29609,1.29616
2013.03.14 00:29:29.893,1.29609,1.29617
2013.03.14 00:29:30.134,1.29612,1.2962
2013.03.14 00:29:30.254,1.29612,1.2962
2013.03.14 00:29:30.794,1.29612,1.29619
2013.03.14 00:29:40.266,1.29613,1.29619
2013.03.14 00:29:40.615,1.2961,1.29616
2013.03.14 00:29:40.796,1.29608,1.29614
2013.03.14 00:29:40.864,1.29606,1.29616
2013.03.14 00:29:40.923,1.29606,1.29616
2013.03.14 00:29:40.986,1.29607,1.29614
2013.03.14 00:29:41.235,1.29606,1.29614
2013.03.14 00:29:41.474,1.29607,1.29612
2013.03.14 00:29:41.783,1.29606,1.29612
2013.03.14 00:29:45.204,1.29605,1.29611
2013.03.14 00:29:45.385,1.29603,1.29608
2013.03.14 00:29:48.024,1.29602,1.29609
2013.03.14 00:29:48.656,1.29602,1.29609
2013.03.14 00:29:51.417,1.29601,1.29609
2013.03.14 00:29:51.963,1.29602,1.29609
2013.03.14 00:29:54.115,1.29602,1.29609
2013.03.14 00:29:56.084,1.29601,1.29609
2013.03.14 00:29:58.020,1.29601,1.29608
2013.03.14 00:29:58.766,1.296,1.29606
2013.03.14 00:30:01.905,1.29601,1.29606
2013.03.14 00:30:02.161,1.29603,1.29609
2013.03.14 00:30:02.405,1.29603,1.29608
2013.03.14 00:30:02.956,1.29603,1.29609
2013.03.14 00:30:03.259,1.29604,1.2961
2013.03.14 00:30:03.569,1.29608,1.29613
2013.03.14 00:30:03.873,1.29607,1.29614
2013.03.14 00:30:04.247,1.29611,1.29616
2013.03.14 00:30:04.377,1.29608,1.2962
2013.03.14 00:30:06.521,1.29611,1.29618
2013.03.14 00:30:06.999,1.29611,1.29619
2013.03.14 00:30:07.635,1.29611,1.29619
2013.03.14 00:30:08.725,1.29613,1.29618
2013.03.14 00:30:09.579,1.29613,1.2962
2013.03.14 00:30:09.657,1.29614,1.29621
2013.03.14 00:30:10.395,1.29615,1.29621
2013.03.14 00:30:11.193,1.29616,1.29622
2013.03.14 00:30:11.268,1.29617,1.29623
2013.03.14 00:30:11.697,1.29618,1.29624
2013.03.14 00:30:12.249,1.29619,1.29624
2013.03.14 00:30:12.647,1.29619,1.29625
2013.03.14 00:30:13.196,1.29619,1.29625
2013.03.14 00:30:13.746,1.2962,1.29625
2013.03.14 00:30:14.298,1.2962,1.29626
2013.03.14 00:30:15.155,1.29621,1.29627
2013.03.14 00:30:15.818,1.29622,1.29628
2013.03.14 00:30:16.185,1.29623,1.29629
2013.03.14 00:30:16.734,1.29624,1.2963
2013.03.14 00:30:17.287,1.29625,1.29631
2013.03.14 00:30:17.716,1.29625,1.29632
2013.03.14 00:30:18.266,1.29625,1.29633
2013.03.14 00:30:20.116,1.29626,1.29633
2013.03.14 00:30:20.701,1.29627,1.29633
2013.03.14 00:30:20.781,1.29627,1.29635
2013.03.14 00:30:22.565,1.29629,1.29635
2013.03.14 00:30:23.424,1.29629,1.29636
2013.03.14 00:30:23.976,1.2963,1.29636
2013.03.14 00:30:25.707,1.29631,1.29637
2013.03.14 00:30:25.776,1.29632,1.29638
2013.03.14 00:30:25.955,1.29633,1.2964
2013.03.14 00:30:26.015,1.29633,1.2964
2013.03.14 00:30:26.435,1.29629,1.29637
2013.03.14 00:30:26.555,1.29629,1.29637
2013.03.14 00:30:26.734,1.2963,1.29637
2013.03.14 00:30:26.914,1.2963,1.29637
2013.03.14 00:30:27.097,1.29633,1.29639
2013.03.14 00:30:27.165,1.29636,1.2964
2013.03.14 00:30:27.285,1.29636,1.29643
2013.03.14 00:30:27.344,1.29637,1.29643
2013.03.14 00:30:27.404,1.29634,1.29647
2013.03.14 00:30:27.954,1.2964,1.29648
2013.03.14 00:30:28.495,1.29641,1.29648
2013.03.14 00:30:29.147,1.29642,1.29648
2013.03.14 00:30:29.535,1.29641,1.29646
2013.03.14 00:30:30.355,1.29641,1.29647
2013.03.14 00:30:31.122,1.29641,1.29647
2013.03.14 00:30:33.307,1.29641,1.29647
2013.03.14 00:30:33.626,1.29639,1.29645
2013.03.14 00:30:35.214,1.29638,1.29644
2013.03.14 00:30:35.515,1.29637,1.29643
2013.03.14 00:30:35.575,1.29635,1.2964
2013.03.14 00:30:35.635,1.29633,1.29639
2013.03.14 00:30:35.816,1.29633,1.29639
2013.03.14 00:30:35.885,1.29633,1.29639
2013.03.14 00:30:36.470,1.29633,1.29639
2013.03.14 00:30:36.944,1.29633,1.29639
2013.03.14 00:30:38.564,1.29633,1.29639
2013.03.14 00:30:39.624,1.29633,1.29639
2013.03.14 00:30:41.404,1.29634,1.29641
2013.03.14 00:30:41.823,1.29635,1.29642
2013.03.14 00:30:42.835,1.29635,1.2964
2013.03.14 00:30:42.954,1.29636,1.2964
2013.03.14 00:30:43.017,1.29633,1.2964
2013.03.14 00:30:43.146,1.29633,1.29638
2013.03.14 00:30:44.445,1.29635,1.29639
2013.03.14 00:30:44.625,1.29637,1.29644
2013.03.14 00:30:44.816,1.29638,1.29643
2013.03.14 00:30:45.005,1.29634,1.29642
2013.03.14 00:30:45.065,1.29634,1.2964
2013.03.14 00:30:45.484,1.29633,1.2964
2013.03.14 00:30:45.844,1.29634,1.2964
2013.03.14 00:30:47.015,1.29635,1.2964
2013.03.14 00:30:48.594,1.29638,1.29644
2013.03.14 00:30:48.775,1.29638,1.29644
2013.03.14 00:30:48.955,1.29639,1.29645
2013.03.14 00:30:49.505,1.29639,1.29646
2013.03.14 00:30:50.114,1.29643,1.29648
2013.03.14 00:30:50.295,1.29643,1.29649
2013.03.14 00:30:50.594,1.29642,1.29648
2013.03.14 00:30:51.136,1.29639,1.29647
2013.03.14 00:30:51.445,1.2964,1.29647
2013.03.14 00:30:51.506,1.29641,1.29647
2013.03.14 00:30:51.634,1.29641,1.29649
2013.03.14 00:30:52.054,1.29642,1.29649
2013.03.14 00:30:52.534,1.29643,1.29649
2013.03.14 00:30:52.654,1.29644,1.29649
2013.03.14 00:30:53.016,1.29644,1.2965
2013.03.14 00:30:53.144,1.29644,1.29652
2013.03.14 00:30:53.978,1.29644,1.29652
2013.03.14 00:30:54.465,1.29645,1.29652
2013.03.14 00:30:54.704,1.29645,1.29653
2013.03.14 00:30:55.304,1.29646,1.29653
2013.03.14 00:30:55.673,1.29647,1.29653
2013.03.14 00:30:56.213,1.29648,1.29653
2013.03.14 00:30:56.714,1.29648,1.29654
2013.03.14 00:30:57.384,1.29649,1.29655
2013.03.14 00:30:58.424,1.2965,1.29656
2013.03.14 00:31:00.444,1.29651,1.29656
2013.03.14 00:31:00.984,1.29651,1.29657
2013.03.14 00:31:02.414,1.29652,1.29658
2013.03.14 00:31:02.932,1.29652,1.29658
2013.03.14 00:31:03.474,1.29651,1.29661
2013.03.14 00:31:04.016,1.29653,1.29659
2013.03.14 00:31:04.074,1.29653,1.29659
2013.03.14 00:31:04.197,1.29653,1.29659
2013.03.14 00:31:04.806,1.29655,1.29659
2013.03.14 00:31:05.143,1.29653,1.29662
2013.03.14 00:31:05.536,1.29655,1.29661
2013.03.14 00:31:06.106,1.29654,1.29663
2013.03.14 00:31:06.413,1.29655,1.29662
2013.03.14 00:31:06.835,1.29656,1.29663
2013.03.14 00:31:07.074,1.29658,1.29662
2013.03.14 00:31:08.111,1.29657,1.29664
2013.03.14 00:31:08.665,1.29657,1.29665
2013.03.14 00:31:09.465,1.29658,1.29666
2013.03.14 00:31:09.975,1.29659,1.29666
2013.03.14 00:31:10.214,1.2966,1.29666
2013.03.14 00:31:10.494,1.29661,1.29666
2013.03.14 00:31:10.554,1.29661,1.29667
2013.03.14 00:31:10.795,1.29662,1.29667
2013.03.14 00:31:11.335,1.29663,1.29668
2013.03.14 00:31:12.175,1.29663,1.29669
2013.03.14 00:31:12.975,1.29664,1.29669
2013.03.14 00:31:13.515,1.29665,1.2967
2013.03.14 00:31:14.445,1.29667,1.29674
2013.03.14 00:31:14.538,1.29665,1.29672
2013.03.14 00:31:14.679,1.29666,1.29674
2013.03.14 00:31:15.223,1.29668,1.29674
2013.03.14 00:31:15.775,1.29667,1.29672
2013.03.14 00:31:16.395,1.29666,1.29672
2013.03.14 00:31:18.075,1.29665,1.29672
2013.03.14 00:31:18.136,1.29666,1.29672
2013.03.14 00:31:18.325,1.29664,1.29671
2013.03.14 00:31:19.174,1.29665,1.29672
2013.03.14 00:31:19.714,1.29665,1.29673
2013.03.14 00:31:20.206,1.29665,1.29672
2013.03.14 00:31:20.331,1.29665,1.29671
2013.03.14 00:31:21.346,1.29665,1.29671
2013.03.14 00:31:21.765,1.29666,1.29672
2013.03.14 00:31:25.094,1.29665,1.29671
2013.03.14 00:31:25.406,1.29665,1.2967
2013.03.14 00:31:25.955,1.29661,1.29667
2013.03.14 00:31:27.834,1.29661,1.29667
2013.03.14 00:31:29.165,1.29659,1.29665
2013.03.14 00:31:30.282,1.29657,1.29661
2013.03.14 00:31:30.373,1.29656,1.29662
2013.03.14 00:31:30.925,1.29656,1.29662
2013.03.14 00:31:31.764,1.29656,1.29662
2013.03.14 00:31:32.005,1.29656,1.29662
2013.03.14 00:31:32.306,1.29655,1.29662
2013.03.14 00:31:32.377,1.29654,1.29663
2013.03.14 00:31:32.504,1.29653,1.29663
2013.03.14 00:31:32.685,1.29654,1.29661
2013.03.14 00:31:33.225,1.29653,1.29661
2013.03.14 00:31:33.586,1.29652,1.29661
2013.03.14 00:31:33.774,1.29652,1.29659
2013.03.14 00:31:33.896,1.29651,1.29658
2013.03.14 00:31:34.206,1.2965,1.29658
2013.03.14 00:31:34.518,1.2965,1.29657
2013.03.14 00:31:34.824,1.29649,1.29657
2013.03.14 00:31:35.125,1.29649,1.29656
2013.03.14 00:31:35.664,1.29648,1.29655
2013.03.14 00:31:36.817,1.29647,1.29655
2013.03.14 00:31:39.645,1.29647,1.29654
2013.03.14 00:31:40.005,1.29647,1.29653
2013.03.14 00:31:40.575,1.29646,1.29653
2013.03.14 00:31:41.036,1.29646,1.29652
2013.03.14 00:31:41.574,1.29645,1.29652
2013.03.14 00:31:42.054,1.29645,1.29652
2013.03.14 00:31:43.124,1.29645,1.29652
2013.03.14 00:31:43.364,1.29645,1.29652
2013.03.14 00:31:43.926,1.29644,1.29652
2013.03.14 00:31:44.536,1.29644,1.2965
2013.03.14 00:31:44.834,1.29641,1.29647
2013.03.14 00:31:46.712,1.29641,1.29648
2013.03.14 00:31:47.016,1.29643,1.29648
2013.03.14 00:31:47.524,1.29643,1.29649
2013.03.14 00:31:48.194,1.29644,1.29649
2013.03.14 00:31:49.756,1.29644,1.2965
2013.03.14 00:31:50.395,1.29644,1.29651
2013.03.14 00:31:51.936,1.29649,1.29653
2013.03.14 00:31:52.065,1.29649,1.29655
2013.03.14 00:31:52.444,1.29649,1.29653
2013.03.14 00:31:52.946,1.29649,1.29654
2013.03.14 00:31:53.125,1.29649,1.29655
2013.03.14 00:31:53.315,1.29649,1.29654
2013.03.14 00:31:56.065,1.29649,1.29655
2013.03.14 00:31:57.565,1.29649,1.29655
2013.03.14 00:31:57.864,1.29649,1.29657
2013.03.14 00:31:58.875,1.29653,1.29657
2013.03.14 00:31:59.449,1.29654,1.29658
2013.03.14 00:31:59.755,1.29652,1.29656
2013.03.14 00:32:00.055,1.29651,1.29657
2013.03.14 00:32:00.594,1.2965,1.29657
2013.03.14 00:32:01.254,1.29649,1.29656
2013.03.14 00:32:01.794,1.29649,1.29656
2013.03.14 00:32:02.354,1.29648,1.29655
2013.03.14 00:32:03.487,1.29649,1.29656
2013.03.14 00:32:04.033,1.2965,1.29657
2013.03.14 00:32:04.584,1.2965,1.29657
2013.03.14 00:32:05.124,1.2965,1.29657
2013.03.14 00:32:05.664,1.29651,1.29657
2013.03.14 00:32:07.396,1.2965,1.29657
2013.03.14 00:32:07.935,1.29651,1.29657
2013.03.14 00:32:08.115,1.29652,1.2966
2013.03.14 00:32:08.175,1.29652,1.2966
2013.03.14 00:32:08.296,1.29655,1.29662
2013.03.14 00:32:08.654,1.29653,1.29659
2013.03.14 00:32:08.965,1.29651,1.29659
2013.03.14 00:32:09.146,1.29653,1.29656
2013.03.14 00:32:09.383,1.29651,1.29657
2013.03.14 00:32:09.505,1.2965,1.29657
2013.03.14 00:32:09.626,1.29649,1.29656
2013.03.14 00:32:09.866,1.29649,1.29655
2013.03.14 00:32:10.413,1.29648,1.29655
2013.03.14 00:32:12.393,1.29648,1.29654
2013.03.14 00:32:13.484,1.29648,1.29653
2013.03.14 00:32:14.534,1.29646,1.29654
2013.03.14 00:32:15.594,1.29646,1.29652
2013.03.14 00:32:17.274,1.29642,1.2965
2013.03.14 00:32:17.334,1.29643,1.2965
2013.03.14 00:32:18.696,1.29642,1.2965
2013.03.14 00:32:19.654,1.29643,1.2965
2013.03.14 00:32:21.033,1.29643,1.2965
2013.03.14 00:32:21.585,1.29643,1.2965
2013.03.14 00:32:22.394,1.29642,1.2965
2013.03.14 00:32:22.994,1.29643,1.2965
2013.03.14 00:32:23.055,1.29643,1.29652
2013.03.14 00:32:24.697,1.29642,1.2965
2013.03.14 00:32:26.724,1.29643,1.29649
2013.03.14 00:32:27.595,1.29644,1.29648
2013.03.14 00:32:28.143,1.29644,1.29649
2013.03.14 00:32:31.457,1.29642,1.29649
2013.03.14 00:32:31.886,1.29644,1.29649
2013.03.14 00:32:33.235,1.29643,1.2965
2013.03.14 00:32:33.535,1.29646,1.29652
2013.03.14 00:32:34.905,1.29645,1.29652
2013.03.14 00:32:35.922,1.29645,1.29652
2013.03.14 00:32:36.476,1.29646,1.29651
2013.03.14 00:32:38.484,1.29645,1.29653
2013.03.14 00:32:38.604,1.29646,1.29652
2013.03.14 00:32:38.665,1.29647,1.29653
2013.03.14 00:32:41.835,1.29647,1.29652
2013.03.14 00:32:42.014,1.29647,1.29653
2013.03.14 00:32:42.315,1.2965,1.29654
2013.03.14 00:32:42.854,1.2965,1.29655
2013.03.14 00:32:43.156,1.29649,1.29653
2013.03.14 00:32:43.405,1.29648,1.29655
2013.03.14 00:32:43.584,1.29649,1.29654
2013.03.14 00:32:43.826,1.29646,1.29652
2013.03.14 00:32:44.134,1.29644,1.29651
2013.03.14 00:32:44.195,1.29643,1.2965
2013.03.14 00:32:45.483,1.29644,1.29649
2013.03.14 00:32:46.355,1.29643,1.29648
2013.03.14 00:32:51.384,1.29643,1.29649
2013.03.14 00:32:51.764,1.29643,1.29648
2013.03.14 00:32:52.774,1.29643,1.29648
2013.03.14 00:32:53.844,1.29642,1.29648
2013.03.14 00:32:54.385,1.29642,1.29648
2013.03.14 00:32:54.903,1.29642,1.29646
2013.03.14 00:32:55.622,1.29642,1.29649
2013.03.14 00:32:56.524,1.29642,1.29648
2013.03.14 00:33:00.904,1.29642,1.29648
2013.03.14 00:33:01.144,1.29643,1.29649
2013.03.14 00:33:01.654,1.29644,1.29649
2013.03.14 00:33:02.194,1.29643,1.29649
2013.03.14 00:33:02.806,1.29644,1.29649
2013.03.14 00:33:02.985,1.29642,1.29649
2013.03.14 00:33:03.404,1.29644,1.29649
2013.03.14 00:33:03.464,1.29642,1.29649
2013.03.14 00:33:04.015,1.29642,1.29648
2013.03.14 00:33:05.084,1.29642,1.29648
2013.03.14 00:33:05.629,1.29642,1.2965
2013.03.14 00:33:06.235,1.29641,1.29648
2013.03.14 00:33:06.555,1.2964,1.29647
2013.03.14 00:33:08.553,1.29638,1.29646
2013.03.14 00:33:09.275,1.29642,1.29647
2013.03.14 00:33:09.814,1.29639,1.29646
2013.03.14 00:33:12.864,1.29639,1.29645
2013.03.14 00:33:14.494,1.29639,1.29646
2013.03.14 00:33:16.094,1.29638,1.29646
2013.03.14 00:33:18.594,1.29638,1.29646
2013.03.14 00:33:19.155,1.29638,1.29646
2013.03.14 00:33:19.725,1.29638,1.29646
2013.03.14 00:33:20.603,1.29639,1.29646
2013.03.14 00:33:25.105,1.29639,1.29646
2013.03.14 00:33:27.213,1.29639,1.29646
2013.03.14 00:33:28.736,1.29639,1.29645
2013.03.14 00:33:31.024,1.29639,1.29645
2013.03.14 00:33:35.138,1.29637,1.29645
2013.03.14 00:33:35.445,1.29639,1.29642
2013.03.14 00:33:35.506,1.29636,1.29644
2013.03.14 00:33:35.626,1.29635,1.29644
2013.03.14 00:33:36.433,1.29635,1.29642
2013.03.14 00:33:40.381,1.29634,1.29641
2013.03.14 00:33:41.194,1.29634,1.29641
2013.03.14 00:33:42.696,1.29634,1.29641
2013.03.14 00:33:43.380,1.29633,1.29641
2013.03.14 00:33:43.626,1.29633,1.2964
2013.03.14 00:33:43.804,1.29632,1.2964
2013.03.14 00:33:44.405,1.29632,1.29638
2013.03.14 00:33:44.645,1.29631,1.29638
2013.03.14 00:33:45.895,1.29631,1.29637
2013.03.14 00:33:45.955,1.29629,1.29638
2013.03.14 00:33:46.015,1.29629,1.29637
2013.03.14 00:33:46.075,1.29629,1.29635
2013.03.14 00:33:46.254,1.29627,1.29636
2013.03.14 00:33:46.315,1.29626,1.29635
2013.03.14 00:33:46.874,1.29626,1.29634
2013.03.14 00:33:46.994,1.29626,1.29633
2013.03.14 00:33:50.065,1.29625,1.29632
2013.03.14 00:33:50.605,1.29624,1.29631
2013.03.14 00:33:54.084,1.2962,1.29628
2013.03.14 00:33:54.592,1.29622,1.29628
2013.03.14 00:33:57.384,1.29622,1.29629
2013.03.14 00:33:57.504,1.29626,1.29632
2013.03.14 00:33:57.566,1.29626,1.29632
2013.03.14 00:33:57.625,1.29627,1.29634
2013.03.14 00:33:57.804,1.29629,1.29637
2013.03.14 00:33:57.986,1.29629,1.29635
2013.03.14 00:34:00.935,1.29629,1.29635
2013.03.14 00:34:01.633,1.29629,1.29635
2013.03.14 00:34:05.946,1.29628,1.29635
2013.03.14 00:34:06.139,1.29627,1.29635
2013.03.14 00:34:06.624,1.29627,1.29635
2013.03.14 00:34:07.164,1.29627,1.29634
2013.03.14 00:34:08.004,1.29627,1.29634
2013.03.14 00:34:08.125,1.29627,1.29633
2013.03.14 00:34:08.184,1.29626,1.29633
2013.03.14 00:34:09.504,1.29626,1.29632
2013.03.14 00:34:09.564,1.29625,1.29632
2013.03.14 00:34:09.686,1.29625,1.2963
2013.03.14 00:34:09.746,1.29624,1.2963
2013.03.14 00:34:09.985,1.29622,1.29631
2013.03.14 00:34:10.288,1.29622,1.2963
2013.03.14 00:34:10.474,1.29621,1.2963
2013.03.14 00:34:10.653,1.2962,1.29629
2013.03.14 00:34:11.173,1.29619,1.29628
2013.03.14 00:34:12.168,1.29619,1.29627
2013.03.14 00:34:14.543,1.29618,1.29627
2013.03.14 00:34:15.804,1.29618,1.29626
2013.03.14 00:34:16.223,1.29617,1.29625
2013.03.14 00:34:16.284,1.29614,1.29623
2013.03.14 00:34:16.585,1.29615,1.29624
2013.03.14 00:34:16.886,1.29617,1.29623
2013.03.14 00:34:17.865,1.29617,1.29622
2013.03.14 00:34:21.024,1.29617,1.29621
2013.03.14 00:34:22.065,1.29617,1.29623
2013.03.14 00:34:22.717,1.29617,1.29623
2013.03.14 00:34:23.314,1.29617,1.29623
2013.03.14 00:34:24.904,1.29617,1.29623
2013.03.14 00:34:25.405,1.29618,1.29624
2013.03.14 00:34:25.984,1.29618,1.29624
2013.03.14 00:34:26.287,1.29619,1.29624
2013.03.14 00:34:26.535,1.29618,1.29623
2013.03.14 00:34:27.325,1.2962,1.29626
2013.03.14 00:34:27.624,1.29621,1.29629
2013.03.14 00:34:28.066,1.29623,1.29629
2013.03.14 00:34:28.553,1.29623,1.29629
2013.03.14 00:34:29.036,1.29625,1.2963
2013.03.14 00:34:29.395,1.29628,1.29634
2013.03.14 00:34:29.944,1.29628,1.29634
2013.03.14 00:34:30.484,1.2963,1.29637
2013.03.14 00:34:31.336,1.2963,1.29636
2013.03.14 00:34:31.457,1.29628,1.29637
2013.03.14 00:34:31.525,1.29629,1.29635
2013.03.14 00:34:31.906,1.29628,1.29634
2013.03.14 00:34:32.325,1.29624,1.29631
2013.03.14 00:34:33.284,1.29625,1.29632
2013.03.14 00:34:33.585,1.29627,1.29634
2013.03.14 00:34:33.644,1.29627,1.29634
2013.03.14 00:34:34.776,1.29627,1.29629
2013.03.14 00:34:34.963,1.2962,1.29629
2013.03.14 00:34:35.568,1.29619,1.29625
2013.03.14 00:34:35.874,1.29621,1.29629
2013.03.14 00:34:36.055,1.29622,1.29628
2013.03.14 00:34:36.114,1.29622,1.29628
2013.03.14 00:34:36.234,1.29622,1.29627
2013.03.14 00:34:38.271,1.29621,1.29627
2013.03.14 00:34:38.806,1.29621,1.29627
2013.03.14 00:34:40.268,1.29621,1.29625
2013.03.14 00:34:40.814,1.29621,1.29626
2013.03.14 00:34:40.934,1.29621,1.29626
2013.03.14 00:34:41.115,1.2962,1.29625
2013.03.14 00:34:45.127,1.29621,1.29626
2013.03.14 00:34:45.305,1.29619,1.29627
2013.03.14 00:34:45.490,1.2962,1.29625
2013.03.14 00:34:45.555,1.2962,1.29624
2013.03.14 00:34:45.676,1.29615,1.29627
2013.03.14 00:34:45.795,1.29616,1.29624
2013.03.14 00:34:45.975,1.29615,1.29624
2013.03.14 00:34:46.275,1.29615,1.29623
2013.03.14 00:34:46.335,1.29616,1.29621
2013.03.14 00:34:46.884,1.29615,1.29621
2013.03.14 00:34:47.858,1.29615,1.29621
2013.03.14 00:34:48.304,1.29615,1.2962
2013.03.14 00:34:49.124,1.29613,1.2962
2013.03.14 00:34:50.094,1.29611,1.29619
2013.03.14 00:34:50.635,1.29612,1.29619
2013.03.14 00:34:50.761,1.29615,1.29621
2013.03.14 00:34:51.313,1.29617,1.29624
2013.03.14 00:34:53.337,1.29616,1.29621
2013.03.14 00:34:53.464,1.29612,1.29619
2013.03.14 00:34:53.705,1.29611,1.29617
2013.03.14 00:34:54.065,1.29608,1.29614
2013.03.14 00:34:54.604,1.29609,1.29617
2013.03.14 00:34:55.564,1.29609,1.29617
2013.03.14 00:34:57.694,1.2961,1.29617
2013.03.14 00:35:00.776,1.29611,1.29617
2013.03.14 00:35:02.986,1.29612,1.29617
2013.03.14 00:35:03.058,1.29614,1.29621
2013.03.14 00:35:03.306,1.29618,1.29621
2013.03.14 00:35:04.094,1.29618,1.29624
2013.03.14 00:35:04.466,1.29618,1.29624
2013.03.14 00:35:05.684,1.29619,1.29625
2013.03.14 00:35:06.224,1.2962,1.29626
2013.03.14 00:35:06.284,1.29621,1.29626
2013.03.14 00:35:06.645,1.29623,1.29626
2013.03.14 00:35:07.194,1.29623,1.2963
2013.03.14 00:35:08.944,1.29623,1.29627
2013.03.14 00:35:10.216,1.29621,1.29627
2013.03.14 00:35:10.544,1.29621,1.29626
2013.03.14 00:35:11.944,1.29621,1.29626
2013.03.14 00:35:12.064,1.29621,1.29626
2013.03.14 00:35:12.244,1.29622,1.29626
2013.03.14 00:35:13.715,1.29621,1.29626
2013.03.14 00:35:14.227,1.29621,1.29626
2013.03.14 00:35:15.556,1.29621,1.29627
2013.03.14 00:35:16.807,1.2962,1.29626
2013.03.14 00:35:17.356,1.2962,1.29626
2013.03.14 00:35:17.875,1.29619,1.29626
2013.03.14 00:35:23.604,1.2962,1.29625
2013.03.14 00:35:26.146,1.2962,1.29626
2013.03.14 00:35:26.684,1.2962,1.29626
2013.03.14 00:35:28.735,1.29619,1.29625
2013.03.14 00:35:29.667,1.29619,1.29625
2013.03.14 00:35:31.165,1.2962,1.29626
2013.03.14 00:35:38.474,1.29619,1.29625
2013.03.14 00:35:41.525,1.29619,1.29626
2013.03.14 00:35:41.594,1.29616,1.29624
2013.03.14 00:35:41.775,1.29615,1.29624
2013.03.14 00:35:42.016,1.29612,1.29621
2013.03.14 00:35:42.085,1.29611,1.29618
2013.03.14 00:35:42.508,1.29611,1.29617
2013.03.14 00:35:43.379,1.29611,1.29615
2013.03.14 00:35:43.514,1.29609,1.29615
2013.03.14 00:35:43.575,1.29609,1.29612
2013.03.14 00:35:43.636,1.29605,1.29611
2013.03.14 00:35:44.179,1.29604,1.29609
2013.03.14 00:35:47.057,1.29604,1.29609
2013.03.14 00:35:47.126,1.29603,1.29608
2013.03.14 00:35:47.185,1.29601,1.29609
2013.03.14 00:35:47.256,1.29601,1.29605
2013.03.14 00:35:47.614,1.29598,1.29604
2013.03.14 00:35:47.918,1.29601,1.29606
2013.03.14 00:35:48.045,1.29601,1.29608
2013.03.14 00:35:48.226,1.29605,1.29611
2013.03.14 00:35:48.584,1.29609,1.29612
2013.03.14 00:35:48.644,1.29608,1.29613
2013.03.14 00:35:48.886,1.29611,1.29617
2013.03.14 00:35:49.067,1.29611,1.29617
2013.03.14 00:35:49.494,1.2961,1.29617
2013.03.14 00:35:50.574,1.29612,1.29617
2013.03.14 00:35:51.657,1.29614,1.29618
2013.03.14 00:35:54.748,1.29615,1.29619
2013.03.14 00:35:54.996,1.29617,1.29624
2013.03.14 00:35:55.126,1.29617,1.29625
2013.03.14 00:35:55.424,1.29621,1.29625
2013.03.14 00:35:56.607,1.2962,1.29625
2013.03.14 00:35:57.095,1.29622,1.29628
2013.03.14 00:35:57.336,1.29621,1.2963
2013.03.14 00:35:57.577,1.29622,1.29629
2013.03.14 00:35:57.646,1.29622,1.29629
2013.03.14 00:35:57.708,1.29622,1.29629
2013.03.14 00:35:57.775,1.29621,1.2963
2013.03.14 00:35:57.836,1.29622,1.29629
2013.03.14 00:35:57.957,1.29623,1.29629
2013.03.14 00:35:58.017,1.29622,1.2963
2013.03.14 00:35:58.087,1.29626,1.29633
2013.03.14 00:35:58.160,1.29624,1.29632
2013.03.14 00:35:58.345,1.29621,1.2963
2013.03.14 00:35:58.646,1.29621,1.29628
2013.03.14 00:35:59.745,1.29621,1.29628
2013.03.14 00:35:59.805,1.29622,1.29628
2013.03.14 00:36:00.616,1.29622,1.29628
2013.03.14 00:36:02.895,1.29623,1.2963
2013.03.14 00:36:05.474,1.29622,1.2963
2013.03.14 00:36:05.535,1.29621,1.29628
2013.03.14 00:36:05.594,1.29619,1.29627
2013.03.14 00:36:05.778,1.29617,1.29626
2013.03.14 00:36:06.084,1.29617,1.29623
2013.03.14 00:36:06.506,1.29614,1.2962
2013.03.14 00:36:06.867,1.29613,1.29619
2013.03.14 00:36:06.935,1.29613,1.29619
2013.03.14 00:36:09.237,1.29611,1.29617
2013.03.14 00:36:09.544,1.29611,1.29616
2013.03.14 00:36:10.768,1.29611,1.29616
2013.03.14 00:36:10.834,1.29613,1.29619
2013.03.14 00:36:11.385,1.29615,1.29621
2013.03.14 00:36:13.065,1.29615,1.29621
2013.03.14 00:36:13.125,1.29615,1.29621
2013.03.14 00:36:13.485,1.29613,1.29618
2013.03.14 00:36:18.005,1.29612,1.29618
2013.03.14 00:36:19.084,1.29613,1.29618
2013.03.14 00:36:20.994,1.29612,1.29618
2013.03.14 00:36:26.324,1.29613,1.29618
2013.03.14 00:36:26.387,1.29614,1.29618
2013.03.14 00:36:26.515,1.29614,1.29621
2013.03.14 00:36:26.576,1.29616,1.29621
2013.03.14 00:36:26.885,1.29619,1.29624
2013.03.14 00:36:26.946,1.2962,1.29626
2013.03.14 00:36:27.065,1.29621,1.29627
2013.03.14 00:36:27.366,1.29621,1.29627
2013.03.14 00:36:29.094,1.29622,1.29628
2013.03.14 00:36:29.458,1.29623,1.29628
2013.03.14 00:36:30.136,1.29623,1.2963
2013.03.14 00:36:30.865,1.29623,1.2963
2013.03.14 00:36:32.115,1.2962,1.29626
2013.03.14 00:36:32.487,1.2962,1.29626
2013.03.14 00:36:32.794,1.29619,1.29624
2013.03.14 00:36:32.854,1.29618,1.29624
2013.03.14 00:36:32.916,1.29618,1.29624
2013.03.14 00:36:33.035,1.29618,1.29624
2013.03.14 00:36:33.219,1.29614,1.29622
2013.03.14 00:36:33.287,1.29613,1.2962
2013.03.14 00:36:33.476,1.29613,1.2962
2013.03.14 00:36:33.656,1.29613,1.2962
2013.03.14 00:36:33.726,1.29615,1.29622
2013.03.14 00:36:34.026,1.29618,1.29626
2013.03.14 00:36:34.084,1.29619,1.29627
2013.03.14 00:36:34.385,1.29621,1.29628
2013.03.14 00:36:34.446,1.29621,1.29628
2013.03.14 00:36:34.515,1.29621,1.29627
2013.03.14 00:36:37.654,1.29621,1.29627
2013.03.14 00:36:37.955,1.29625,1.29628
2013.03.14 00:36:38.196,1.29624,1.2963
2013.03.14 00:36:38.374,1.29625,1.29631
2013.03.14 00:36:38.436,1.29625,1.29631
2013.03.14 00:36:38.675,1.29625,1.29631
2013.03.14 00:36:38.855,1.29625,1.29632
2013.03.14 00:36:38.916,1.29626,1.29632
2013.03.14 00:36:39.464,1.29627,1.29632
2013.03.14 00:36:39.884,1.29627,1.29633
2013.03.14 00:36:41.134,1.29628,1.29634
2013.03.14 00:36:41.635,1.29629,1.29635
2013.03.14 00:36:42.994,1.29629,1.29635
2013.03.14 00:36:43.616,1.29629,1.29636
2013.03.14 00:36:44.165,1.29631,1.29636
2013.03.14 00:36:45.309,1.29634,1.2964
2013.03.14 00:36:46.625,1.29633,1.2964
2013.03.14 00:36:56.156,1.29634,1.29641
2013.03.14 00:36:57.306,1.29634,1.2964
2013.03.14 00:36:58.944,1.29633,1.2964
2013.03.14 00:36:59.154,1.29634,1.2964
2013.03.14 00:36:59.874,1.29634,1.29642
2013.03.14 00:37:00.617,1.29637,1.29642
2013.03.14 00:37:00.856,1.29636,1.29644
2013.03.14 00:37:01.274,1.29637,1.29644
2013.03.14 00:37:02.855,1.29637,1.29645
2013.03.14 00:37:03.395,1.29639,1.29644
2013.03.14 00:37:05.564,1.2964,1.29645
2013.03.14 00:37:06.324,1.2964,1.29647
2013.03.14 00:37:06.385,1.29642,1.29646
2013.03.14 00:37:07.165,1.29641,1.29648
2013.03.14 00:37:07.225,1.29642,1.29649
2013.03.14 00:37:07.285,1.29642,1.29649
2013.03.14 00:37:07.524,1.29642,1.2965
2013.03.14 00:37:08.025,1.29642,1.29651
2013.03.14 00:37:08.855,1.29644,1.29651
2013.03.14 00:37:09.334,1.29645,1.29652
2013.03.14 00:37:09.395,1.29645,1.29653
2013.03.14 00:37:09.635,1.29645,1.29653
2013.03.14 00:37:09.934,1.29646,1.29653
2013.03.14 00:37:10.297,1.29647,1.29653
2013.03.14 00:37:10.365,1.29647,1.29653
2013.03.14 00:37:10.724,1.29647,1.29654
2013.03.14 00:37:10.844,1.29648,1.29655
2013.03.14 00:37:11.715,1.29649,1.29655
2013.03.14 00:37:12.024,1.2965,1.29656
2013.03.14 00:37:12.264,1.29649,1.29658
2013.03.14 00:37:12.863,1.29651,1.29658
2013.03.14 00:37:13.403,1.29651,1.29659
2013.03.14 00:37:13.465,1.29651,1.29659
2013.03.14 00:37:14.483,1.29652,1.29658
2013.03.14 00:37:16.984,1.29652,1.29659
2013.03.14 00:37:17.524,1.29653,1.29659
2013.03.14 00:37:18.593,1.29653,1.29659
2013.03.14 00:37:19.995,1.29653,1.29659
2013.03.14 00:37:20.543,1.29654,1.29659
2013.03.14 00:37:29.524,1.29655,1.2966
2013.03.14 00:37:30.314,1.29656,1.29661
2013.03.14 00:37:31.344,1.29657,1.29661
2013.03.14 00:37:35.303,1.29656,1.29663
2013.03.14 00:37:37.945,1.29657,1.29663
2013.03.14 00:37:39.225,1.29658,1.29663
2013.03.14 00:37:43.934,1.29659,1.29664
2013.03.14 00:37:46.387,1.2966,1.29665
2013.03.14 00:37:46.457,1.29663,1.29669
2013.03.14 00:37:47.014,1.29665,1.2967
2013.03.14 00:37:47.514,1.29665,1.29668
2013.03.14 00:37:49.844,1.29664,1.29669
2013.03.14 00:37:51.125,1.29662,1.29667
2013.03.14 00:37:51.367,1.29662,1.29665
2013.03.14 00:37:51.495,1.29662,1.29665
2013.03.14 00:37:51.555,1.29656,1.29664
2013.03.14 00:37:51.616,1.29656,1.29663
2013.03.14 00:37:51.935,1.29658,1.29664
2013.03.14 00:37:52.236,1.29659,1.29667
2013.03.14 00:37:52.304,1.2966,1.29667
2013.03.14 00:37:52.844,1.2966,1.29667
2013.03.14 00:37:54.369,1.2966,1.29667
2013.03.14 00:37:55.124,1.2966,1.29667
2013.03.14 00:37:58.034,1.29663,1.29669
2013.03.14 00:37:58.154,1.29663,1.29669
2013.03.14 00:37:58.595,1.29663,1.29669
2013.03.14 00:38:01.874,1.29662,1.29667
2013.03.14 00:38:02.735,1.29662,1.29667
2013.03.14 00:38:03.094,1.2966,1.29665
2013.03.14 00:38:04.793,1.29658,1.29665
2013.03.14 00:38:05.096,1.29656,1.29662
2013.03.14 00:38:05.395,1.29655,1.2966
2013.03.14 00:38:05.515,1.29652,1.2966
2013.03.14 00:38:05.876,1.29653,1.29658
2013.03.14 00:38:06.925,1.29652,1.29658
2013.03.14 00:38:08.574,1.29654,1.29659
2013.03.14 00:38:09.113,1.29655,1.29661
2013.03.14 00:38:17.064,1.29657,1.29663
2013.03.14 00:38:17.186,1.29658,1.29664
2013.03.14 00:38:17.367,1.2966,1.29668
2013.03.14 00:38:17.914,1.29662,1.29668
2013.03.14 00:38:18.275,1.29665,1.29671
2013.03.14 00:38:18.576,1.29665,1.29672
2013.03.14 00:38:18.648,1.29666,1.29672
2013.03.14 00:38:18.716,1.29665,1.29673
2013.03.14 00:38:20.494,1.29666,1.29673
2013.03.14 00:38:21.345,1.29666,1.29674
2013.03.14 00:38:21.903,1.29667,1.29674
2013.03.14 00:38:22.508,1.29668,1.29674
2013.03.14 00:38:23.055,1.29669,1.29675
2013.03.14 00:38:23.815,1.2967,1.29676
2013.03.14 00:38:25.724,1.29671,1.29676
2013.03.14 00:38:26.564,1.29674,1.2968
2013.03.14 00:38:27.605,1.29674,1.2968
2013.03.14 00:38:28.096,1.2967,1.29678
2013.03.14 00:38:28.874,1.2967,1.29676
2013.03.14 00:38:29.954,1.2967,1.29675
2013.03.14 00:38:30.254,1.29667,1.29675
2013.03.14 00:38:30.555,1.29667,1.29672
2013.03.14 00:38:31.647,1.29665,1.29671
2013.03.14 00:38:34.915,1.29664,1.29671
2013.03.14 00:38:35.454,1.29665,1.29672
2013.03.14 00:38:35.754,1.29667,1.29672
2013.03.14 00:38:35.874,1.29667,1.29674
2013.03.14 00:38:36.433,1.29668,1.29675
2013.03.14 00:38:36.804,1.29669,1.29676
2013.03.14 00:38:39.804,1.29672,1.29677
2013.03.14 00:38:39.865,1.29673,1.29677
2013.03.14 00:38:39.925,1.29673,1.29678
2013.03.14 00:38:42.114,1.29672,1.29678
2013.03.14 00:38:44.144,1.29671,1.29678
2013.03.14 00:38:45.314,1.29671,1.29678
2013.03.14 00:38:46.744,1.29672,1.29678
2013.03.14 00:38:48.794,1.29672,1.29678
2013.03.14 00:39:02.463,1.29671,1.29676
2013.03.14 00:39:04.497,1.2967,1.29676
2013.03.14 00:39:06.004,1.2967,1.29676
2013.03.14 00:39:08.164,1.29669,1.29676
2013.03.14 00:39:08.725,1.2967,1.29676
2013.03.14 00:39:09.445,1.2967,1.29676
2013.03.14 00:39:10.005,1.29671,1.29677
2013.03.14 00:39:10.184,1.29671,1.29677
2013.03.14 00:39:10.505,1.2967,1.29677
2013.03.14 00:39:11.076,1.2967,1.29676
2013.03.14 00:39:13.714,1.29669,1.29675
2013.03.14 00:39:17.145,1.29668,1.29673
2013.03.14 00:39:17.506,1.29666,1.29671
2013.03.14 00:39:17.984,1.29662,1.2967
2013.03.14 00:39:18.163,1.29662,1.29669
2013.03.14 00:39:18.524,1.29662,1.29669
2013.03.14 00:39:22.514,1.29662,1.29668
2013.03.14 00:39:23.054,1.2966,1.29668
2013.03.14 00:39:23.934,1.29661,1.29666
2013.03.14 00:39:24.594,1.29659,1.29664
2013.03.14 00:39:25.853,1.29659,1.29664
2013.03.14 00:39:26.695,1.2966,1.29665
2013.03.14 00:39:26.755,1.29658,1.29663
2013.03.14 00:39:27.174,1.29655,1.29661
2013.03.14 00:39:27.475,1.29652,1.29657
2013.03.14 00:39:27.715,1.29651,1.29657
2013.03.14 00:39:27.833,1.29651,1.29657
2013.03.14 00:39:29.152,1.29647,1.29654
2013.03.14 00:39:29.345,1.29647,1.29652
2013.03.14 00:39:32.894,1.29647,1.29652
2013.03.14 00:39:33.735,1.29647,1.29652
2013.03.14 00:39:35.444,1.29647,1.29652
2013.03.14 00:39:35.984,1.29647,1.29653
2013.03.14 00:39:38.004,1.29647,1.29653
2013.03.14 00:39:40.394,1.29647,1.29653
2013.03.14 00:39:43.344,1.2965,1.29655
2013.03.14 00:39:43.918,1.29652,1.29656
2013.03.14 00:39:43.997,1.2965,1.29658
2013.03.14 00:39:44.124,1.2965,1.2966
2013.03.14 00:39:44.185,1.29651,1.29659
2013.03.14 00:39:44.544,1.29652,1.29659
2013.03.14 00:39:45.084,1.29652,1.29659
2013.03.14 00:39:45.205,1.29653,1.29658
2013.03.14 00:39:45.874,1.29654,1.29658
2013.03.14 00:39:46.426,1.29655,1.29658
2013.03.14 00:39:51.424,1.29654,1.2966
2013.03.14 00:39:52.575,1.29654,1.29661
2013.03.14 00:39:54.734,1.29655,1.29662
2013.03.14 00:39:57.834,1.29656,1.29663
2013.03.14 00:39:58.384,1.29657,1.29663
2013.03.14 00:40:03.735,1.29657,1.29664
2013.03.14 00:40:08.454,1.29658,1.29665
2013.03.14 00:40:11.894,1.29662,1.29668
2013.03.14 00:40:13.110,1.29661,1.29668
2013.03.14 00:40:13.933,1.29661,1.29668
2013.03.14 00:40:14.534,1.29661,1.29668
2013.03.14 00:40:20.834,1.29661,1.29667
2013.03.14 00:40:21.444,1.2966,1.29667
2013.03.14 00:40:21.995,1.2966,1.29666
2013.03.14 00:40:22.535,1.2966,1.29667
2013.03.14 00:40:28.064,1.2966,1.29665
2013.03.14 00:40:28.185,1.29659,1.29665
2013.03.14 00:40:28.305,1.29658,1.29663
2013.03.14 00:40:28.366,1.29657,1.29663
2013.03.14 00:40:28.424,1.29657,1.29663
2013.03.14 00:40:28.665,1.29656,1.29663
2013.03.14 00:40:28.725,1.29656,1.29662
2013.03.14 00:40:29.084,1.29655,1.29662
2013.03.14 00:40:29.506,1.29655,1.29662
2013.03.14 00:40:30.635,1.29655,1.29662
2013.03.14 00:40:35.114,1.29655,1.29661
2013.03.14 00:40:35.294,1.29654,1.29661
2013.03.14 00:40:35.594,1.29655,1.29659
2013.03.14 00:40:36.144,1.29653,1.29659
2013.03.14 00:40:36.567,1.29653,1.29658
2013.03.14 00:40:36.694,1.29652,1.29658
2013.03.14 00:40:37.585,1.29652,1.29657
2013.03.14 00:40:38.144,1.29651,1.29656
2013.03.14 00:40:41.105,1.2965,1.29656
2013.03.14 00:40:41.175,1.2965,1.29655
2013.03.14 00:40:41.546,1.2965,1.29654
2013.03.14 00:40:41.846,1.2965,1.29654
2013.03.14 00:40:42.404,1.29649,1.29655
2013.03.14 00:40:43.014,1.29649,1.29655
2013.03.14 00:40:43.564,1.29649,1.29655
2013.03.14 00:40:44.959,1.29649,1.29655
2013.03.14 00:40:45.514,1.29649,1.29654
2013.03.14 00:40:46.574,1.29647,1.29654
2013.03.14 00:40:47.082,1.29647,1.29653
2013.03.14 00:40:47.927,1.29646,1.29653
2013.03.14 00:40:48.515,1.29646,1.29652
2013.03.14 00:40:49.235,1.29645,1.29652
2013.03.14 00:40:49.534,1.29645,1.29652
2013.03.14 00:40:49.904,1.29645,1.29652
2013.03.14 00:40:51.404,1.29645,1.29651
2013.03.14 00:40:51.913,1.29644,1.29651
2013.03.14 00:40:55.894,1.29644,1.29651
2013.03.14 00:40:59.655,1.29644,1.2965
2013.03.14 00:41:00.164,1.29643,1.2965
2013.03.14 00:41:00.744,1.29642,1.29649
2013.03.14 00:41:03.075,1.29641,1.29648
2013.03.14 00:41:03.975,1.29641,1.29648
2013.03.14 00:41:05.065,1.29641,1.29647
2013.03.14 00:41:08.585,1.29641,1.29647
2013.03.14 00:41:09.005,1.2964,1.29647
2013.03.14 00:41:09.679,1.2964,1.29646
2013.03.14 00:41:10.866,1.29639,1.29646
2013.03.14 00:41:11.046,1.29638,1.29645
2013.03.14 00:41:11.236,1.29637,1.29644
2013.03.14 00:41:11.545,1.29638,1.29645
2013.03.14 00:41:11.794,1.2964,1.29646
2013.03.14 00:41:12.154,1.2964,1.29646
2013.03.14 00:41:12.695,1.29643,1.29648
2013.03.14 00:41:16.785,1.29643,1.29649
2013.03.14 00:41:17.684,1.29644,1.29651
2013.03.14 00:41:17.759,1.29645,1.29652
2013.03.14 00:41:17.825,1.29645,1.29653
2013.03.14 00:41:18.366,1.29646,1.29653
2013.03.14 00:41:18.884,1.29647,1.29653
2013.03.14 00:41:19.406,1.29648,1.29654
2013.03.14 00:41:20.556,1.29649,1.29655
2013.03.14 00:41:20.676,1.29653,1.29658
2013.03.14 00:41:21.225,1.29652,1.2966
2013.03.14 00:41:22.120,1.29653,1.2966
2013.03.14 00:41:22.544,1.29652,1.29659
2013.03.14 00:41:22.725,1.2965,1.29658
2013.03.14 00:41:22.966,1.29649,1.29657
2013.03.14 00:41:24.667,1.29648,1.29655
2013.03.14 00:41:24.735,1.29647,1.29652
2013.03.14 00:41:24.855,1.29644,1.29651
2013.03.14 00:41:24.917,1.29643,1.29648
2013.03.14 00:41:25.286,1.29641,1.29648
2013.03.14 00:41:25.346,1.29641,1.29648
2013.03.14 00:41:25.895,1.29642,1.29648
2013.03.14 00:41:26.986,1.29641,1.29648
2013.03.14 00:41:28.214,1.29641,1.29647
2013.03.14 00:41:30.325,1.29643,1.29648
2013.03.14 00:41:31.711,1.29643,1.29648
2013.03.14 00:41:32.145,1.29642,1.29648
2013.03.14 00:41:32.204,1.29643,1.29648
2013.03.14 00:41:32.325,1.29643,1.29648
2013.03.14 00:41:32.865,1.2964,1.29646
2013.03.14 00:41:33.404,1.2964,1.29644
2013.03.14 00:41:33.986,1.29641,1.29644
2013.03.14 00:41:36.574,1.29639,1.29646
2013.03.14 00:41:37.058,1.2964,1.29647
2013.03.14 00:41:37.604,1.2964,1.29648
2013.03.14 00:41:40.303,1.29642,1.29648
2013.03.14 00:41:41.244,1.29641,1.29648
2013.03.14 00:41:42.555,1.29641,1.29647
2013.03.14 00:41:50.909,1.29641,1.29648
2013.03.14 00:41:51.414,1.29641,1.29647
2013.03.14 00:41:54.194,1.29642,1.29647
2013.03.14 00:41:55.315,1.29641,1.29647
2013.03.14 00:41:55.616,1.29639,1.29645
2013.03.14 00:41:55.975,1.29635,1.29644
2013.03.14 00:42:00.574,1.29638,1.29645
2013.03.14 00:42:01.077,1.29637,1.29644
2013.03.14 00:42:02.295,1.29637,1.29645
2013.03.14 00:42:02.424,1.29637,1.29645
2013.03.14 00:42:02.604,1.29641,1.29646
2013.03.14 00:42:02.845,1.29643,1.29649
2013.03.14 00:42:03.144,1.29643,1.29651
2013.03.14 00:42:03.205,1.29643,1.2965
2013.03.14 00:42:08.845,1.29643,1.29651
2013.03.14 00:42:11.965,1.29643,1.29651
2013.03.14 00:42:12.328,1.29643,1.2965
2013.03.14 00:42:12.455,1.29643,1.29649
2013.03.14 00:42:12.816,1.29643,1.2965
2013.03.14 00:42:13.055,1.29643,1.2965
2013.03.14 00:42:16.875,1.29642,1.29649
2013.03.14 00:42:17.356,1.29642,1.29647
2013.03.14 00:42:17.417,1.29642,1.29647
2013.03.14 00:42:17.895,1.29642,1.29647
2013.03.14 00:42:18.435,1.29642,1.29648
2013.03.14 00:42:21.855,1.29642,1.29649
2013.03.14 00:42:22.214,1.29643,1.29648
2013.03.14 00:42:24.785,1.29643,1.29651
2013.03.14 00:42:24.964,1.29643,1.2965
2013.03.14 00:42:35.325,1.29642,1.29648
2013.03.14 00:42:35.385,1.29642,1.29648
2013.03.14 00:42:35.924,1.29642,1.2965
2013.03.14 00:42:36.514,1.29644,1.2965
2013.03.14 00:42:37.355,1.29645,1.29651
2013.03.14 00:42:37.914,1.29645,1.29651
2013.03.14 00:42:40.214,1.29645,1.29651
2013.03.14 00:42:40.398,1.29645,1.29651
2013.03.14 00:42:40.944,1.29644,1.29651
2013.03.14 00:42:41.366,1.29646,1.29651
2013.03.14 00:42:41.436,1.29646,1.29652
2013.03.14 00:42:41.854,1.29646,1.29653
2013.03.14 00:42:42.214,1.29646,1.29653
2013.03.14 00:42:42.337,1.29648,1.29652
2013.03.14 00:42:42.467,1.29647,1.29654
2013.03.14 00:42:43.415,1.29648,1.29655
2013.03.14 00:42:43.478,1.29648,1.29656
2013.03.14 00:42:43.668,1.29649,1.29657
2013.03.14 00:42:43.915,1.2965,1.29657
2013.03.14 00:42:44.455,1.29651,1.29658
2013.03.14 00:42:44.956,1.29651,1.29659
2013.03.14 00:42:45.266,1.29652,1.29659
2013.03.14 00:42:45.804,1.29652,1.2966
2013.03.14 00:42:48.295,1.29653,1.2966
2013.03.14 00:42:48.834,1.29654,1.2966
2013.03.14 00:42:48.955,1.29655,1.29661
2013.03.14 00:42:49.135,1.29655,1.29662
2013.03.14 00:42:49.435,1.29656,1.29663
2013.03.14 00:42:49.975,1.29656,1.29663
2013.03.14 00:42:51.624,1.29657,1.29663
2013.03.14 00:42:52.044,1.29657,1.29663
2013.03.14 00:42:52.225,1.29657,1.29664
2013.03.14 00:42:52.545,1.29659,1.29663
2013.03.14 00:42:52.850,1.29659,1.29663
2013.03.14 00:42:53.752,1.29656,1.29667
2013.03.14 00:42:53.955,1.29659,1.29665
2013.03.14 00:42:54.315,1.29658,1.29666
2013.03.14 00:42:54.494,1.29659,1.29665
2013.03.14 00:42:54.555,1.29658,1.29667
2013.03.14 00:42:54.915,1.29659,1.29667
2013.03.14 00:42:55.275,1.2966,1.29667
2013.03.14 00:42:55.467,1.2966,1.29668
2013.03.14 00:42:59.274,1.29662,1.29667
2013.03.14 00:42:59.575,1.29662,1.29668
2013.03.14 00:42:59.634,1.29663,1.29669
2013.03.14 00:42:59.754,1.29663,1.29669
2013.03.14 00:43:00.114,1.29663,1.29669
2013.03.14 00:43:01.265,1.29664,1.29669
2013.03.14 00:43:01.634,1.29665,1.29669
2013.03.14 00:43:01.754,1.29664,1.29671
2013.03.14 00:43:02.374,1.29665,1.29672
2013.03.14 00:43:02.914,1.29666,1.29672
2013.03.14 00:43:03.095,1.29666,1.29673
2013.03.14 00:43:03.154,1.29667,1.29673
2013.03.14 00:43:09.985,1.29667,1.29674
2013.03.14 00:43:15.354,1.29668,1.29675
2013.03.14 00:43:21.958,1.29669,1.29676
2013.03.14 00:43:26.196,1.29669,1.29676
2013.03.14 00:43:26.615,1.2967,1.29676
2013.03.14 00:43:26.734,1.29668,1.29679
2013.03.14 00:43:27.035,1.2967,1.29678
2013.03.14 00:43:27.396,1.29671,1.29678
2013.03.14 00:43:27.944,1.29672,1.29679
2013.03.14 00:43:29.394,1.29673,1.2968
2013.03.14 00:43:29.694,1.29673,1.29681
2013.03.14 00:43:30.054,1.29674,1.29681
2013.03.14 00:43:30.575,1.29675,1.29682
2013.03.14 00:43:31.694,1.29676,1.29682
2013.03.14 00:43:32.244,1.29676,1.29683
2013.03.14 00:43:34.324,1.29677,1.29683
2013.03.14 00:43:47.054,1.29678,1.29683
2013.03.14 00:43:48.415,1.29678,1.29685
2013.03.14 00:43:48.955,1.29679,1.29685
2013.03.14 00:43:49.315,1.29679,1.29687
2013.03.14 00:43:49.676,1.29678,1.29689
2013.03.14 00:43:49.745,1.29681,1.29687
2013.03.14 00:43:49.866,1.29683,1.29686
2013.03.14 00:43:50.108,1.29682,1.29687
2013.03.14 00:43:50.177,1.29682,1.29689
2013.03.14 00:43:50.489,1.29684,1.29689
2013.03.14 00:43:50.795,1.29684,1.2969
2013.03.14 00:43:50.855,1.29685,1.2969
2013.03.14 00:43:51.275,1.29685,1.29692
2013.03.14 00:43:51.514,1.29685,1.29693
2013.03.14 00:43:51.816,1.29686,1.29693
2013.03.14 00:43:51.944,1.29687,1.29693
2013.03.14 00:43:52.639,1.29691,1.29695
2013.03.14 00:43:53.736,1.2969,1.29695
2013.03.14 00:43:53.855,1.29686,1.29692
2013.03.14 00:43:54.037,1.29685,1.2969
2013.03.14 00:43:54.166,1.29685,1.29688
2013.03.14 00:43:54.358,1.2968,1.29688
2013.03.14 00:43:54.425,1.2968,1.29687
2013.03.14 00:43:54.667,1.29677,1.29684
2013.03.14 00:43:54.846,1.29677,1.29682
2013.03.14 00:43:55.385,1.29676,1.29682
2013.03.14 00:43:56.665,1.29676,1.29682
2013.03.14 00:43:59.255,1.29676,1.29683
2013.03.14 00:44:01.386,1.29676,1.29683
2013.03.14 00:44:01.690,1.29673,1.29679
2013.03.14 00:44:01.759,1.29674,1.2968
2013.03.14 00:44:01.885,1.29675,1.29681
2013.03.14 00:44:02.125,1.29677,1.29683
2013.03.14 00:44:03.955,1.29678,1.29685
2013.03.14 00:44:04.754,1.29678,1.29683
2013.03.14 00:44:06.589,1.29678,1.29686
2013.03.14 00:44:07.436,1.29679,1.29686
2013.03.14 00:44:08.724,1.2968,1.29686
2013.03.14 00:44:09.385,1.29681,1.29686
2013.03.14 00:44:10.114,1.2968,1.29686
2013.03.14 00:44:16.494,1.29681,1.29687
2013.03.14 00:44:17.036,1.29681,1.29687
2013.03.14 00:44:19.347,1.29681,1.29687
2013.03.14 00:44:19.877,1.29683,1.29687
2013.03.14 00:44:20.665,1.29683,1.29689
2013.03.14 00:44:20.726,1.29685,1.29689
2013.03.14 00:44:21.087,1.29685,1.2969
2013.03.14 00:44:21.634,1.29683,1.29693
2013.03.14 00:44:21.816,1.29686,1.29691
2013.03.14 00:44:21.936,1.29686,1.29692
2013.03.14 00:44:22.294,1.29685,1.29693
2013.03.14 00:44:23.364,1.29686,1.29693
2013.03.14 00:44:24.897,1.29689,1.29692
2013.03.14 00:44:25.205,1.29689,1.29693
2013.03.14 00:44:25.265,1.2969,1.29692
2013.03.14 00:44:25.446,1.29689,1.29695
2013.03.14 00:44:25.505,1.29689,1.29697
2013.03.14 00:44:26.036,1.2969,1.29698
2013.03.14 00:44:27.938,1.2969,1.29699
2013.03.14 00:44:28.244,1.29692,1.29698
2013.03.14 00:44:28.546,1.29695,1.297
2013.03.14 00:44:28.668,1.29692,1.297
2013.03.14 00:44:28.976,1.29691,1.29699
2013.03.14 00:44:29.704,1.29691,1.29698
2013.03.14 00:44:30.616,1.2969,1.29697
2013.03.14 00:44:31.564,1.29687,1.29694
2013.03.14 00:44:32.626,1.29687,1.29694
2013.03.14 00:44:32.805,1.29687,1.29693
2013.03.14 00:44:32.865,1.29686,1.29693
2013.03.14 00:44:33.046,1.29685,1.29691
2013.03.14 00:44:33.108,1.29683,1.29689
2013.03.14 00:44:33.474,1.29683,1.29688
2013.03.14 00:44:39.965,1.29683,1.29688
2013.03.14 00:44:44.074,1.29683,1.29689
2013.03.14 00:44:45.716,1.29681,1.29689
2013.03.14 00:44:45.964,1.29681,1.29689
2013.03.14 00:44:46.024,1.29683,1.29689
2013.03.14 00:44:53.774,1.29684,1.29689
2013.03.14 00:44:55.284,1.29684,1.29689
2013.03.14 00:44:55.706,1.29684,1.29689
2013.03.14 00:44:57.807,1.29684,1.29689
2013.03.14 00:45:00.444,1.29684,1.29689
2013.03.14 00:45:01.414,1.29684,1.29688
2013.03.14 00:45:01.654,1.29684,1.29689
2013.03.14 00:45:02.074,1.29683,1.29687
2013.03.14 00:45:02.894,1.29683,1.29687
2013.03.14 00:45:03.425,1.29683,1.29688
2013.03.14 00:45:07.655,1.29683,1.2969
2013.03.14 00:45:07.835,1.29683,1.29689
2013.03.14 00:45:08.375,1.29683,1.29689
2013.03.14 00:45:08.556,1.29683,1.29689
2013.03.14 00:45:08.856,1.29681,1.2969
2013.03.14 00:45:08.916,1.29682,1.29688
2013.03.14 00:45:09.035,1.29681,1.29689
2013.03.14 00:45:09.334,1.29681,1.29688
2013.03.14 00:45:09.394,1.29681,1.29687
2013.03.14 00:45:09.756,1.29681,1.29686
2013.03.14 00:45:10.326,1.2968,1.29686
2013.03.14 00:45:10.834,1.29679,1.29685
2013.03.14 00:45:11.375,1.29678,1.29685
2013.03.14 00:45:11.620,1.29678,1.29684
2013.03.14 00:45:11.687,1.29678,1.29682
2013.03.14 00:45:11.995,1.29677,1.29682
2013.03.14 00:45:12.116,1.29675,1.29682
2013.03.14 00:45:12.663,1.29674,1.29682
2013.03.14 00:45:16.614,1.29675,1.29681
2013.03.14 00:45:18.505,1.29675,1.29681
2013.03.14 00:45:18.686,1.29675,1.29679
2013.03.14 00:45:19.362,1.29673,1.29679
2013.03.14 00:45:20.325,1.29672,1.29678
2013.03.14 00:45:20.885,1.29672,1.29677
2013.03.14 00:45:21.245,1.29672,1.29676
2013.03.14 00:45:21.546,1.29671,1.29676
2013.03.14 00:45:21.615,1.2967,1.29675
2013.03.14 00:45:21.735,1.29669,1.29675
2013.03.14 00:45:25.124,1.29668,1.29675
2013.03.14 00:45:28.154,1.29667,1.29675
2013.03.14 00:45:32.975,1.29667,1.29674
2013.03.14 00:45:42.035,1.29667,1.29672
2013.03.14 00:45:42.274,1.29666,1.29672
2013.03.14 00:45:45.345,1.29664,1.29672
2013.03.14 00:45:45.407,1.29663,1.29672
2013.03.14 00:45:45.537,1.29661,1.29668
2013.03.14 00:45:53.564,1.29659,1.29665
2013.03.14 00:45:54.321,1.29659,1.29665
2013.03.14 00:45:57.658,1.29659,1.29665
2013.03.14 00:45:57.917,1.29659,1.29665
2013.03.14 00:45:59.495,1.29656,1.29665
2013.03.14 00:46:11.445,1.29656,1.29664
2013.03.14 00:46:14.096,1.29656,1.29662
2013.03.14 00:46:14.456,1.29653,1.2966
2013.03.14 00:46:14.814,1.29651,1.29659
2013.03.14 00:46:15.354,1.29652,1.29659
2013.03.14 00:46:21.855,1.29652,1.29659
2013.03.14 00:46:22.214,1.29652,1.29658
2013.03.14 00:46:25.188,1.29652,1.29658
2013.03.14 00:46:25.697,1.29652,1.29658
2013.03.14 00:46:25.945,1.2965,1.29655
2013.03.14 00:46:26.065,1.2965,1.29657
2013.03.14 00:46:26.605,1.2965,1.29657
2013.03.14 00:46:26.847,1.29652,1.29659
2013.03.14 00:46:26.966,1.29652,1.29658
2013.03.14 00:46:27.205,1.29653,1.29661
2013.03.14 00:46:27.384,1.29653,1.2966
2013.03.14 00:46:27.935,1.29653,1.2966
2013.03.14 00:46:29.174,1.29653,1.29661
2013.03.14 00:46:33.615,1.29653,1.29659
2013.03.14 00:46:33.975,1.29652,1.29661
2013.03.14 00:46:34.276,1.29657,1.29663
2013.03.14 00:46:34.395,1.29657,1.29665
2013.03.14 00:46:37.255,1.29657,1.29665
2013.03.14 00:46:43.135,1.29659,1.29665
2013.03.14 00:46:43.199,1.29658,1.29664
2013.03.14 00:46:43.504,1.29656,1.29664
2013.03.14 00:46:43.984,1.29656,1.29664
2013.03.14 00:46:46.840,1.29656,1.29664
2013.03.14 00:46:47.426,1.29656,1.29662
2013.03.14 00:46:49.535,1.29656,1.29662
2013.03.14 00:46:51.685,1.29656,1.29662
2013.03.14 00:46:51.806,1.29657,1.29664
2013.03.14 00:46:52.587,1.29657,1.29665
2013.03.14 00:46:52.671,1.29658,1.29665
2013.03.14 00:46:53.515,1.29658,1.29667
2013.03.14 00:46:53.695,1.29659,1.29667
2013.03.14 00:46:53.755,1.29659,1.29668
2013.03.14 00:46:54.159,1.29661,1.29668
2013.03.14 00:46:54.667,1.29662,1.29669
2013.03.14 00:46:57.755,1.29663,1.29669
2013.03.14 00:46:58.314,1.29666,1.29672
2013.03.14 00:46:58.854,1.29665,1.29671
2013.03.14 00:46:59.275,1.29663,1.2967
2013.03.14 00:46:59.695,1.29663,1.2967
2013.03.14 00:47:01.706,1.29663,1.2967
2013.03.14 00:47:01.832,1.29665,1.29671
2013.03.14 00:47:01.956,1.29665,1.29673
2013.03.14 00:47:02.016,1.29665,1.29672
2013.03.14 00:47:02.256,1.29667,1.29674
2013.03.14 00:47:02.554,1.29666,1.29674
2013.03.14 00:47:02.856,1.29664,1.29672
2013.03.14 00:47:03.177,1.29664,1.29671
2013.03.14 00:47:03.237,1.29664,1.2967
2013.03.14 00:47:04.175,1.29664,1.29671
2013.03.14 00:47:05.060,1.29663,1.29671
2013.03.14 00:47:08.384,1.29664,1.29669
2013.03.14 00:47:08.885,1.29663,1.29669
2013.03.14 00:47:11.866,1.29663,1.29668
2013.03.14 00:47:12.045,1.29661,1.29668
2013.03.14 00:47:12.598,1.29661,1.29667
2013.03.14 00:47:16.245,1.29661,1.29667
2013.03.14 00:47:19.995,1.29662,1.29668
2013.03.14 00:47:21.635,1.29662,1.29669
2013.03.14 00:47:22.956,1.29662,1.29668
2013.03.14 00:47:23.505,1.29661,1.29667
2013.03.14 00:47:28.237,1.29661,1.29667
2013.03.14 00:47:32.356,1.29661,1.29667
2013.03.14 00:47:32.902,1.29661,1.29667
2013.03.14 00:47:34.355,1.29662,1.29668
2013.03.14 00:47:35.107,1.29662,1.29668
2013.03.14 00:47:39.566,1.29663,1.29669
2013.03.14 00:47:41.586,1.29662,1.29668
2013.03.14 00:47:41.765,1.29659,1.29668
2013.03.14 00:47:42.065,1.29659,1.29666
2013.03.14 00:47:42.245,1.2966,1.29667
2013.03.14 00:47:42.559,1.2966,1.29668
2013.03.14 00:47:44.556,1.2966,1.29668
2013.03.14 00:47:45.095,1.29662,1.2967
2013.03.14 00:47:47.646,1.29662,1.29669
2013.03.14 00:47:51.765,1.29663,1.29669
2013.03.14 00:47:52.125,1.29664,1.29672
2013.03.14 00:48:00.795,1.29664,1.29671
2013.03.14 00:48:02.357,1.29665,1.29669
2013.03.14 00:48:02.486,1.29665,1.29668
2013.03.14 00:48:02.556,1.29662,1.29669
2013.03.14 00:48:02.616,1.29661,1.29668
2013.03.14 00:48:02.855,1.29657,1.29665
2013.03.14 00:48:03.394,1.29659,1.29666
2013.03.14 00:48:05.584,1.29658,1.29664
2013.03.14 00:48:05.765,1.29657,1.29663
2013.03.14 00:48:06.905,1.29657,1.29665
2013.03.14 00:48:09.066,1.29657,1.29663
2013.03.14 00:48:12.844,1.29657,1.29663
2013.03.14 00:48:14.015,1.29657,1.29662
2013.03.14 00:48:14.895,1.29657,1.29661
2013.03.14 00:48:14.957,1.29655,1.29661
2013.03.14 00:48:15.138,1.29653,1.29661
2013.03.14 00:48:15.686,1.29653,1.29659
2013.03.14 00:48:16.206,1.29652,1.29658
2013.03.14 00:48:16.785,1.29652,1.29658
2013.03.14 00:48:20.657,1.29651,1.29656
2013.03.14 00:48:21.875,1.29651,1.29656
2013.03.14 00:48:22.205,1.29651,1.29656
2013.03.14 00:48:22.735,1.29651,1.29656
2013.03.14 00:48:26.227,1.29651,1.29656
2013.03.14 00:48:26.345,1.29651,1.29656
2013.03.14 00:48:26.525,1.29651,1.29655
2013.03.14 00:48:32.967,1.29648,1.29654
2013.03.14 00:48:33.088,1.29648,1.29653
2013.03.14 00:48:33.160,1.29648,1.29654
2013.03.14 00:48:33.287,1.29646,1.29653
2013.03.14 00:48:33.465,1.29644,1.29651
2013.03.14 00:48:33.825,1.29644,1.2965
2013.03.14 00:48:34.124,1.29645,1.2965
2013.03.14 00:48:34.626,1.29646,1.29652
2013.03.14 00:48:35.197,1.29647,1.29654
2013.03.14 00:48:36.394,1.29647,1.29655
2013.03.14 00:48:36.935,1.29649,1.29656
2013.03.14 00:48:37.734,1.29649,1.29656
2013.03.14 00:48:40.105,1.29648,1.29654
2013.03.14 00:48:41.786,1.29647,1.29654
2013.03.14 00:48:42.904,1.29647,1.29654
2013.03.14 00:48:43.845,1.29647,1.29653
2013.03.14 00:48:45.915,1.29647,1.29654
2013.03.14 00:48:58.235,1.29647,1.29654
2013.03.14 00:49:04.154,1.29647,1.29654
2013.03.14 00:49:06.525,1.29647,1.29654
2013.03.14 00:49:07.066,1.29648,1.29655
2013.03.14 00:49:07.126,1.29649,1.29656
2013.03.14 00:49:07.186,1.2965,1.29656
2013.03.14 00:49:07.427,1.29651,1.29656
2013.03.14 00:49:07.496,1.29651,1.29657
2013.03.14 00:49:07.736,1.29651,1.29658
2013.03.14 00:49:07.855,1.29651,1.29659
2013.03.14 00:49:09.089,1.29652,1.29658
2013.03.14 00:49:09.395,1.29652,1.29659
2013.03.14 00:49:09.935,1.29653,1.29658
2013.03.14 00:49:10.235,1.29653,1.29659
2013.03.14 00:49:17.946,1.29656,1.29663
2013.03.14 00:49:18.125,1.29654,1.29662
2013.03.14 00:49:18.425,1.29652,1.29659
2013.03.14 00:49:18.546,1.29651,1.29658
2013.03.14 00:49:20.056,1.29651,1.29656
2013.03.14 00:49:24.255,1.29651,1.29658
2013.03.14 00:49:27.056,1.29651,1.29658
2013.03.14 00:49:28.075,1.29652,1.29657
2013.03.14 00:49:28.624,1.29653,1.29659
2013.03.14 00:49:33.005,1.29653,1.29659
2013.03.14 00:49:35.805,1.29652,1.29658
2013.03.14 00:49:37.524,1.29654,1.29658
2013.03.14 00:49:42.151,1.29654,1.2966
2013.03.14 00:49:42.217,1.29656,1.29664
2013.03.14 00:49:42.276,1.29657,1.29664
2013.03.14 00:49:42.516,1.2966,1.29665
2013.03.14 00:49:42.696,1.2966,1.29669
2013.03.14 00:49:43.235,1.29661,1.29667
2013.03.14 00:49:44.060,1.29661,1.29667
2013.03.14 00:49:44.375,1.29658,1.29664
2013.03.14 00:49:44.914,1.29658,1.29665
2013.03.14 00:49:46.465,1.29659,1.29665
2013.03.14 00:49:55.185,1.29658,1.29664
2013.03.14 00:49:56.886,1.29658,1.29663
2013.03.14 00:49:57.605,1.29657,1.29662
2013.03.14 00:50:01.735,1.29656,1.29661
2013.03.14 00:50:02.245,1.29655,1.29662
2013.03.14 00:50:03.546,1.29657,1.29665
2013.03.14 00:50:04.095,1.29657,1.29664
2013.03.14 00:50:09.266,1.29657,1.29662
2013.03.14 00:50:17.425,1.29657,1.29662
2013.03.14 00:50:20.475,1.29656,1.29662
2013.03.14 00:50:22.421,1.29655,1.29661
2013.03.14 00:50:22.725,1.29655,1.29661
2013.03.14 00:50:23.109,1.29655,1.29661
2013.03.14 00:50:23.245,1.29654,1.29661
2013.03.14 00:50:23.754,1.29653,1.29661
2013.03.14 00:50:24.845,1.2965,1.29657
2013.03.14 00:50:25.855,1.2965,1.29657
2013.03.14 00:50:31.706,1.2965,1.29657
2013.03.14 00:50:50.245,1.2965,1.29657
2013.03.14 00:50:50.775,1.29651,1.29657
2013.03.14 00:50:51.312,1.29651,1.29657
2013.03.14 00:51:01.105,1.29651,1.29658
2013.03.14 00:51:01.707,1.29651,1.29658
2013.03.14 00:51:02.256,1.29653,1.29659
2013.03.14 00:51:05.145,1.29653,1.29659
2013.03.14 00:51:07.828,1.29653,1.29661
2013.03.14 00:51:08.137,1.29653,1.29662
2013.03.14 00:51:08.468,1.29657,1.29665
2013.03.14 00:51:09.118,1.29657,1.29666
2013.03.14 00:51:09.816,1.29662,1.29668
2013.03.14 00:51:09.888,1.29662,1.2967
2013.03.14 00:51:10.437,1.29662,1.2967
2013.03.14 00:51:13.563,1.29662,1.2967
2013.03.14 00:51:14.347,1.29665,1.2967
2013.03.14 00:51:14.441,1.29665,1.29672
2013.03.14 00:51:14.509,1.29665,1.29673
2013.03.14 00:51:14.579,1.29665,1.29673
2013.03.14 00:51:15.126,1.29666,1.29673
2013.03.14 00:51:15.486,1.29668,1.29673
2013.03.14 00:51:15.787,1.29668,1.29675
2013.03.14 00:51:15.906,1.29669,1.29676
2013.03.14 00:51:16.026,1.2967,1.29675
2013.03.14 00:51:16.146,1.29669,1.29677
2013.03.14 00:51:16.327,1.2967,1.29677
2013.03.14 00:51:18.641,1.29671,1.29677
2013.03.14 00:51:18.713,1.29672,1.29678
2013.03.14 00:51:19.027,1.29676,1.29681
2013.03.14 00:51:19.147,1.29673,1.29681
2013.03.14 00:51:19.626,1.29673,1.29681
2013.03.14 00:51:19.746,1.29673,1.29681
2013.03.14 00:51:20.046,1.29673,1.29679
2013.03.14 00:51:22.975,1.29672,1.29679
2013.03.14 00:51:23.915,1.29671,1.29677
2013.03.14 00:51:24.696,1.29671,1.29677
2013.03.14 00:51:25.236,1.29671,1.29677
2013.03.14 00:51:25.416,1.29668,1.29674
2013.03.14 00:51:25.777,1.29667,1.29673
2013.03.14 00:51:26.076,1.29668,1.29674
2013.03.14 00:51:26.647,1.29668,1.29674
2013.03.14 00:51:28.146,1.29667,1.29674
2013.03.14 00:51:40.016,1.29667,1.29673
2013.03.14 00:51:44.657,1.29668,1.29675
2013.03.14 00:51:44.896,1.2967,1.29677
2013.03.14 00:51:58.784,1.29669,1.29676
2013.03.14 00:51:59.097,1.29668,1.29676
2013.03.14 00:52:00.466,1.29668,1.29676
2013.03.14 00:52:01.005,1.29668,1.29674
2013.03.14 00:52:01.305,1.29668,1.29675
2013.03.14 00:52:01.845,1.29668,1.29674
2013.03.14 00:52:02.386,1.29668,1.29675
2013.03.14 00:52:02.567,1.29668,1.29674
2013.03.14 00:52:03.045,1.29667,1.29674
2013.03.14 00:52:03.346,1.29667,1.29674
2013.03.14 00:52:03.853,1.29668,1.29675
2013.03.14 00:52:04.406,1.29667,1.29674
2013.03.14 00:52:05.125,1.29666,1.29674
2013.03.14 00:52:05.667,1.29668,1.29674
2013.03.14 00:52:06.206,1.29667,1.29674
2013.03.14 00:52:07.166,1.29667,1.29674
2013.03.14 00:52:07.527,1.29665,1.2967
2013.03.14 00:52:07.648,1.29666,1.2967
2013.03.14 00:52:07.777,1.29662,1.2967
2013.03.14 00:52:08.136,1.29661,1.29668
2013.03.14 00:52:08.675,1.2966,1.29669
2013.03.14 00:52:10.718,1.29662,1.29668
2013.03.14 00:52:11.416,1.29662,1.29667
2013.03.14 00:52:14.766,1.29661,1.29665
2013.03.14 00:52:14.829,1.29659,1.29664
2013.03.14 00:52:15.470,1.29658,1.29665
2013.03.14 00:52:15.975,1.29658,1.29664
2013.03.14 00:52:16.515,1.29656,1.29663
2013.03.14 00:52:17.055,1.29656,1.29664
2013.03.14 00:52:17.655,1.29658,1.29666
2013.03.14 00:52:18.165,1.29658,1.29666
2013.03.14 00:52:21.498,1.29658,1.29665
2013.03.14 00:52:22.056,1.29658,1.29665
2013.03.14 00:52:23.295,1.2966,1.29666
2013.03.14 00:52:23.596,1.29662,1.29668
2013.03.14 00:52:23.718,1.29664,1.29669
2013.03.14 00:52:24.254,1.29666,1.29672
2013.03.14 00:52:24.314,1.29666,1.29672
2013.03.14 00:52:27.226,1.29666,1.29672
2013.03.14 00:52:32.646,1.29666,1.29672
2013.03.14 00:52:33.066,1.29666,1.29672
2013.03.14 00:52:33.249,1.29668,1.29675
2013.03.14 00:52:33.995,1.29669,1.29675
2013.03.14 00:52:34.686,1.29669,1.29675
2013.03.14 00:52:35.215,1.29669,1.29675
2013.03.14 00:52:35.519,1.2967,1.29676
2013.03.14 00:52:35.587,1.2967,1.29677
2013.03.14 00:52:35.658,1.2967,1.29678
2013.03.14 00:52:35.909,1.29674,1.29681
2013.03.14 00:52:36.095,1.29672,1.2968
2013.03.14 00:52:37.435,1.29671,1.29678
2013.03.14 00:52:39.525,1.29673,1.29679
2013.03.14 00:52:41.043,1.29673,1.2968
2013.03.14 00:52:41.585,1.29671,1.29678
2013.03.14 00:52:46.616,1.29671,1.29678
2013.03.14 00:52:48.506,1.29671,1.29678
2013.03.14 00:52:49.297,1.29671,1.29678
2013.03.14 00:52:52.215,1.29671,1.29677
2013.03.14 00:52:52.877,1.29672,1.29678
2013.03.14 00:52:53.118,1.29673,1.29679
2013.03.14 00:52:53.296,1.29676,1.29681
2013.03.14 00:52:53.671,1.29678,1.29684
2013.03.14 00:52:54.056,1.29678,1.29685
2013.03.14 00:53:00.265,1.2968,1.29686
2013.03.14 00:53:02.739,1.2968,1.29686
2013.03.14 00:53:03.438,1.2968,1.29687
2013.03.14 00:53:04.290,1.29681,1.29687
2013.03.14 00:53:04.696,1.29682,1.29687
2013.03.14 00:53:05.118,1.29684,1.29692
2013.03.14 00:53:05.486,1.29683,1.29689
2013.03.14 00:53:08.701,1.29682,1.29688
2013.03.14 00:53:08.770,1.29682,1.29687
2013.03.14 00:53:08.840,1.2968,1.29686
2013.03.14 00:53:09.027,1.29678,1.29684
2013.03.14 00:53:09.566,1.29678,1.29684
2013.03.14 00:53:12.105,1.29678,1.29684
2013.03.14 00:53:13.919,1.29677,1.29683
2013.03.14 00:53:13.985,1.29677,1.29683
2013.03.14 00:53:14.165,1.29677,1.29681
2013.03.14 00:53:14.226,1.29676,1.2968
2013.03.14 00:53:14.466,1.29672,1.29678
2013.03.14 00:53:15.096,1.29672,1.29677
2013.03.14 00:53:16.996,1.2967,1.29677
2013.03.14 00:53:17.057,1.29668,1.29675
2013.03.14 00:53:17.176,1.29666,1.29674
2013.03.14 00:53:17.717,1.29667,1.29673
2013.03.14 00:53:18.257,1.29667,1.29672
2013.03.14 00:53:18.436,1.29663,1.29671
2013.03.14 00:53:18.616,1.29664,1.2967
2013.03.14 00:53:18.796,1.29662,1.29668
2013.03.14 00:53:18.917,1.29661,1.29668
2013.03.14 00:53:19.276,1.2966,1.29666
2013.03.14 00:53:19.854,1.2966,1.29666
2013.03.14 00:53:22.885,1.2966,1.29666
2013.03.14 00:53:23.245,1.29662,1.29668
2013.03.14 00:53:23.796,1.29662,1.29669
2013.03.14 00:53:24.335,1.29663,1.2967
2013.03.14 00:53:26.685,1.29663,1.29669
2013.03.14 00:53:28.215,1.29662,1.29668
2013.03.14 00:53:28.465,1.29662,1.29668
2013.03.14 00:53:29.005,1.29662,1.29668
2013.03.14 00:53:34.527,1.29663,1.29669
2013.03.14 00:53:34.646,1.29663,1.2967
2013.03.14 00:53:35.186,1.29664,1.29672
2013.03.14 00:53:44.586,1.29666,1.29672
2013.03.14 00:53:45.735,1.29666,1.29673
2013.03.14 00:53:46.098,1.29668,1.29676
2013.03.14 00:53:49.976,1.29668,1.29674
2013.03.14 00:53:50.516,1.29668,1.29674
2013.03.14 00:53:51.688,1.29668,1.29676
2013.03.14 00:53:51.996,1.2967,1.29676
2013.03.14 00:53:52.477,1.29673,1.2968
2013.03.14 00:53:52.538,1.29674,1.2968
2013.03.14 00:53:52.725,1.29676,1.29682
2013.03.14 00:53:53.026,1.29676,1.29682
2013.03.14 00:53:54.405,1.29677,1.29683
2013.03.14 00:53:57.566,1.29677,1.29683
2013.03.14 00:53:57.686,1.29679,1.29684
2013.03.14 00:53:58.225,1.29679,1.29684
2013.03.14 00:53:59.016,1.29679,1.29684
2013.03.14 00:54:00.077,1.29679,1.29684
2013.03.14 00:54:00.136,1.29677,1.29684
2013.03.14 00:54:00.676,1.29675,1.29682
2013.03.14 00:54:02.797,1.29675,1.29682
2013.03.14 00:54:03.346,1.29675,1.29682
2013.03.14 00:54:05.006,1.29675,1.29682
2013.03.14 00:54:05.425,1.29674,1.2968
2013.03.14 00:54:06.368,1.29672,1.2968
2013.03.14 00:54:08.996,1.29672,1.29678
2013.03.14 00:54:10.327,1.29671,1.29678
2013.03.14 00:54:11.011,1.29671,1.29676
2013.03.14 00:54:11.089,1.2967,1.29676
2013.03.14 00:54:11.636,1.29667,1.29674
2013.03.14 00:54:12.176,1.29667,1.29674
2013.03.14 00:54:12.789,1.29667,1.29674
2013.03.14 00:54:13.405,1.29666,1.29672
2013.03.14 00:54:13.770,1.29665,1.29672
2013.03.14 00:54:14.085,1.29666,1.29673
2013.03.14 00:54:15.466,1.29666,1.29673
2013.03.14 00:54:15.648,1.29666,1.2967
2013.03.14 00:54:15.719,1.29664,1.2967
2013.03.14 00:54:16.265,1.29663,1.2967
2013.03.14 00:54:18.195,1.29662,1.29669
2013.03.14 00:54:18.727,1.29663,1.2967
2013.03.14 00:54:19.835,1.29664,1.2967
2013.03.14 00:54:20.375,1.29663,1.2967
2013.03.14 00:54:20.916,1.29664,1.2967
2013.03.14 00:54:22.747,1.29664,1.2967
2013.03.14 00:54:23.787,1.29663,1.29669
2013.03.14 00:54:24.566,1.29662,1.29668
2013.03.14 00:54:27.187,1.29662,1.29668
2013.03.14 00:54:27.245,1.29662,1.29668
2013.03.14 00:54:28.036,1.29662,1.29668
2013.03.14 00:54:30.977,1.29662,1.29669
2013.03.14 00:54:31.395,1.29661,1.29667
2013.03.14 00:54:31.936,1.2966,1.29666
2013.03.14 00:54:37.256,1.29659,1.29665
2013.03.14 00:54:38.625,1.29658,1.29665
2013.03.14 00:54:39.189,1.2966,1.29666
2013.03.14 00:54:42.349,1.2966,1.29667
2013.03.14 00:54:43.915,1.29661,1.29667
2013.03.14 00:54:44.666,1.29661,1.29667
2013.03.14 00:54:44.726,1.29659,1.29664
2013.03.14 00:54:44.845,1.29655,1.29663
2013.03.14 00:54:46.445,1.29655,1.29661
2013.03.14 00:54:48.946,1.29656,1.29664
2013.03.14 00:54:49.006,1.29658,1.29665
2013.03.14 00:54:49.563,1.29658,1.29665
2013.03.14 00:54:50.155,1.29658,1.29665
2013.03.14 00:54:50.275,1.29657,1.29663
2013.03.14 00:54:51.105,1.29656,1.29662
2013.03.14 00:54:53.526,1.29656,1.29662
2013.03.14 00:54:53.587,1.29658,1.29665
2013.03.14 00:54:54.087,1.29657,1.29662
2013.03.14 00:54:54.206,1.29656,1.29662
2013.03.14 00:54:54.329,1.29655,1.29662
2013.03.14 00:54:54.577,1.29657,1.29661
2013.03.14 00:54:54.876,1.29656,1.29663
2013.03.14 00:54:54.937,1.29656,1.29664
2013.03.14 00:54:55.236,1.29658,1.29663
2013.03.14 00:54:55.355,1.29657,1.29666
2013.03.14 00:54:55.537,1.29661,1.29667
2013.03.14 00:54:55.596,1.2966,1.29667
2013.03.14 00:54:55.655,1.29661,1.29667
2013.03.14 00:54:56.449,1.2966,1.29666
2013.03.14 00:54:56.755,1.2966,1.29666
2013.03.14 00:54:56.816,1.2966,1.29666
2013.03.14 00:54:57.055,1.2966,1.29666
2013.03.14 00:54:57.416,1.29662,1.29668
2013.03.14 00:54:57.955,1.29663,1.2967
2013.03.14 00:54:58.495,1.29661,1.29667
2013.03.14 00:54:58.921,1.29661,1.29667
2013.03.14 00:54:58.987,1.2966,1.29664
2013.03.14 00:54:59.176,1.29658,1.29664
2013.03.14 00:54:59.595,1.29655,1.29661
2013.03.14 00:54:59.776,1.29655,1.29661
2013.03.14 00:54:59.896,1.29655,1.29661
2013.03.14 00:55:00.017,1.29652,1.29658
2013.03.14 00:55:00.078,1.29652,1.29658
2013.03.14 00:55:00.148,1.29652,1.29656
2013.03.14 00:55:00.456,1.2965,1.29654
2013.03.14 00:55:00.817,1.29648,1.29655
2013.03.14 00:55:00.936,1.29651,1.29655
2013.03.14 00:55:00.997,1.29654,1.29657
2013.03.14 00:55:01.177,1.29655,1.2966
2013.03.14 00:55:01.237,1.29655,1.29662
2013.03.14 00:55:01.297,1.29658,1.29661
2013.03.14 00:55:01.357,1.29658,1.29662
2013.03.14 00:55:01.428,1.29658,1.29663
2013.03.14 00:55:01.797,1.29658,1.29665
2013.03.14 00:55:01.862,1.29658,1.29666
2013.03.14 00:55:02.406,1.29658,1.29666
2013.03.14 00:55:02.945,1.29658,1.29666
2013.03.14 00:55:03.067,1.29659,1.29665
2013.03.14 00:55:03.128,1.29659,1.29665
2013.03.14 00:55:03.677,1.29659,1.29666
2013.03.14 00:55:04.008,1.29659,1.29666
2013.03.14 00:55:04.207,1.29659,1.29666
2013.03.14 00:55:07.289,1.29661,1.29665
2013.03.14 00:55:07.596,1.29661,1.29666
2013.03.14 00:55:11.176,1.29661,1.29667
2013.03.14 00:55:11.717,1.29663,1.29666
2013.03.14 00:55:13.036,1.29661,1.29668
2013.03.14 00:55:13.576,1.29662,1.29669
2013.03.14 00:55:14.085,1.29663,1.29669
2013.03.14 00:55:16.085,1.29663,1.2967
2013.03.14 00:55:17.445,1.29664,1.2967
2013.03.14 00:55:17.505,1.29665,1.2967
2013.03.14 00:55:17.806,1.29665,1.29671
2013.03.14 00:55:18.226,1.29666,1.29672
2013.03.14 00:55:18.765,1.29666,1.29672
2013.03.14 00:55:19.527,1.29666,1.29673
2013.03.14 00:55:20.956,1.29666,1.29673
2013.03.14 00:55:21.140,1.29667,1.29673
2013.03.14 00:55:21.559,1.29668,1.29673
2013.03.14 00:55:21.625,1.29668,1.29674
2013.03.14 00:55:22.197,1.29669,1.29675
2013.03.14 00:55:22.925,1.2967,1.29676
2013.03.14 00:55:24.416,1.29671,1.29676
2013.03.14 00:55:24.717,1.29672,1.29676
2013.03.14 00:55:24.896,1.29672,1.29677
2013.03.14 00:55:28.326,1.29673,1.29678
2013.03.14 00:55:31.415,1.29674,1.29678
2013.03.14 00:55:31.596,1.29674,1.29679
2013.03.14 00:55:32.016,1.29676,1.29679
2013.03.14 00:55:32.077,1.29675,1.29681
2013.03.14 00:55:32.136,1.29675,1.29683
2013.03.14 00:55:32.197,1.29677,1.29683
2013.03.14 00:55:32.316,1.29678,1.29684
2013.03.14 00:55:32.856,1.29678,1.29686
2013.03.14 00:55:32.917,1.29679,1.29686
2013.03.14 00:55:33.046,1.29679,1.29688
2013.03.14 00:55:33.112,1.2968,1.29688
2013.03.14 00:55:33.734,1.2968,1.29689
2013.03.14 00:55:33.819,1.29682,1.29688
2013.03.14 00:55:34.995,1.29683,1.29688
2013.03.14 00:55:36.348,1.29683,1.29689
2013.03.14 00:55:36.597,1.29684,1.29689
2013.03.14 00:55:41.805,1.29685,1.29689
2013.03.14 00:55:42.365,1.29685,1.2969
2013.03.14 00:55:43.175,1.29685,1.29691
2013.03.14 00:55:49.053,1.29685,1.29692
2013.03.14 00:55:51.177,1.29686,1.29692
2013.03.14 00:55:54.769,1.29686,1.29693
2013.03.14 00:55:59.765,1.29687,1.29693
2013.03.14 00:56:00.367,1.29688,1.29693
2013.03.14 00:56:00.985,1.29688,1.29694
2013.03.14 00:56:02.996,1.29689,1.29695
2013.03.14 00:56:04.330,1.2969,1.29696
2013.03.14 00:56:04.472,1.29693,1.29698
2013.03.14 00:56:06.870,1.29692,1.29698
2013.03.14 00:56:06.997,1.2969,1.29696
2013.03.14 00:56:07.476,1.2969,1.29694
2013.03.14 00:56:08.058,1.2969,1.29696
2013.03.14 00:56:08.616,1.2969,1.29696
2013.03.14 00:56:09.836,1.2969,1.29696
2013.03.14 00:56:15.795,1.2969,1.29696
2013.03.14 00:56:16.335,1.29691,1.29697
2013.03.14 00:56:20.946,1.29691,1.29695
2013.03.14 00:56:21.485,1.2969,1.29694
2013.03.14 00:56:21.667,1.29688,1.29691
2013.03.14 00:56:21.906,1.29685,1.2969
2013.03.14 00:56:22.026,1.29684,1.2969
2013.03.14 00:56:22.327,1.29683,1.29687
2013.03.14 00:56:22.579,1.29682,1.29687
2013.03.14 00:56:23.279,1.29682,1.29687
2013.03.14 00:56:24.686,1.29682,1.29688
2013.03.14 00:56:25.207,1.29684,1.2969
2013.03.14 00:56:25.386,1.29686,1.2969
2013.03.14 00:56:27.066,1.29686,1.29692
2013.03.14 00:56:27.127,1.29686,1.29692
2013.03.14 00:56:27.367,1.29686,1.29691
2013.03.14 00:56:27.905,1.29685,1.2969
2013.03.14 00:56:29.242,1.29687,1.29691
2013.03.14 00:56:29.608,1.29689,1.29694
2013.03.14 00:56:30.146,1.2969,1.29696
2013.03.14 00:56:34.926,1.2969,1.29695
2013.03.14 00:56:35.606,1.2969,1.29695
2013.03.14 00:56:36.206,1.29689,1.29695
2013.03.14 00:56:37.506,1.29689,1.29695
2013.03.14 00:56:37.688,1.2969,1.29695
2013.03.14 00:56:37.866,1.29687,1.29693
2013.03.14 00:56:38.169,1.29687,1.29692
2013.03.14 00:56:38.356,1.29686,1.29693
2013.03.14 00:56:38.535,1.29685,1.29692
2013.03.14 00:56:39.087,1.29685,1.29691
2013.03.14 00:56:39.616,1.29685,1.2969
2013.03.14 00:56:42.698,1.29683,1.2969
2013.03.14 00:56:45.097,1.2968,1.29686
2013.03.14 00:56:45.877,1.2968,1.29686
2013.03.14 00:56:46.057,1.2968,1.29686
2013.03.14 00:56:46.176,1.2968,1.29687
2013.03.14 00:56:46.476,1.29681,1.29687
2013.03.14 00:56:46.596,1.29681,1.29688
2013.03.14 00:56:46.659,1.29681,1.29688
2013.03.14 00:56:46.967,1.29683,1.29686
2013.03.14 00:56:47.277,1.29683,1.29687
2013.03.14 00:56:47.636,1.29683,1.29689
2013.03.14 00:56:48.295,1.29685,1.29689
2013.03.14 00:56:48.797,1.29685,1.2969
2013.03.14 00:56:51.876,1.29685,1.2969
2013.03.14 00:56:52.426,1.29685,1.2969
2013.03.14 00:56:54.885,1.29685,1.29692
2013.03.14 00:56:54.946,1.29686,1.29693
2013.03.14 00:57:01.917,1.29687,1.29693
2013.03.14 00:57:09.687,1.29689,1.29693
2013.03.14 00:57:09.806,1.29688,1.29695
2013.03.14 00:57:10.226,1.29689,1.29695
2013.03.14 00:57:15.227,1.2969,1.29696
2013.03.14 00:57:15.346,1.29688,1.29698
2013.03.14 00:57:15.706,1.29691,1.29696
2013.03.14 00:57:21.506,1.29691,1.29697
2013.03.14 00:57:21.627,1.29692,1.29697
2013.03.14 00:57:23.376,1.29692,1.29698
2013.03.14 00:57:24.586,1.29692,1.29699
2013.03.14 00:57:29.886,1.29696,1.29702
2013.03.14 00:57:30.126,1.29694,1.29701
2013.03.14 00:57:30.246,1.29694,1.29701
2013.03.14 00:57:30.606,1.29695,1.29701
2013.03.14 00:57:30.726,1.29695,1.29701
2013.03.14 00:57:30.857,1.29694,1.297
2013.03.14 00:57:30.916,1.29694,1.29699
2013.03.14 00:57:31.455,1.29693,1.29699
2013.03.14 00:57:32.125,1.29693,1.297
2013.03.14 00:57:32.852,1.29696,1.29702
2013.03.14 00:57:32.930,1.29697,1.29703
2013.03.14 00:57:33.527,1.297,1.29705
2013.03.14 00:57:40.648,1.29698,1.29705
2013.03.14 00:57:40.956,1.297,1.29705
2013.03.14 00:57:42.316,1.297,1.29705
2013.03.14 00:57:43.057,1.297,1.29705
2013.03.14 00:57:43.117,1.297,1.29707
2013.03.14 00:57:43.361,1.29703,1.29711
2013.03.14 00:57:43.499,1.29705,1.2971
2013.03.14 00:57:44.046,1.29703,1.2971
2013.03.14 00:57:44.356,1.29702,1.29708
2013.03.14 00:57:45.376,1.29702,1.29708
2013.03.14 00:57:46.066,1.29702,1.29707
2013.03.14 00:57:47.331,1.29702,1.29707
2013.03.14 00:57:47.457,1.29701,1.29704
2013.03.14 00:57:47.756,1.29696,1.29702
2013.03.14 00:57:47.818,1.29696,1.29702
2013.03.14 00:57:48.007,1.29694,1.29702
2013.03.14 00:57:48.397,1.29693,1.29701
2013.03.14 00:57:48.937,1.29694,1.29701
2013.03.14 00:57:53.226,1.29696,1.29702
2013.03.14 00:57:54.167,1.29697,1.29702
2013.03.14 00:57:54.479,1.29695,1.29705
2013.03.14 00:57:54.787,1.29698,1.29704
2013.03.14 00:57:54.909,1.29698,1.29705
2013.03.14 00:57:54.978,1.29699,1.29705
2013.03.14 00:57:55.456,1.297,1.29705
2013.03.14 00:57:55.516,1.29703,1.29709
2013.03.14 00:57:56.017,1.29702,1.29708
2013.03.14 00:57:56.139,1.29703,1.29711
2013.03.14 00:57:56.208,1.29706,1.29714
2013.03.14 00:57:56.279,1.29704,1.29716
2013.03.14 00:57:56.349,1.29707,1.29713
2013.03.14 00:57:56.418,1.29707,1.29713
2013.03.14 00:57:57.437,1.29707,1.29713
2013.03.14 00:57:57.976,1.29708,1.29713
2013.03.14 00:57:58.426,1.29708,1.29714
2013.03.14 00:57:58.786,1.29706,1.29717
2013.03.14 00:57:58.906,1.29707,1.29717
2013.03.14 00:58:00.231,1.29711,1.29715
2013.03.14 00:58:00.497,1.2971,1.29717
2013.03.14 00:58:00.989,1.2971,1.29717
2013.03.14 00:58:01.117,1.2971,1.29718
2013.03.14 00:58:01.418,1.2971,1.29719
2013.03.14 00:58:01.487,1.2971,1.2972
2013.03.14 00:58:01.549,1.29711,1.29719
2013.03.14 00:58:01.858,1.29712,1.29719
2013.03.14 00:58:02.407,1.29713,1.29719
2013.03.14 00:58:02.946,1.29713,1.29719
2013.03.14 00:58:03.366,1.29709,1.29723
2013.03.14 00:58:03.907,1.29713,1.29721
2013.03.14 00:58:04.294,1.29713,1.29722
2013.03.14 00:58:04.916,1.29714,1.29722
2013.03.14 00:58:05.455,1.29715,1.29722
2013.03.14 00:58:05.757,1.29716,1.29722
2013.03.14 00:58:05.939,1.29717,1.29722
2013.03.14 00:58:06.008,1.29717,1.29723
2013.03.14 00:58:06.566,1.29717,1.29725
2013.03.14 00:58:06.686,1.29716,1.29727
2013.03.14 00:58:06.987,1.2972,1.29724
2013.03.14 00:58:07.288,1.2972,1.29725
2013.03.14 00:58:07.477,1.29721,1.29726
2013.03.14 00:58:08.394,1.29722,1.29727
2013.03.14 00:58:08.909,1.29722,1.29729
2013.03.14 00:58:09.457,1.29724,1.29729
2013.03.14 00:58:09.527,1.29725,1.29729
2013.03.14 00:58:09.706,1.29725,1.29731
2013.03.14 00:58:10.247,1.29725,1.29732
2013.03.14 00:58:10.866,1.29727,1.29731
2013.03.14 00:58:11.706,1.29726,1.29733
2013.03.14 00:58:11.946,1.29727,1.29733
2013.03.14 00:58:12.127,1.29727,1.29734
2013.03.14 00:58:12.430,1.29728,1.29734
2013.03.14 00:58:13.196,1.29728,1.29735
2013.03.14 00:58:13.557,1.2973,1.29735
2013.03.14 00:58:14.095,1.2973,1.29736
2013.03.14 00:58:14.627,1.29731,1.29736
2013.03.14 00:58:15.204,1.29731,1.29736
2013.03.14 00:58:15.266,1.29735,1.29739
2013.03.14 00:58:15.567,1.29732,1.29737
2013.03.14 00:58:16.106,1.29731,1.29735
2013.03.14 00:58:16.227,1.29731,1.29735
2013.03.14 00:58:17.126,1.29732,1.29737
2013.03.14 00:58:18.496,1.29732,1.29737
2013.03.14 00:58:18.995,1.2973,1.29735
2013.03.14 00:58:24.476,1.29733,1.29738
2013.03.14 00:58:24.544,1.29733,1.29737
2013.03.14 00:58:25.096,1.29733,1.29737
2013.03.14 00:58:25.607,1.29734,1.29737
2013.03.14 00:58:26.147,1.29732,1.29737
2013.03.14 00:58:26.266,1.2973,1.29737
2013.03.14 00:58:26.706,1.29731,1.29737
2013.03.14 00:58:27.756,1.29731,1.29737
2013.03.14 00:58:28.676,1.29731,1.29737
2013.03.14 00:58:29.274,1.29731,1.29737
2013.03.14 00:58:31.257,1.29731,1.29737
2013.03.14 00:58:32.638,1.29731,1.29737
2013.03.14 00:58:35.576,1.29731,1.29737
2013.03.14 00:58:37.325,1.29733,1.29738
2013.03.14 00:58:37.845,1.29733,1.29738
2013.03.14 00:58:38.347,1.29733,1.29739
2013.03.14 00:58:38.906,1.29734,1.29739
2013.03.14 00:58:42.675,1.29733,1.29739
2013.03.14 00:58:43.435,1.29732,1.29739
2013.03.14 00:58:43.598,1.29733,1.29739
2013.03.14 00:58:44.366,1.29734,1.29739
2013.03.14 00:58:47.073,1.29733,1.29739
2013.03.14 00:58:47.846,1.29734,1.29739
2013.03.14 00:58:49.868,1.29732,1.2974
2013.03.14 00:58:51.496,1.29731,1.29737
2013.03.14 00:58:52.305,1.29731,1.29737
2013.03.14 00:58:52.845,1.29732,1.29737
2013.03.14 00:58:53.586,1.29732,1.29739
2013.03.14 00:58:53.647,1.29732,1.29739
2013.03.14 00:58:54.066,1.29732,1.29738
2013.03.14 00:58:54.378,1.29731,1.29737
2013.03.14 00:58:56.330,1.29732,1.29737
2013.03.14 00:58:57.425,1.29732,1.29739
2013.03.14 00:58:57.987,1.29732,1.29739
2013.03.14 00:58:58.457,1.29731,1.29739
2013.03.14 00:58:59.238,1.29732,1.29739
2013.03.14 00:58:59.667,1.29733,1.29739
2013.03.14 00:59:00.767,1.29732,1.29739
2013.03.14 00:59:09.657,1.29731,1.29736
2013.03.14 00:59:09.841,1.29729,1.29734
2013.03.14 00:59:10.349,1.29728,1.29734
2013.03.14 00:59:10.478,1.29732,1.29737
2013.03.14 00:59:10.538,1.29732,1.29737
2013.03.14 00:59:11.145,1.29732,1.29739
2013.03.14 00:59:11.706,1.29731,1.29739
2013.03.14 00:59:14.406,1.29732,1.29739
2013.03.14 00:59:15.116,1.29733,1.29739
2013.03.14 00:59:15.176,1.29735,1.29739
2013.03.14 00:59:15.251,1.29738,1.29742
2013.03.14 00:59:15.437,1.29737,1.29744
2013.03.14 00:59:15.499,1.29737,1.29744
2013.03.14 00:59:15.806,1.29736,1.29746
2013.03.14 00:59:16.166,1.29737,1.29746
2013.03.14 00:59:17.636,1.29738,1.29747
2013.03.14 00:59:19.156,1.2974,1.29746
2013.03.14 00:59:22.145,1.2974,1.29747
2013.03.14 00:59:22.766,1.29741,1.29748
2013.03.14 00:59:22.956,1.29741,1.29748
2013.03.14 00:59:23.019,1.29742,1.29748
2013.03.14 00:59:23.088,1.29739,1.29752
2013.03.14 00:59:23.159,1.29741,1.29751
2013.03.14 00:59:23.586,1.29742,1.29751
2013.03.14 00:59:24.126,1.29743,1.29751
2013.03.14 00:59:24.615,1.29744,1.29752
2013.03.14 00:59:25.166,1.29745,1.29752
2013.03.14 00:59:25.725,1.29746,1.29752
2013.03.14 00:59:25.845,1.29746,1.29754
2013.03.14 00:59:25.906,1.29747,1.29754
2013.03.14 00:59:26.435,1.29748,1.29754
