Time,Bid,Ask
2013.03.28 00:00:00.443,1.27746,1.2775
2013.03.28 00:00:00.745,1.27747,1.27751
2013.03.28 00:00:01.055,1.27749,1.27751
2013.03.28 00:00:02.443,1.27749,1.27751
2013.03.28 00:00:02.981,1.2775,1.27751
2013.03.28 00:00:03.521,1.2775,1.27753
2013.03.28 00:00:06.054,1.27751,1.27754
2013.03.28 00:00:06.303,1.27753,1.27757
2013.03.28 00:00:06.483,1.27755,1.27758
2013.03.28 00:00:06.603,1.27756,1.2776
2013.03.28 00:00:06.783,1.27758,1.2776
2013.03.28 00:00:07.083,1.27759,1.27765
2013.03.28 00:00:07.202,1.27759,1.27765
2013.03.28 00:00:07.742,1.2776,1.27766
2013.03.28 00:00:08.281,1.2776,1.27766
2013.03.28 00:00:10.632,1.2776,1.27767
2013.03.28 00:00:11.191,1.27761,1.27767
2013.03.28 00:00:12.655,1.27761,1.27767
2013.03.28 00:00:17.442,1.2776,1.27767
2013.03.28 00:00:19.431,1.2776,1.27767
2013.03.28 00:00:22.822,1.27761,1.27767
2013.03.28 00:00:22.882,1.27761,1.27767
2013.03.28 00:00:28.437,1.27761,1.27767
2013.03.28 00:00:28.703,1.27764,1.2777
2013.03.28 00:00:29.241,1.27763,1.2777
2013.03.28 00:00:29.981,1.27763,1.27769
2013.03.28 00:00:30.522,1.27763,1.2777
2013.03.28 00:00:31.313,1.27764,1.2777
2013.03.28 00:00:31.671,1.27767,1.27772
2013.03.28 00:00:31.731,1.27767,1.27772
2013.03.28 00:00:36.143,1.27768,1.27773
2013.03.28 00:00:36.706,1.27768,1.27773
2013.03.28 00:00:40.172,1.27769,1.27773
2013.03.28 00:00:40.352,1.27768,1.27773
2013.03.28 00:00:40.774,1.27767,1.27772
2013.03.28 00:00:45.939,1.27768,1.27772
2013.03.28 00:00:46.602,1.27768,1.27772
2013.03.28 00:00:47.702,1.27767,1.27772
2013.03.28 00:00:51.658,1.27768,1.27772
2013.03.28 00:00:51.843,1.27768,1.27774
2013.03.28 00:00:52.389,1.27768,1.27774
2013.03.28 00:00:53.762,1.27768,1.27774
2013.03.28 00:00:57.452,1.27768,1.27774
2013.03.28 00:01:02.803,1.27769,1.27776
2013.03.28 00:01:03.413,1.27769,1.27775
2013.03.28 00:01:06.072,1.27769,1.27776
2013.03.28 00:01:06.729,1.2777,1.27776
2013.03.28 00:01:07.334,1.2777,1.27776
2013.03.28 00:01:07.635,1.2777,1.27778
2013.03.28 00:01:07.885,1.27771,1.27778
2013.03.28 00:01:08.254,1.27774,1.27777
2013.03.28 00:01:08.555,1.27775,1.27777
2013.03.28 00:01:08.743,1.27774,1.2778
2013.03.28 00:01:08.942,1.27775,1.27781
2013.03.28 00:01:09.483,1.27775,1.27782
2013.03.28 00:01:10.042,1.27777,1.27782
2013.03.28 00:01:10.592,1.27778,1.27782
2013.03.28 00:01:12.402,1.27778,1.27783
2013.03.28 00:01:13.042,1.27779,1.27783
2013.03.28 00:01:14.093,1.27778,1.27785
2013.03.28 00:01:15.983,1.27779,1.27786
2013.03.28 00:01:20.192,1.2778,1.27786
2013.03.28 00:01:26.157,1.27781,1.27786
2013.03.28 00:01:26.466,1.27783,1.27786
2013.03.28 00:01:26.535,1.27784,1.27787
2013.03.28 00:01:26.603,1.27783,1.27789
2013.03.28 00:01:27.083,1.27784,1.27789
2013.03.28 00:01:27.625,1.27785,1.27789
2013.03.28 00:01:28.234,1.27785,1.2779
2013.03.28 00:01:28.354,1.27785,1.27792
2013.03.28 00:01:28.533,1.27788,1.27791
2013.03.28 00:01:28.653,1.27789,1.27792
2013.03.28 00:01:29.336,1.27789,1.27793
2013.03.28 00:01:29.405,1.27788,1.27795
2013.03.28 00:01:29.952,1.27789,1.27796
2013.03.28 00:01:30.503,1.2779,1.27796
2013.03.28 00:01:36.095,1.27791,1.27796
2013.03.28 00:01:36.343,1.27791,1.27797
2013.03.28 00:01:36.892,1.27792,1.27798
2013.03.28 00:01:37.432,1.27792,1.27799
2013.03.28 00:01:38.732,1.27793,1.27799
2013.03.28 00:01:44.682,1.27795,1.27799
2013.03.28 00:01:44.744,1.27796,1.27799
2013.03.28 00:01:44.874,1.27796,1.27801
2013.03.28 00:01:45.532,1.27797,1.27801
2013.03.28 00:01:46.071,1.27798,1.27801
2013.03.28 00:01:52.112,1.27799,1.27802
2013.03.28 00:01:52.783,1.27802,1.27805
2013.03.28 00:01:52.843,1.27801,1.27805
2013.03.28 00:01:52.903,1.278,1.27805
2013.03.28 00:01:54.151,1.27798,1.27802
2013.03.28 00:01:54.221,1.27797,1.27801
2013.03.28 00:02:00.423,1.27797,1.27801
2013.03.28 00:02:01.133,1.27797,1.27801
2013.03.28 00:02:01.194,1.27797,1.278
2013.03.28 00:02:01.553,1.27797,1.27801
2013.03.28 00:02:03.292,1.27797,1.27801
2013.03.28 00:02:03.919,1.27797,1.278
2013.03.28 00:02:03.995,1.27795,1.278
2013.03.28 00:02:04.243,1.27796,1.278
2013.03.28 00:02:04.834,1.27797,1.278
2013.03.28 00:02:05.094,1.27795,1.278
2013.03.28 00:02:05.333,1.27795,1.278
2013.03.28 00:02:08.613,1.27795,1.27799
2013.03.28 00:02:08.673,1.27795,1.27799
2013.03.28 00:02:08.853,1.27795,1.27799
2013.03.28 00:02:09.153,1.27795,1.27799
2013.03.28 00:02:09.692,1.27795,1.27799
2013.03.28 00:02:10.152,1.27795,1.27801
2013.03.28 00:02:13.463,1.27795,1.27801
2013.03.28 00:02:14.002,1.27795,1.278
2013.03.28 00:02:14.524,1.27795,1.27801
2013.03.28 00:02:15.531,1.27795,1.278
2013.03.28 00:02:17.003,1.27795,1.278
2013.03.28 00:02:17.542,1.27796,1.278
2013.03.28 00:02:19.273,1.27796,1.278
2013.03.28 00:02:19.909,1.27796,1.27801
2013.03.28 00:02:20.093,1.27797,1.27802
2013.03.28 00:02:20.632,1.27798,1.278
2013.03.28 00:02:22.294,1.27798,1.278
2013.03.28 00:02:23.283,1.27797,1.278
2013.03.28 00:02:23.987,1.27797,1.278
2013.03.28 00:02:24.233,1.27796,1.278
2013.03.28 00:02:24.535,1.27797,1.27803
2013.03.28 00:02:25.082,1.27797,1.27803
2013.03.28 00:02:25.442,1.27797,1.27804
2013.03.28 00:02:26.473,1.27798,1.27803
2013.03.28 00:02:27.012,1.27796,1.27801
2013.03.28 00:02:27.132,1.27796,1.278
2013.03.28 00:02:29.322,1.27796,1.278
2013.03.28 00:02:29.502,1.27794,1.27799
2013.03.28 00:02:30.042,1.27795,1.278
2013.03.28 00:02:30.675,1.27795,1.278
2013.03.28 00:02:30.983,1.27796,1.27801
2013.03.28 00:02:31.522,1.27796,1.27803
2013.03.28 00:02:32.062,1.27796,1.27803
2013.03.28 00:02:33.913,1.27796,1.27803
2013.03.28 00:02:34.418,1.27797,1.27803
2013.03.28 00:02:34.733,1.27801,1.27805
2013.03.28 00:02:36.943,1.27801,1.27805
2013.03.28 00:02:37.483,1.27799,1.27804
2013.03.28 00:02:40.524,1.27798,1.27804
2013.03.28 00:02:42.013,1.27797,1.27801
2013.03.28 00:02:42.568,1.27796,1.27802
2013.03.28 00:02:48.932,1.27796,1.27802
2013.03.28 00:03:01.912,1.27795,1.27801
2013.03.28 00:03:07.613,1.27795,1.278
2013.03.28 00:03:08.127,1.27795,1.278
2013.03.28 00:03:10.222,1.27795,1.278
2013.03.28 00:03:12.361,1.27795,1.278
2013.03.28 00:03:14.724,1.27795,1.278
2013.03.28 00:03:15.253,1.27796,1.27801
2013.03.28 00:03:20.702,1.27796,1.278
2013.03.28 00:03:21.242,1.27795,1.278
2013.03.28 00:03:24.512,1.27795,1.27798
2013.03.28 00:03:24.994,1.27793,1.27796
2013.03.28 00:03:25.532,1.27793,1.27795
2013.03.28 00:03:30.413,1.27791,1.27795
2013.03.28 00:03:33.117,1.27791,1.27795
2013.03.28 00:03:33.672,1.27791,1.27795
2013.03.28 00:03:34.094,1.2779,1.27795
2013.03.28 00:03:34.833,1.27789,1.27794
2013.03.28 00:03:35.437,1.27788,1.27793
2013.03.28 00:03:35.992,1.27789,1.27794
2013.03.28 00:03:36.512,1.27789,1.27794
2013.03.28 00:03:37.215,1.2779,1.27795
2013.03.28 00:03:38.294,1.2779,1.27795
2013.03.28 00:03:55.903,1.2779,1.27795
2013.03.28 00:03:56.264,1.27791,1.27795
2013.03.28 00:04:01.013,1.27791,1.27795
2013.03.28 00:04:08.232,1.27791,1.27795
2013.03.28 00:04:10.232,1.27791,1.27795
2013.03.28 00:04:11.049,1.27791,1.27795
2013.03.28 00:04:12.653,1.27791,1.27795
2013.03.28 00:04:14.944,1.27791,1.27795
2013.03.28 00:04:24.712,1.27791,1.27795
2013.03.28 00:04:28.873,1.27791,1.27795
2013.03.28 00:04:29.854,1.27789,1.27793
2013.03.28 00:04:29.984,1.27788,1.27791
2013.03.28 00:04:30.175,1.27786,1.2779
2013.03.28 00:04:30.712,1.27786,1.2779
2013.03.28 00:04:35.797,1.27786,1.2779
2013.03.28 00:04:36.478,1.27786,1.2779
2013.03.28 00:04:39.322,1.27785,1.2779
2013.03.28 00:04:39.863,1.27785,1.27789
2013.03.28 00:04:40.124,1.27785,1.27788
2013.03.28 00:04:40.483,1.27783,1.27785
2013.03.28 00:04:40.543,1.27783,1.27786
2013.03.28 00:04:41.085,1.27781,1.27785
2013.03.28 00:04:41.334,1.2778,1.27785
2013.03.28 00:04:41.873,1.2778,1.27785
2013.03.28 00:04:42.393,1.2778,1.27785
2013.03.28 00:04:47.432,1.2778,1.27785
2013.03.28 00:04:47.552,1.2778,1.27785
2013.03.28 00:04:48.077,1.2778,1.27785
2013.03.28 00:04:50.073,1.2778,1.27785
2013.03.28 00:04:52.004,1.2778,1.27783
2013.03.28 00:04:52.935,1.2778,1.27784
2013.03.28 00:04:53.506,1.2778,1.27785
2013.03.28 00:04:54.062,1.2778,1.27785
2013.03.28 00:04:57.912,1.2778,1.27785
2013.03.28 00:04:58.452,1.2778,1.27785
2013.03.28 00:05:00.732,1.2778,1.27785
2013.03.28 00:05:02.363,1.2778,1.27785
2013.03.28 00:05:05.572,1.2778,1.27785
2013.03.28 00:05:07.553,1.2778,1.27785
2013.03.28 00:05:08.108,1.27779,1.27783
2013.03.28 00:05:08.652,1.27779,1.27782
2013.03.28 00:05:09.324,1.27779,1.27782
2013.03.28 00:05:09.634,1.27778,1.27781
2013.03.28 00:05:10.173,1.27776,1.27781
2013.03.28 00:05:10.353,1.27777,1.27782
2013.03.28 00:05:10.473,1.27777,1.27783
2013.03.28 00:05:11.012,1.27779,1.27783
2013.03.28 00:05:16.814,1.27779,1.27783
2013.03.28 00:05:19.263,1.27779,1.27783
2013.03.28 00:05:19.325,1.27778,1.27781
2013.03.28 00:05:19.632,1.27778,1.27783
2013.03.28 00:05:20.174,1.27779,1.27783
2013.03.28 00:05:20.713,1.27778,1.27783
2013.03.28 00:05:20.774,1.27778,1.2778
2013.03.28 00:05:20.893,1.27776,1.2778
2013.03.28 00:05:21.013,1.27774,1.2778
2013.03.28 00:05:21.313,1.27774,1.2778
2013.03.28 00:05:21.376,1.27774,1.2778
2013.03.28 00:05:21.563,1.27775,1.2778
2013.03.28 00:05:21.623,1.27776,1.27781
2013.03.28 00:05:21.982,1.27779,1.27783
2013.03.28 00:05:23.932,1.27779,1.27783
2013.03.28 00:05:24.595,1.2778,1.27783
2013.03.28 00:05:24.722,1.2778,1.27785
2013.03.28 00:05:24.902,1.27779,1.27782
2013.03.28 00:05:25.022,1.27778,1.27782
2013.03.28 00:05:25.573,1.27778,1.27781
2013.03.28 00:05:27.193,1.27779,1.27781
2013.03.28 00:05:27.372,1.2778,1.27784
2013.03.28 00:05:28.153,1.2778,1.27785
2013.03.28 00:05:33.552,1.2778,1.27785
2013.03.28 00:05:34.064,1.27781,1.27785
2013.03.28 00:05:34.306,1.27782,1.27785
2013.03.28 00:05:34.792,1.27783,1.27786
2013.03.28 00:05:34.972,1.27784,1.27787
2013.03.28 00:05:35.632,1.27787,1.27791
2013.03.28 00:05:36.173,1.27785,1.27789
2013.03.28 00:05:38.143,1.27786,1.2779
2013.03.28 00:05:38.692,1.27788,1.27792
2013.03.28 00:05:39.232,1.2779,1.27793
2013.03.28 00:05:43.072,1.27788,1.27793
2013.03.28 00:05:45.322,1.27787,1.27792
2013.03.28 00:05:45.803,1.27787,1.2779
2013.03.28 00:05:46.524,1.27787,1.2779
2013.03.28 00:05:52.792,1.27786,1.2779
2013.03.28 00:05:59.322,1.27787,1.27791
2013.03.28 00:05:59.843,1.27787,1.27791
2013.03.28 00:06:00.384,1.27787,1.27791
2013.03.28 00:06:05.302,1.27787,1.27792
2013.03.28 00:06:06.503,1.27787,1.27792
2013.03.28 00:06:07.443,1.27787,1.27792
2013.03.28 00:06:10.872,1.27787,1.27792
2013.03.28 00:06:16.924,1.27787,1.27791
2013.03.28 00:06:17.472,1.27785,1.2779
2013.03.28 00:06:19.724,1.27785,1.2779
2013.03.28 00:06:20.382,1.27786,1.2779
2013.03.28 00:06:22.922,1.27785,1.2779
2013.03.28 00:06:23.045,1.27786,1.27791
2013.03.28 00:06:23.301,1.27789,1.27792
2013.03.28 00:06:28.122,1.27789,1.27792
2013.03.28 00:06:30.474,1.27787,1.27792
2013.03.28 00:06:31.443,1.2779,1.27792
2013.03.28 00:06:31.563,1.2779,1.27795
2013.03.28 00:06:31.684,1.27792,1.27797
2013.03.28 00:06:31.983,1.27795,1.278
2013.03.28 00:06:32.344,1.27798,1.278
2013.03.28 00:06:32.903,1.27797,1.278
2013.03.28 00:06:35.042,1.27798,1.278
2013.03.28 00:06:47.863,1.27797,1.278
2013.03.28 00:06:49.153,1.27796,1.278
2013.03.28 00:06:49.572,1.27797,1.278
2013.03.28 00:06:57.572,1.27798,1.278
2013.03.28 00:06:58.073,1.27798,1.278
2013.03.28 00:06:59.612,1.27797,1.278
2013.03.28 00:07:00.162,1.27797,1.278
2013.03.28 00:07:02.153,1.27797,1.278
2013.03.28 00:07:02.212,1.27797,1.278
2013.03.28 00:07:02.758,1.27797,1.278
2013.03.28 00:07:03.532,1.27796,1.278
2013.03.28 00:07:04.678,1.27795,1.278
2013.03.28 00:07:04.982,1.27796,1.278
2013.03.28 00:07:07.282,1.27796,1.278
2013.03.28 00:07:08.293,1.27795,1.278
2013.03.28 00:07:08.592,1.27793,1.27798
2013.03.28 00:07:08.894,1.27791,1.27795
2013.03.28 00:07:09.014,1.27788,1.27795
2013.03.28 00:07:09.373,1.27787,1.27793
2013.03.28 00:07:09.613,1.27787,1.27793
2013.03.28 00:07:13.124,1.27787,1.27792
2013.03.28 00:07:14.394,1.27788,1.27794
2013.03.28 00:07:14.753,1.27793,1.27796
2013.03.28 00:07:14.873,1.27793,1.27797
2013.03.28 00:07:15.423,1.27793,1.27798
2013.03.28 00:07:15.856,1.27794,1.27799
2013.03.28 00:07:16.744,1.27794,1.27799
2013.03.28 00:07:18.863,1.27794,1.27799
2013.03.28 00:07:21.893,1.27792,1.27797
2013.03.28 00:07:22.432,1.27792,1.27797
2013.03.28 00:07:22.793,1.27795,1.27798
2013.03.28 00:07:23.314,1.27795,1.278
2013.03.28 00:07:23.984,1.27795,1.27799
2013.03.28 00:07:25.813,1.27794,1.27798
2013.03.28 00:07:25.934,1.27793,1.27798
2013.03.28 00:07:26.054,1.27793,1.27797
2013.03.28 00:07:26.237,1.27791,1.27795
2013.03.28 00:07:26.364,1.2779,1.27793
2013.03.28 00:07:26.913,1.27789,1.27792
2013.03.28 00:07:27.223,1.27789,1.27792
2013.03.28 00:07:28.834,1.27787,1.27792
2013.03.28 00:07:31.127,1.27787,1.27792
2013.03.28 00:07:36.625,1.27786,1.2779
2013.03.28 00:07:36.696,1.27784,1.27789
2013.03.28 00:07:36.765,1.27784,1.27788
2013.03.28 00:07:36.954,1.27782,1.27786
2013.03.28 00:07:37.313,1.27783,1.27787
2013.03.28 00:07:37.493,1.27785,1.27789
2013.03.28 00:07:38.033,1.27785,1.2779
2013.03.28 00:07:38.823,1.27785,1.2779
2013.03.28 00:07:39.333,1.27785,1.2779
2013.03.28 00:07:44.540,1.27784,1.27789
2013.03.28 00:07:44.842,1.27785,1.2779
2013.03.28 00:07:45.463,1.27786,1.2779
2013.03.28 00:07:46.074,1.27786,1.2779
2013.03.28 00:07:47.953,1.27786,1.2779
2013.03.28 00:07:55.544,1.27786,1.2779
2013.03.28 00:07:56.550,1.27786,1.2779
2013.03.28 00:07:56.683,1.27783,1.27788
2013.03.28 00:07:57.214,1.27783,1.27788
2013.03.28 00:07:59.385,1.27783,1.27788
2013.03.28 00:08:00.493,1.27783,1.27788
2013.03.28 00:08:01.733,1.27783,1.27787
2013.03.28 00:08:05.315,1.27784,1.27789
2013.03.28 00:08:05.495,1.27785,1.2779
2013.03.28 00:08:06.164,1.27785,1.2779
2013.03.28 00:08:09.333,1.27785,1.2779
2013.03.28 00:08:09.963,1.27785,1.2779
2013.03.28 00:08:10.502,1.27785,1.2779
2013.03.28 00:08:11.044,1.27785,1.2779
2013.03.28 00:08:11.574,1.27785,1.27789
2013.03.28 00:08:11.634,1.27783,1.27787
2013.03.28 00:08:11.815,1.27781,1.27785
2013.03.28 00:08:12.603,1.2778,1.27785
2013.03.28 00:08:12.685,1.2778,1.27782
2013.03.28 00:08:13.244,1.2778,1.27782
2013.03.28 00:08:13.793,1.2778,1.27783
2013.03.28 00:08:15.803,1.2778,1.27783
2013.03.28 00:08:16.044,1.2778,1.27783
2013.03.28 00:08:16.104,1.2778,1.27783
2013.03.28 00:08:16.343,1.2778,1.27783
2013.03.28 00:08:16.463,1.2778,1.27783
2013.03.28 00:08:18.523,1.27779,1.27783
2013.03.28 00:08:19.363,1.27779,1.27782
2013.03.28 00:08:19.903,1.2778,1.27783
2013.03.28 00:08:30.483,1.27779,1.27782
2013.03.28 00:08:39.643,1.27779,1.27781
2013.03.28 00:08:48.074,1.27779,1.27782
2013.03.28 00:08:48.448,1.27781,1.27784
2013.03.28 00:08:48.764,1.27781,1.27785
2013.03.28 00:08:49.303,1.27781,1.27785
2013.03.28 00:08:49.842,1.27781,1.27785
2013.03.28 00:08:50.346,1.27781,1.27785
2013.03.28 00:08:50.892,1.27781,1.27786
2013.03.28 00:08:56.403,1.27782,1.27787
2013.03.28 00:09:01.982,1.27783,1.27788
2013.03.28 00:09:02.679,1.27784,1.27789
2013.03.28 00:09:03.582,1.27787,1.27792
2013.03.28 00:09:08.493,1.27787,1.27792
2013.03.28 00:09:08.793,1.2779,1.27794
2013.03.28 00:09:08.913,1.2779,1.27794
2013.03.28 00:09:09.452,1.27789,1.27795
2013.03.28 00:09:09.906,1.27788,1.27791
2013.03.28 00:09:10.094,1.27786,1.27791
2013.03.28 00:09:10.573,1.27785,1.2779
2013.03.28 00:09:12.185,1.27786,1.2779
2013.03.28 00:09:15.904,1.27788,1.2779
2013.03.28 00:09:16.443,1.27789,1.27791
2013.03.28 00:09:16.982,1.27786,1.27791
2013.03.28 00:09:17.533,1.27786,1.2779
2013.03.28 00:09:19.022,1.27786,1.2779
2013.03.28 00:09:19.748,1.27786,1.2779
2013.03.28 00:09:27.982,1.27785,1.2779
2013.03.28 00:09:30.263,1.27785,1.2779
2013.03.28 00:09:34.823,1.27785,1.2779
2013.03.28 00:09:35.333,1.27785,1.27789
2013.03.28 00:09:50.324,1.27786,1.27789
2013.03.28 00:09:51.143,1.27786,1.27789
2013.03.28 00:09:57.923,1.27786,1.27789
2013.03.28 00:09:58.463,1.27786,1.27789
2013.03.28 00:09:59.233,1.27787,1.27791
2013.03.28 00:09:59.534,1.27788,1.27792
2013.03.28 00:09:59.775,1.2779,1.27794
2013.03.28 00:09:59.893,1.27788,1.27794
2013.03.28 00:10:00.013,1.27789,1.27793
2013.03.28 00:10:00.553,1.27789,1.27792
2013.03.28 00:10:01.226,1.27789,1.27792
2013.03.28 00:10:03.343,1.27788,1.27792
2013.03.28 00:10:03.883,1.27789,1.27793
2013.03.28 00:10:06.134,1.2779,1.27793
2013.03.28 00:10:06.313,1.2779,1.27795
2013.03.28 00:10:07.152,1.27789,1.27795
2013.03.28 00:10:07.856,1.2779,1.27795
2013.03.28 00:10:08.584,1.2779,1.27793
2013.03.28 00:10:08.824,1.27787,1.2779
2013.03.28 00:10:08.889,1.27787,1.27791
2013.03.28 00:10:09.133,1.27785,1.2779
2013.03.28 00:10:09.731,1.27785,1.2779
2013.03.28 00:10:10.263,1.27786,1.2779
2013.03.28 00:10:12.383,1.27785,1.2779
2013.03.28 00:10:12.684,1.27787,1.27793
2013.03.28 00:10:12.923,1.27788,1.27794
2013.03.28 00:10:15.254,1.27789,1.27793
2013.03.28 00:10:16.076,1.27788,1.27792
2013.03.28 00:10:20.454,1.27789,1.27794
2013.03.28 00:10:20.692,1.27789,1.27794
2013.03.28 00:10:21.424,1.27789,1.27794
2013.03.28 00:10:21.683,1.27789,1.27793
2013.03.28 00:10:21.863,1.27786,1.2779
2013.03.28 00:10:22.650,1.27786,1.2779
2013.03.28 00:10:26.103,1.27785,1.2779
2013.03.28 00:10:26.673,1.27785,1.2779
2013.03.28 00:10:27.205,1.27788,1.2779
2013.03.28 00:10:27.263,1.2779,1.27791
2013.03.28 00:10:27.503,1.2779,1.27795
2013.03.28 00:10:27.862,1.2779,1.27795
2013.03.28 00:10:29.992,1.2779,1.27795
2013.03.28 00:10:39.733,1.2779,1.27795
2013.03.28 00:10:43.662,1.27788,1.27793
2013.03.28 00:10:44.223,1.27788,1.27793
2013.03.28 00:10:46.703,1.27787,1.27792
2013.03.28 00:10:47.124,1.27788,1.27792
2013.03.28 00:10:47.724,1.2779,1.27793
2013.03.28 00:10:48.264,1.27787,1.27792
2013.03.28 00:10:48.803,1.27788,1.27792
2013.03.28 00:10:49.343,1.27788,1.27792
2013.03.28 00:10:52.283,1.27788,1.27793
2013.03.28 00:10:52.823,1.27787,1.27791
2013.03.28 00:10:53.393,1.27786,1.27791
2013.03.28 00:10:55.783,1.27786,1.2779
2013.03.28 00:10:55.964,1.27785,1.27789
2013.03.28 00:10:56.683,1.27785,1.27789
2013.03.28 00:10:57.222,1.27785,1.2779
2013.03.28 00:10:58.425,1.27785,1.2779
2013.03.28 00:11:08.473,1.27785,1.27789
2013.03.28 00:11:09.372,1.27785,1.27789
2013.03.28 00:11:11.813,1.27785,1.27789
2013.03.28 00:11:12.479,1.27785,1.27789
2013.03.28 00:11:20.643,1.27785,1.2779
2013.03.28 00:11:24.633,1.27785,1.2779
2013.03.28 00:11:24.873,1.27786,1.27793
2013.03.28 00:11:25.174,1.2779,1.27794
2013.03.28 00:11:26.043,1.2779,1.27793
2013.03.28 00:11:26.605,1.2779,1.27793
2013.03.28 00:11:27.044,1.27792,1.27795
2013.03.28 00:11:27.465,1.27793,1.27797
2013.03.28 00:11:27.585,1.27794,1.27798
2013.03.28 00:11:27.826,1.27795,1.27799
2013.03.28 00:11:28.374,1.27796,1.27799
2013.03.28 00:11:28.961,1.27796,1.27799
2013.03.28 00:11:29.748,1.27795,1.27799
2013.03.28 00:11:29.933,1.27793,1.27798
2013.03.28 00:11:30.054,1.27792,1.27797
2013.03.28 00:11:31.413,1.27792,1.27797
2013.03.28 00:11:31.489,1.27794,1.27798
2013.03.28 00:11:31.914,1.27795,1.27799
2013.03.28 00:11:32.453,1.27796,1.27799
2013.03.28 00:11:35.024,1.27796,1.278
2013.03.28 00:11:35.085,1.27796,1.278
2013.03.28 00:11:35.623,1.27797,1.27801
2013.03.28 00:11:37.013,1.27797,1.27801
2013.03.28 00:11:40.584,1.27798,1.27801
2013.03.28 00:11:41.125,1.27798,1.27802
2013.03.28 00:11:42.315,1.27798,1.27802
2013.03.28 00:11:47.363,1.27798,1.27802
2013.03.28 00:11:47.784,1.278,1.27805
2013.03.28 00:11:48.265,1.27804,1.27806
2013.03.28 00:11:48.505,1.27804,1.27808
2013.03.28 00:11:48.695,1.27804,1.27809
2013.03.28 00:11:48.813,1.27805,1.2781
2013.03.28 00:11:49.364,1.27806,1.2781
2013.03.28 00:11:49.664,1.27806,1.27811
2013.03.28 00:11:50.214,1.27807,1.27811
2013.03.28 00:11:51.133,1.27808,1.27812
2013.03.28 00:11:51.494,1.27809,1.27813
2013.03.28 00:11:52.044,1.27809,1.27813
2013.03.28 00:11:52.630,1.2781,1.27812
2013.03.28 00:11:54.355,1.2781,1.27813
2013.03.28 00:11:57.524,1.2781,1.27813
2013.03.28 00:11:58.361,1.27808,1.27812
2013.03.28 00:12:00.994,1.27809,1.27813
2013.03.28 00:12:01.114,1.2781,1.27814
2013.03.28 00:12:01.654,1.2781,1.27815
2013.03.28 00:12:02.272,1.2781,1.27815
2013.03.28 00:12:06.805,1.27809,1.27814
2013.03.28 00:12:07.383,1.27809,1.27813
2013.03.28 00:12:07.715,1.27807,1.27813
2013.03.28 00:12:09.136,1.27806,1.27811
2013.03.28 00:12:09.641,1.27806,1.27811
2013.03.28 00:12:10.164,1.27806,1.27811
2013.03.28 00:12:11.723,1.27805,1.2781
2013.03.28 00:12:11.904,1.27806,1.27812
2013.03.28 00:12:11.967,1.27806,1.27812
2013.03.28 00:12:12.274,1.2781,1.27814
2013.03.28 00:12:13.233,1.2781,1.27814
2013.03.28 00:12:13.774,1.2781,1.27815
2013.03.28 00:12:19.603,1.2781,1.27815
2013.03.28 00:12:26.643,1.2781,1.27815
2013.03.28 00:12:28.265,1.2781,1.27815
2013.03.28 00:12:28.823,1.27811,1.27816
2013.03.28 00:12:29.363,1.27811,1.27816
2013.03.28 00:12:29.902,1.2781,1.27815
2013.03.28 00:12:33.152,1.27811,1.27815
2013.03.28 00:12:33.213,1.27813,1.27819
2013.03.28 00:12:33.274,1.27816,1.2782
2013.03.28 00:12:33.633,1.27819,1.27823
2013.03.28 00:12:33.994,1.27819,1.27822
2013.03.28 00:12:34.245,1.27816,1.27821
2013.03.28 00:12:34.782,1.27816,1.2782
2013.03.28 00:12:35.335,1.27815,1.2782
2013.03.28 00:12:35.885,1.27815,1.2782
2013.03.28 00:12:36.884,1.27815,1.27821
2013.03.28 00:12:38.675,1.2782,1.27822
2013.03.28 00:12:38.804,1.27821,1.27825
2013.03.28 00:12:38.863,1.27821,1.27825
2013.03.28 00:12:40.080,1.27819,1.27824
2013.03.28 00:12:40.603,1.27818,1.27823
2013.03.28 00:12:41.844,1.27818,1.27823
2013.03.28 00:12:42.323,1.27817,1.27822
2013.03.28 00:12:42.383,1.27816,1.27822
2013.03.28 00:12:43.046,1.27816,1.27821
2013.03.28 00:12:43.593,1.27814,1.27819
2013.03.28 00:12:44.133,1.27814,1.27819
2013.03.28 00:12:44.373,1.27812,1.27815
2013.03.28 00:12:44.495,1.2781,1.27815
2013.03.28 00:12:44.554,1.2781,1.27815
2013.03.28 00:12:44.694,1.27809,1.27815
2013.03.28 00:12:45.054,1.27813,1.27817
2013.03.28 00:12:45.236,1.27815,1.27821
2013.03.28 00:12:45.783,1.27816,1.2782
2013.03.28 00:12:50.553,1.27816,1.2782
2013.03.28 00:12:51.604,1.27815,1.27818
2013.03.28 00:12:51.682,1.27813,1.27818
2013.03.28 00:12:51.755,1.27812,1.27818
2013.03.28 00:12:52.354,1.27812,1.27817
2013.03.28 00:12:52.903,1.27812,1.27816
2013.03.28 00:12:55.134,1.27811,1.27815
2013.03.28 00:12:57.403,1.27808,1.27812
2013.03.28 00:12:58.144,1.27809,1.27813
2013.03.28 00:12:58.683,1.27809,1.27813
2013.03.28 00:12:59.584,1.27808,1.27813
2013.03.28 00:12:59.648,1.27807,1.27812
2013.03.28 00:13:06.583,1.27808,1.27812
2013.03.28 00:13:11.183,1.27808,1.27812
2013.03.28 00:13:11.906,1.27808,1.27812
2013.03.28 00:13:14.383,1.27808,1.27812
2013.03.28 00:13:17.323,1.27807,1.27812
2013.03.28 00:13:20.004,1.27808,1.27812
2013.03.28 00:13:20.726,1.27809,1.27812
2013.03.28 00:13:21.366,1.27809,1.27812
2013.03.28 00:13:26.533,1.27808,1.27813
2013.03.28 00:13:27.164,1.27809,1.27813
2013.03.28 00:13:28.613,1.27808,1.27813
2013.03.28 00:13:29.153,1.27808,1.27812
2013.03.28 00:13:30.095,1.27808,1.27812
2013.03.28 00:13:31.252,1.27808,1.27812
2013.03.28 00:13:31.672,1.27808,1.27812
2013.03.28 00:13:31.732,1.27808,1.27812
2013.03.28 00:13:32.434,1.27809,1.27814
2013.03.28 00:13:38.844,1.27809,1.27814
2013.03.28 00:13:38.904,1.2781,1.27814
2013.03.28 00:13:39.264,1.27814,1.27817
2013.03.28 00:13:39.503,1.27816,1.2782
2013.03.28 00:13:39.564,1.27816,1.2782
2013.03.28 00:13:40.104,1.27817,1.27821
2013.03.28 00:13:40.223,1.27817,1.27822
2013.03.28 00:13:40.724,1.27817,1.27821
2013.03.28 00:13:41.263,1.27817,1.27821
2013.03.28 00:13:41.444,1.27817,1.27822
2013.03.28 00:13:41.624,1.27818,1.27823
2013.03.28 00:13:41.984,1.27822,1.27826
2013.03.28 00:13:42.548,1.27822,1.27826
2013.03.28 00:13:43.093,1.27822,1.27826
2013.03.28 00:13:43.649,1.27822,1.27826
2013.03.28 00:13:44.113,1.2782,1.27825
2013.03.28 00:13:44.665,1.27819,1.27825
2013.03.28 00:13:46.175,1.27819,1.27824
2013.03.28 00:13:46.733,1.27818,1.27822
2013.03.28 00:13:47.894,1.27818,1.27822
2013.03.28 00:13:51.084,1.27817,1.27821
2013.03.28 00:13:53.486,1.27817,1.2782
2013.03.28 00:13:53.559,1.27815,1.27821
2013.03.28 00:13:53.684,1.27812,1.27817
2013.03.28 00:13:54.224,1.27812,1.27816
2013.03.28 00:13:54.763,1.2781,1.27815
2013.03.28 00:13:55.063,1.27809,1.27814
2013.03.28 00:13:55.603,1.27809,1.27814
2013.03.28 00:13:56.983,1.27808,1.27813
2013.03.28 00:13:57.104,1.27808,1.27811
2013.03.28 00:13:57.643,1.27808,1.27812
2013.03.28 00:13:58.663,1.27808,1.27813
2013.03.28 00:13:59.143,1.2781,1.27814
2013.03.28 00:13:59.683,1.2781,1.27814
2013.03.28 00:14:03.383,1.27808,1.27814
2013.03.28 00:14:03.684,1.27807,1.27813
2013.03.28 00:14:05.533,1.27807,1.27812
2013.03.28 00:14:11.875,1.27808,1.27813
2013.03.28 00:14:12.053,1.2781,1.27815
2013.03.28 00:14:12.233,1.2781,1.27815
2013.03.28 00:14:12.353,1.2781,1.27815
2013.03.28 00:14:14.003,1.2781,1.27814
2013.03.28 00:14:14.306,1.27808,1.27813
2013.03.28 00:14:15.813,1.27808,1.27812
2013.03.28 00:14:16.335,1.27807,1.27812
2013.03.28 00:14:18.174,1.27809,1.27811
2013.03.28 00:14:18.473,1.27809,1.27814
2013.03.28 00:14:19.012,1.27809,1.27813
2013.03.28 00:14:23.103,1.27807,1.27813
2013.03.28 00:14:23.165,1.27807,1.27812
2013.03.28 00:14:23.803,1.27807,1.27812
2013.03.28 00:14:27.814,1.27807,1.27811
2013.03.28 00:14:28.367,1.27807,1.27812
2013.03.28 00:14:28.873,1.27807,1.27812
2013.03.28 00:14:29.894,1.27808,1.27813
2013.03.28 00:14:31.314,1.27808,1.27813
2013.03.28 00:14:38.303,1.27808,1.27813
2013.03.28 00:14:40.493,1.27808,1.27813
2013.03.28 00:14:41.153,1.27807,1.27812
2013.03.28 00:14:41.780,1.27807,1.27812
2013.03.28 00:14:42.983,1.27808,1.27813
2013.03.28 00:14:48.603,1.27808,1.27813
2013.03.28 00:14:49.123,1.27808,1.27813
2013.03.28 00:14:49.673,1.27808,1.27814
2013.03.28 00:14:54.674,1.27809,1.27814
2013.03.28 00:14:55.273,1.27809,1.27814
2013.03.28 00:14:57.723,1.27808,1.27814
2013.03.28 00:15:05.284,1.27808,1.27814
2013.03.28 00:15:05.703,1.27808,1.27811
2013.03.28 00:15:06.064,1.27806,1.27809
2013.03.28 00:15:06.123,1.27805,1.27808
2013.03.28 00:15:06.663,1.27805,1.27809
2013.03.28 00:15:08.836,1.27805,1.27808
2013.03.28 00:15:08.964,1.27803,1.27809
2013.03.28 00:15:09.024,1.27802,1.27807
2013.03.28 00:15:09.455,1.27801,1.27804
2013.03.28 00:15:09.644,1.27799,1.27802
2013.03.28 00:15:10.003,1.27797,1.27802
2013.03.28 00:15:10.523,1.27797,1.27802
2013.03.28 00:15:11.163,1.27797,1.27802
2013.03.28 00:15:12.640,1.27798,1.27803
2013.03.28 00:15:12.706,1.278,1.27805
2013.03.28 00:15:13.243,1.278,1.27805
2013.03.28 00:15:13.793,1.278,1.27805
2013.03.28 00:15:14.333,1.27802,1.27807
2013.03.28 00:15:14.884,1.27802,1.27806
2013.03.28 00:15:15.244,1.278,1.27804
2013.03.28 00:15:15.305,1.278,1.27804
2013.03.28 00:15:15.424,1.278,1.27804
2013.03.28 00:15:15.964,1.278,1.27804
2013.03.28 00:15:16.503,1.27799,1.27804
2013.03.28 00:15:16.946,1.27799,1.27802
2013.03.28 00:15:17.495,1.27798,1.278
2013.03.28 00:15:17.853,1.27796,1.27801
2013.03.28 00:15:17.916,1.27795,1.27799
2013.03.28 00:15:18.395,1.27796,1.27802
2013.03.28 00:15:18.514,1.27796,1.27803
2013.03.28 00:15:19.053,1.27799,1.27804
2013.03.28 00:15:19.554,1.278,1.27804
2013.03.28 00:15:20.197,1.278,1.27804
2013.03.28 00:15:23.185,1.278,1.27805
2013.03.28 00:15:23.316,1.27799,1.27802
2013.03.28 00:15:23.563,1.278,1.27804
2013.03.28 00:15:25.008,1.278,1.27804
2013.03.28 00:15:25.374,1.27798,1.27803
2013.03.28 00:15:25.674,1.278,1.27803
2013.03.28 00:15:26.163,1.27801,1.27803
2013.03.28 00:15:26.888,1.27798,1.27803
2013.03.28 00:15:26.961,1.27798,1.27803
2013.03.28 00:15:27.503,1.27799,1.27803
2013.03.28 00:15:27.924,1.278,1.27804
2013.03.28 00:15:28.463,1.27801,1.27804
2013.03.28 00:15:29.004,1.27799,1.27804
2013.03.28 00:15:29.505,1.27799,1.27804
2013.03.28 00:15:30.183,1.278,1.27804
2013.03.28 00:15:30.304,1.27799,1.27804
2013.03.28 00:15:32.083,1.27799,1.27804
2013.03.28 00:15:32.984,1.27799,1.27804
2013.03.28 00:15:38.313,1.278,1.27804
2013.03.28 00:15:38.433,1.27799,1.27804
2013.03.28 00:15:46.188,1.27798,1.27803
2013.03.28 00:15:46.313,1.27799,1.27804
2013.03.28 00:15:46.853,1.27799,1.27804
2013.03.28 00:15:47.575,1.27799,1.27804
2013.03.28 00:15:48.105,1.27799,1.27802
2013.03.28 00:15:48.653,1.27796,1.278
2013.03.28 00:15:50.070,1.27796,1.278
2013.03.28 00:15:50.797,1.27796,1.278
2013.03.28 00:15:51.197,1.27794,1.27798
2013.03.28 00:15:51.626,1.27792,1.27796
2013.03.28 00:15:52.113,1.27792,1.27795
2013.03.28 00:15:53.674,1.27791,1.27794
2013.03.28 00:15:53.984,1.27791,1.27794
2013.03.28 00:15:54.104,1.27786,1.27793
2013.03.28 00:15:54.765,1.27789,1.27793
2013.03.28 00:15:56.284,1.27789,1.27793
2013.03.28 00:15:56.405,1.27788,1.2779
2013.03.28 00:15:56.584,1.27789,1.27791
2013.03.28 00:15:56.764,1.27789,1.27794
2013.03.28 00:15:57.304,1.2779,1.27794
2013.03.28 00:15:57.843,1.27791,1.27795
2013.03.28 00:15:59.364,1.27791,1.27795
2013.03.28 00:15:59.865,1.27791,1.27795
2013.03.28 00:16:00.273,1.2779,1.27795
2013.03.28 00:16:03.224,1.2779,1.27795
2013.03.28 00:16:03.404,1.2779,1.27793
2013.03.28 00:16:04.105,1.27789,1.27791
2013.03.28 00:16:04.883,1.27787,1.2779
2013.03.28 00:16:04.960,1.27786,1.27789
2013.03.28 00:16:05.088,1.27783,1.27788
2013.03.28 00:16:05.575,1.27787,1.27791
2013.03.28 00:16:05.875,1.27788,1.27791
2013.03.28 00:16:06.054,1.27788,1.27792
2013.03.28 00:16:06.114,1.27789,1.27793
2013.03.28 00:16:06.655,1.2779,1.27793
2013.03.28 00:16:07.076,1.2779,1.27794
2013.03.28 00:16:07.385,1.27794,1.27796
2013.03.28 00:16:07.565,1.2779,1.27793
2013.03.28 00:16:08.104,1.27787,1.27792
2013.03.28 00:16:08.643,1.27787,1.27792
2013.03.28 00:16:09.187,1.27787,1.27792
2013.03.28 00:16:10.874,1.27786,1.27792
2013.03.28 00:16:11.403,1.27786,1.27792
2013.03.28 00:16:11.463,1.27789,1.27792
2013.03.28 00:16:13.435,1.27786,1.2779
2013.03.28 00:16:13.674,1.27784,1.27789
2013.03.28 00:16:14.093,1.27786,1.2779
2013.03.28 00:16:14.394,1.2779,1.27793
2013.03.28 00:16:38.563,1.2779,1.27794
2013.03.28 00:16:38.753,1.27789,1.27794
2013.03.28 00:16:39.833,1.27789,1.27792
2013.03.28 00:16:40.383,1.27787,1.27791
2013.03.28 00:16:40.944,1.27787,1.27791
2013.03.28 00:16:41.064,1.27786,1.27789
2013.03.28 00:16:41.184,1.27784,1.27788
2013.03.28 00:16:41.664,1.27784,1.27788
2013.03.28 00:16:41.847,1.27787,1.27791
2013.03.28 00:16:41.974,1.27789,1.27794
2013.03.28 00:16:42.783,1.27789,1.27793
2013.03.28 00:16:44.604,1.27789,1.27793
2013.03.28 00:16:46.104,1.2779,1.27793
2013.03.28 00:16:47.054,1.2779,1.27793
2013.03.28 00:17:09.155,1.2779,1.27793
2013.03.28 00:17:26.534,1.2779,1.27794
2013.03.28 00:17:36.405,1.27789,1.27794
2013.03.28 00:17:36.944,1.27788,1.27793
2013.03.28 00:17:37.593,1.27789,1.27794
2013.03.28 00:17:38.115,1.2779,1.27794
2013.03.28 00:17:38.476,1.27788,1.27791
2013.03.28 00:17:38.594,1.27786,1.2779
2013.03.28 00:17:38.834,1.27785,1.2779
2013.03.28 00:17:38.955,1.27785,1.27789
2013.03.28 00:17:39.495,1.27787,1.27791
2013.03.28 00:17:40.044,1.27787,1.27791
2013.03.28 00:17:42.975,1.27787,1.2779
2013.03.28 00:17:43.336,1.27788,1.27791
2013.03.28 00:17:45.346,1.27787,1.27792
2013.03.28 00:17:47.244,1.27788,1.27793
2013.03.28 00:17:47.764,1.27788,1.27793
2013.03.28 00:17:51.808,1.27789,1.27794
2013.03.28 00:17:52.395,1.27789,1.27794
2013.03.28 00:18:03.125,1.2779,1.27794
2013.03.28 00:18:10.260,1.2779,1.27795
2013.03.28 00:18:10.771,1.27792,1.27795
2013.03.28 00:18:11.635,1.27792,1.27795
2013.03.28 00:18:19.244,1.27792,1.27795
2013.03.28 00:18:28.636,1.27792,1.27795
2013.03.28 00:18:28.946,1.27795,1.27799
2013.03.28 00:18:29.364,1.27797,1.278
2013.03.28 00:18:29.916,1.27796,1.27799
2013.03.28 00:18:32.474,1.27797,1.27799
2013.03.28 00:18:32.774,1.27797,1.27799
2013.03.28 00:18:37.164,1.27796,1.278
2013.03.28 00:18:37.224,1.27796,1.278
2013.03.28 00:18:46.854,1.27797,1.278
2013.03.28 00:18:47.364,1.27798,1.27801
2013.03.28 00:18:47.484,1.27797,1.27803
2013.03.28 00:18:48.244,1.27798,1.27803
2013.03.28 00:18:53.945,1.27797,1.27801
2013.03.28 00:18:54.065,1.27797,1.278
2013.03.28 00:19:04.044,1.27798,1.278
2013.03.28 00:19:04.585,1.27799,1.27802
2013.03.28 00:19:05.126,1.27799,1.27802
2013.03.28 00:19:06.995,1.27798,1.27802
2013.03.28 00:19:07.534,1.27799,1.27802
2013.03.28 00:19:09.574,1.27798,1.27803
2013.03.28 00:19:11.879,1.27798,1.27803
2013.03.28 00:19:17.604,1.27798,1.27801
2013.03.28 00:19:18.421,1.27797,1.278
2013.03.28 00:19:18.746,1.27799,1.27801
2013.03.28 00:19:18.816,1.27799,1.27802
2013.03.28 00:19:18.934,1.27799,1.27803
2013.03.28 00:19:19.055,1.278,1.27804
2013.03.28 00:19:19.415,1.27802,1.27804
2013.03.28 00:19:20.411,1.27801,1.27806
2013.03.28 00:19:22.474,1.27802,1.27807
2013.03.28 00:19:22.595,1.27803,1.27807
2013.03.28 00:19:23.074,1.27804,1.27808
2013.03.28 00:19:24.180,1.27804,1.27807
2013.03.28 00:19:24.259,1.27803,1.27806
2013.03.28 00:19:24.330,1.278,1.27803
2013.03.28 00:19:27.114,1.278,1.27803
2013.03.28 00:19:27.654,1.27801,1.27803
2013.03.28 00:19:31.404,1.27801,1.27803
2013.03.28 00:19:32.544,1.27802,1.27804
2013.03.28 00:19:33.314,1.27801,1.27805
2013.03.28 00:19:34.746,1.27801,1.27805
2013.03.28 00:19:35.304,1.27798,1.27805
2013.03.28 00:19:35.484,1.27799,1.27804
2013.03.28 00:19:35.999,1.27799,1.27803
2013.03.28 00:19:37.823,1.27798,1.27803
2013.03.28 00:19:37.944,1.27798,1.278
2013.03.28 00:19:38.064,1.27798,1.27802
2013.03.28 00:19:39.023,1.27798,1.27803
2013.03.28 00:19:45.439,1.27798,1.27802
2013.03.28 00:19:48.108,1.27798,1.27802
2013.03.28 00:19:48.175,1.27798,1.27802
2013.03.28 00:19:48.534,1.27795,1.278
2013.03.28 00:19:49.045,1.27796,1.27799
2013.03.28 00:19:49.585,1.27797,1.27799
2013.03.28 00:19:50.144,1.27796,1.278
2013.03.28 00:19:51.115,1.27795,1.27799
2013.03.28 00:19:51.236,1.27794,1.27799
2013.03.28 00:19:51.296,1.27793,1.27796
2013.03.28 00:19:51.355,1.27792,1.27796
2013.03.28 00:19:51.654,1.27791,1.27795
2013.03.28 00:19:53.573,1.27791,1.27795
2013.03.28 00:19:56.396,1.27791,1.27792
2013.03.28 00:19:56.934,1.2779,1.27793
2013.03.28 00:19:58.427,1.27788,1.27792
2013.03.28 00:19:58.555,1.27788,1.27793
2013.03.28 00:19:58.674,1.2779,1.27794
2013.03.28 00:19:59.094,1.27793,1.27797
2013.03.28 00:19:59.153,1.27795,1.27798
2013.03.28 00:19:59.334,1.27795,1.278
2013.03.28 00:19:59.514,1.27796,1.278
2013.03.28 00:20:00.384,1.27796,1.278
2013.03.28 00:20:00.904,1.27796,1.27802
2013.03.28 00:20:01.405,1.27796,1.278
2013.03.28 00:20:01.524,1.27796,1.278
2013.03.28 00:20:02.139,1.27795,1.278
2013.03.28 00:20:05.962,1.27796,1.27798
2013.03.28 00:20:06.264,1.27793,1.27795
2013.03.28 00:20:06.324,1.2779,1.27793
2013.03.28 00:20:06.565,1.27786,1.27791
2013.03.28 00:20:06.745,1.27788,1.27791
2013.03.28 00:20:07.104,1.27788,1.27793
2013.03.28 00:20:07.225,1.27789,1.27794
2013.03.28 00:20:07.465,1.2779,1.27795
2013.03.28 00:20:08.005,1.27791,1.27796
2013.03.28 00:20:08.803,1.27794,1.27799
2013.03.28 00:20:13.375,1.27795,1.278
2013.03.28 00:20:13.914,1.27794,1.278
2013.03.28 00:20:18.528,1.27794,1.278
2013.03.28 00:20:19.050,1.27794,1.278
2013.03.28 00:20:21.735,1.27793,1.27797
2013.03.28 00:20:23.155,1.27791,1.27796
2013.03.28 00:20:26.684,1.27792,1.27797
2013.03.28 00:20:26.867,1.27794,1.27798
2013.03.28 00:20:26.934,1.27795,1.27799
2013.03.28 00:20:27.438,1.27795,1.27799
2013.03.28 00:20:31.166,1.27795,1.27799
2013.03.28 00:20:31.525,1.27793,1.27796
2013.03.28 00:20:31.724,1.27791,1.27796
2013.03.28 00:20:43.134,1.27791,1.27795
2013.03.28 00:21:12.905,1.2779,1.27794
2013.03.28 00:21:13.444,1.27789,1.27793
2013.03.28 00:21:19.285,1.2779,1.27794
2013.03.28 00:21:19.825,1.2779,1.27794
2013.03.28 00:21:30.459,1.27791,1.27795
2013.03.28 00:21:46.325,1.27791,1.27795
2013.03.28 00:21:58.175,1.27791,1.27795
2013.03.28 00:22:05.688,1.27791,1.27795
2013.03.28 00:22:08.985,1.27791,1.27795
2013.03.28 00:22:09.046,1.2779,1.27793
2013.03.28 00:22:09.465,1.27789,1.27793
2013.03.28 00:22:09.527,1.27789,1.27791
2013.03.28 00:22:10.075,1.2779,1.27793
2013.03.28 00:22:10.624,1.2779,1.27794
2013.03.28 00:22:29.856,1.2779,1.27794
2013.03.28 00:22:29.974,1.2779,1.27794
2013.03.28 00:22:49.246,1.2779,1.27792
2013.03.28 00:22:49.608,1.27786,1.27791
2013.03.28 00:22:49.735,1.27787,1.27788
2013.03.28 00:22:49.794,1.27787,1.27788
2013.03.28 00:22:49.975,1.27784,1.27787
2013.03.28 00:22:50.155,1.27783,1.27788
2013.03.28 00:22:50.575,1.27785,1.27789
2013.03.28 00:22:51.065,1.27785,1.27791
2013.03.28 00:22:51.605,1.27785,1.27791
2013.03.28 00:23:06.054,1.27785,1.27791
2013.03.28 00:23:06.724,1.27785,1.27791
2013.03.28 00:23:08.654,1.27786,1.27791
2013.03.28 00:23:09.208,1.27786,1.27791
2013.03.28 00:23:12.236,1.27786,1.27791
2013.03.28 00:23:13.014,1.27786,1.27791
2013.03.28 00:23:23.676,1.27786,1.27791
2013.03.28 00:23:33.646,1.27787,1.27792
2013.03.28 00:23:38.224,1.27788,1.27792
2013.03.28 00:23:40.015,1.27787,1.27792
2013.03.28 00:23:40.658,1.27787,1.27792
2013.03.28 00:23:58.696,1.27787,1.27792
2013.03.28 00:23:59.234,1.27787,1.27791
2013.03.28 00:24:00.446,1.27787,1.27791
2013.03.28 00:24:05.174,1.27787,1.27792
2013.03.28 00:24:05.778,1.27787,1.27792
2013.03.28 00:24:06.094,1.27787,1.27792
2013.03.28 00:24:06.155,1.27787,1.27792
2013.03.28 00:24:15.545,1.27787,1.27792
2013.03.28 00:24:19.034,1.27787,1.27792
2013.03.28 00:24:19.575,1.27788,1.27792
2013.03.28 00:24:26.109,1.27787,1.27792
2013.03.28 00:24:35.833,1.27787,1.27792
2013.03.28 00:24:36.140,1.27787,1.27789
2013.03.28 00:24:37.237,1.27787,1.27792
2013.03.28 00:24:37.354,1.27787,1.27793
2013.03.28 00:24:43.594,1.27787,1.27793
2013.03.28 00:24:47.344,1.27787,1.27793
2013.03.28 00:24:48.164,1.27787,1.27793
2013.03.28 00:24:57.165,1.27787,1.27792
2013.03.28 00:25:04.295,1.27787,1.27792
2013.03.28 00:25:31.895,1.27787,1.27792
2013.03.28 00:25:56.807,1.27786,1.27792
2013.03.28 00:26:00.414,1.27786,1.27791
2013.03.28 00:26:07.514,1.27786,1.27792
2013.03.28 00:26:07.994,1.27788,1.27793
2013.03.28 00:26:08.524,1.27789,1.27793
2013.03.28 00:26:48.559,1.27789,1.27794
2013.03.28 00:26:48.866,1.27789,1.27795
2013.03.28 00:26:49.404,1.2779,1.27795
2013.03.28 00:26:54.964,1.27791,1.27796
2013.03.28 00:26:55.085,1.27792,1.27797
2013.03.28 00:26:55.265,1.27792,1.27798
2013.03.28 00:26:55.805,1.27794,1.27798
2013.03.28 00:27:01.225,1.27795,1.27799
2013.03.28 00:27:01.814,1.27798,1.27802
2013.03.28 00:27:03.316,1.27798,1.27802
2013.03.28 00:27:07.745,1.27797,1.27802
2013.03.28 00:27:34.445,1.27797,1.27802
2013.03.28 00:28:00.984,1.27797,1.27802
2013.03.28 00:28:08.385,1.27797,1.27801
2013.03.28 00:28:16.585,1.27797,1.27802
2013.03.28 00:28:16.945,1.27796,1.27798
2013.03.28 00:28:17.592,1.27796,1.27801
2013.03.28 00:28:18.074,1.27796,1.27801
2013.03.28 00:28:18.587,1.27796,1.27801
2013.03.28 00:28:26.755,1.27796,1.27801
2013.03.28 00:28:32.564,1.27796,1.27801
2013.03.28 00:28:33.125,1.27796,1.27801
2013.03.28 00:28:33.704,1.27796,1.27801
2013.03.28 00:28:34.635,1.27796,1.27801
2013.03.28 00:28:35.241,1.27796,1.27801
2013.03.28 00:28:47.714,1.27797,1.27802
2013.03.28 00:29:05.399,1.27798,1.27802
2013.03.28 00:29:05.885,1.278,1.27805
2013.03.28 00:29:06.186,1.27802,1.27807
2013.03.28 00:29:06.558,1.27804,1.27809
2013.03.28 00:29:06.815,1.27805,1.2781
2013.03.28 00:29:07.364,1.27805,1.27811
2013.03.28 00:29:11.945,1.27805,1.27811
2013.03.28 00:29:16.706,1.27805,1.27812
2013.03.28 00:29:16.765,1.27805,1.27809
2013.03.28 00:29:18.255,1.27805,1.27809
2013.03.28 00:29:18.378,1.27803,1.27807
2013.03.28 00:29:18.686,1.27802,1.27807
2013.03.28 00:29:18.865,1.27801,1.27806
2013.03.28 00:29:18.925,1.278,1.27805
2013.03.28 00:29:19.105,1.27798,1.27803
2013.03.28 00:29:21.517,1.27798,1.27803
2013.03.28 00:29:21.825,1.27797,1.27799
2013.03.28 00:29:22.359,1.27796,1.27799
2013.03.28 00:29:26.405,1.27795,1.27799
2013.03.28 00:29:28.717,1.27796,1.27799
2013.03.28 00:29:38.275,1.27796,1.278
2013.03.28 00:29:39.837,1.27796,1.278
2013.03.28 00:29:40.319,1.27799,1.27802
2013.03.28 00:29:40.387,1.278,1.27803
2013.03.28 00:29:40.506,1.27801,1.27804
2013.03.28 00:29:41.425,1.27801,1.27804
2013.03.28 00:29:43.237,1.27801,1.27804
2013.03.28 00:30:02.506,1.27802,1.27805
2013.03.28 00:30:03.595,1.27802,1.27805
2013.03.28 00:30:06.346,1.27801,1.27805
2013.03.28 00:30:09.927,1.27798,1.27804
2013.03.28 00:30:10.237,1.27799,1.27803
2013.03.28 00:30:10.367,1.27799,1.27804
2013.03.28 00:30:10.546,1.27801,1.27805
2013.03.28 00:30:11.026,1.27802,1.27807
2013.03.28 00:30:11.089,1.27802,1.27807
2013.03.28 00:30:11.155,1.27802,1.27807
2013.03.28 00:30:11.995,1.27803,1.27807
2013.03.28 00:30:20.458,1.27803,1.27807
2013.03.28 00:30:20.975,1.27803,1.27807
2013.03.28 00:30:25.805,1.27803,1.27807
2013.03.28 00:30:26.105,1.27805,1.27808
2013.03.28 00:30:26.646,1.27806,1.27809
2013.03.28 00:30:27.196,1.27806,1.27809
2013.03.28 00:30:29.315,1.27806,1.2781
2013.03.28 00:30:45.527,1.27807,1.27809
2013.03.28 00:30:45.766,1.27806,1.27811
2013.03.28 00:30:46.065,1.27807,1.27811
2013.03.28 00:30:46.975,1.27808,1.27811
2013.03.28 00:30:55.968,1.27809,1.27811
2013.03.28 00:30:56.216,1.27808,1.27813
2013.03.28 00:30:57.445,1.2781,1.27813
2013.03.28 00:30:57.626,1.27811,1.27813
2013.03.28 00:30:57.806,1.27811,1.27815
2013.03.28 00:30:58.646,1.27811,1.27816
2013.03.28 00:30:58.715,1.27812,1.27816
2013.03.28 00:30:59.845,1.27813,1.27816
2013.03.28 00:31:00.455,1.27813,1.27818
2013.03.28 00:31:01.055,1.27815,1.27817
2013.03.28 00:31:01.856,1.27815,1.27818
2013.03.28 00:31:02.406,1.27816,1.27818
2013.03.28 00:31:03.766,1.27817,1.27819
2013.03.28 00:31:04.365,1.27818,1.2782
2013.03.28 00:31:05.775,1.27818,1.27821
2013.03.28 00:31:06.076,1.27819,1.27821
2013.03.28 00:31:06.585,1.27819,1.27822
2013.03.28 00:31:08.727,1.27819,1.27823
2013.03.28 00:31:12.215,1.2782,1.27824
2013.03.28 00:31:17.707,1.27823,1.27827
2013.03.28 00:31:19.355,1.27823,1.27827
2013.03.28 00:31:25.755,1.27823,1.27826
2013.03.28 00:31:33.259,1.27822,1.27825
2013.03.28 00:31:33.328,1.27821,1.27824
2013.03.28 00:31:33.516,1.2782,1.27825
2013.03.28 00:31:33.575,1.2782,1.27825
2013.03.28 00:31:33.755,1.2782,1.27825
2013.03.28 00:31:34.275,1.27819,1.27824
2013.03.28 00:31:35.957,1.27819,1.27824
2013.03.28 00:31:36.747,1.27819,1.27824
2013.03.28 00:31:45.506,1.27821,1.27825
2013.03.28 00:31:46.167,1.27821,1.27825
2013.03.28 00:31:51.763,1.2782,1.27825
2013.03.28 00:31:52.196,1.2782,1.27824
2013.03.28 00:31:52.375,1.27817,1.27825
2013.03.28 00:31:52.930,1.2782,1.27824
2013.03.28 00:31:57.717,1.2782,1.27825
2013.03.28 00:31:58.027,1.27821,1.27825
2013.03.28 00:31:59.178,1.27818,1.27821
2013.03.28 00:31:59.306,1.27818,1.27822
2013.03.28 00:31:59.367,1.27818,1.27822
2013.03.28 00:31:59.427,1.27818,1.27824
2013.03.28 00:31:59.945,1.27819,1.27824
2013.03.28 00:32:00.365,1.27819,1.27824
2013.03.28 00:32:00.885,1.27819,1.27824
2013.03.28 00:32:01.327,1.27817,1.27823
2013.03.28 00:32:01.696,1.27818,1.27824
2013.03.28 00:32:01.815,1.27818,1.27824
2013.03.28 00:32:02.175,1.27818,1.27823
2013.03.28 00:32:02.295,1.27818,1.27823
2013.03.28 00:32:03.162,1.27818,1.27823
2013.03.28 00:32:03.706,1.27817,1.2782
2013.03.28 00:32:04.176,1.27815,1.2782
2013.03.28 00:32:04.237,1.27815,1.27819
2013.03.28 00:32:04.546,1.27813,1.27816
2013.03.28 00:32:04.667,1.27809,1.27813
2013.03.28 00:32:05.205,1.27808,1.27814
2013.03.28 00:32:05.746,1.27811,1.27815
2013.03.28 00:32:05.866,1.27812,1.27817
2013.03.28 00:32:06.376,1.27813,1.27818
2013.03.28 00:32:06.923,1.27813,1.27818
2013.03.28 00:32:07.058,1.27814,1.27818
2013.03.28 00:32:07.746,1.27815,1.27819
2013.03.28 00:32:10.462,1.27815,1.27819
2013.03.28 00:32:17.415,1.27816,1.2782
2013.03.28 00:32:18.190,1.27816,1.2782
2013.03.28 00:32:21.947,1.27817,1.27821
2013.03.28 00:32:22.066,1.27817,1.27822
2013.03.28 00:32:22.186,1.27817,1.27822
2013.03.28 00:32:22.726,1.27818,1.27822
2013.03.28 00:32:23.085,1.27819,1.27824
2013.03.28 00:32:23.446,1.2782,1.27825
2013.03.28 00:32:23.880,1.27824,1.27826
2013.03.28 00:32:24.006,1.27824,1.27828
2013.03.28 00:32:24.805,1.27824,1.27828
2013.03.28 00:32:30.995,1.27823,1.27828
2013.03.28 00:32:34.145,1.27822,1.27827
2013.03.28 00:32:34.268,1.27823,1.27827
2013.03.28 00:32:34.338,1.27825,1.27829
2013.03.28 00:32:34.886,1.27827,1.2783
2013.03.28 00:32:35.448,1.27827,1.27831
2013.03.28 00:32:36.856,1.27828,1.27831
2013.03.28 00:32:36.917,1.27828,1.27832
2013.03.28 00:32:36.976,1.27828,1.27834
2013.03.28 00:32:37.515,1.27828,1.27833
2013.03.28 00:32:37.936,1.2783,1.27834
2013.03.28 00:32:39.655,1.2783,1.27834
2013.03.28 00:32:40.076,1.27828,1.27833
2013.03.28 00:32:40.436,1.27827,1.27833
2013.03.28 00:32:40.616,1.27828,1.27832
2013.03.28 00:32:41.467,1.27828,1.27832
2013.03.28 00:32:42.026,1.27829,1.27833
2013.03.28 00:32:42.566,1.27829,1.27833
2013.03.28 00:32:43.228,1.27829,1.27834
2013.03.28 00:32:45.876,1.27829,1.27834
2013.03.28 00:32:55.976,1.2783,1.27834
2013.03.28 00:32:56.517,1.27831,1.27835
2013.03.28 00:32:57.484,1.27831,1.27835
2013.03.28 00:33:07.045,1.27831,1.27835
2013.03.28 00:33:07.114,1.27831,1.27835
2013.03.28 00:33:07.687,1.27831,1.27835
2013.03.28 00:33:08.233,1.27831,1.27836
2013.03.28 00:33:08.756,1.27832,1.27836
2013.03.28 00:33:13.088,1.2783,1.27835
2013.03.28 00:33:13.397,1.2783,1.27834
2013.03.28 00:33:14.145,1.2783,1.27834
2013.03.28 00:33:19.136,1.27829,1.27834
2013.03.28 00:33:19.726,1.27828,1.27833
2013.03.28 00:33:20.275,1.27828,1.27833
2013.03.28 00:33:22.317,1.27828,1.27833
2013.03.28 00:33:22.437,1.27827,1.27832
2013.03.28 00:33:22.496,1.27827,1.27832
2013.03.28 00:33:26.906,1.27827,1.2783
2013.03.28 00:33:29.095,1.27827,1.2783
2013.03.28 00:33:29.275,1.27827,1.2783
2013.03.28 00:33:29.797,1.27827,1.2783
2013.03.28 00:33:31.166,1.27824,1.27829
2013.03.28 00:33:31.346,1.27824,1.27827
2013.03.28 00:33:31.585,1.27823,1.27825
2013.03.28 00:33:31.767,1.2782,1.27823
2013.03.28 00:33:31.825,1.27817,1.27821
2013.03.28 00:33:31.887,1.27818,1.27821
2013.03.28 00:33:32.306,1.27816,1.27821
2013.03.28 00:33:32.365,1.27816,1.27821
2013.03.28 00:33:32.906,1.27815,1.27821
2013.03.28 00:33:33.455,1.27815,1.27821
2013.03.28 00:33:40.985,1.27815,1.27821
2013.03.28 00:33:46.377,1.27815,1.2782
2013.03.28 00:33:46.944,1.27813,1.27818
2013.03.28 00:33:47.485,1.27813,1.27818
2013.03.28 00:33:48.085,1.27813,1.27815
2013.03.28 00:33:48.386,1.27811,1.27814
2013.03.28 00:33:49.115,1.2781,1.27813
2013.03.28 00:33:49.476,1.2781,1.27812
2013.03.28 00:33:50.016,1.27808,1.27813
2013.03.28 00:33:51.675,1.27808,1.2781
2013.03.28 00:33:52.095,1.27807,1.2781
2013.03.28 00:33:52.730,1.27807,1.27811
2013.03.28 00:33:53.266,1.27806,1.2781
2013.03.28 00:33:56.088,1.27806,1.2781
2013.03.28 00:33:57.317,1.27807,1.27812
2013.03.28 00:33:57.878,1.27807,1.27812
2013.03.28 00:33:58.385,1.27807,1.27812
2013.03.28 00:34:01.136,1.27807,1.27812
2013.03.28 00:34:02.298,1.27808,1.27813
2013.03.28 00:34:07.066,1.2781,1.27812
2013.03.28 00:34:07.305,1.2781,1.27814
2013.03.28 00:34:07.882,1.2781,1.27814
2013.03.28 00:34:09.185,1.2781,1.27816
2013.03.28 00:34:09.667,1.2781,1.27814
2013.03.28 00:34:10.026,1.27808,1.27812
2013.03.28 00:34:10.276,1.27807,1.27812
2013.03.28 00:34:12.511,1.27807,1.27812
2013.03.28 00:34:12.875,1.27808,1.27812
2013.03.28 00:34:13.484,1.27807,1.27814
2013.03.28 00:34:17.385,1.27808,1.27815
2013.03.28 00:34:17.928,1.27809,1.27815
2013.03.28 00:34:18.475,1.27809,1.27815
2013.03.28 00:34:23.175,1.27809,1.27815
2013.03.28 00:34:25.015,1.27809,1.27814
2013.03.28 00:34:26.170,1.27809,1.27815
2013.03.28 00:34:36.745,1.27811,1.27815
2013.03.28 00:34:37.286,1.27812,1.27816
2013.03.28 00:34:37.795,1.27814,1.27816
2013.03.28 00:34:38.767,1.27814,1.27817
2013.03.28 00:34:39.127,1.27814,1.27818
2013.03.28 00:34:39.188,1.27815,1.27818
2013.03.28 00:34:39.746,1.27816,1.27818
2013.03.28 00:34:41.106,1.27817,1.27819
2013.03.28 00:34:41.287,1.27817,1.27821
2013.03.28 00:34:41.347,1.27818,1.27821
2013.03.28 00:34:41.897,1.27819,1.27821
2013.03.28 00:34:42.256,1.27819,1.27823
2013.03.28 00:34:42.376,1.27821,1.27823
2013.03.28 00:34:42.556,1.27822,1.27824
2013.03.28 00:34:42.886,1.27822,1.27825
2013.03.28 00:34:47.545,1.27823,1.27826
2013.03.28 00:34:47.886,1.27826,1.2783
2013.03.28 00:34:48.125,1.27826,1.2783
2013.03.28 00:34:48.625,1.27826,1.2783
2013.03.28 00:34:48.685,1.27827,1.27832
2013.03.28 00:34:48.996,1.27828,1.27835
2013.03.28 00:34:49.605,1.27826,1.2783
2013.03.28 00:34:50.055,1.27826,1.27829
2013.03.28 00:34:50.357,1.27825,1.27829
2013.03.28 00:34:50.416,1.27824,1.27829
2013.03.28 00:34:50.597,1.27821,1.27826
2013.03.28 00:34:50.716,1.2782,1.27825
2013.03.28 00:34:50.837,1.2782,1.27824
2013.03.28 00:34:53.216,1.2782,1.27824
2013.03.28 00:34:53.765,1.27821,1.27824
2013.03.28 00:34:59.080,1.27821,1.27824
2013.03.28 00:34:59.765,1.27821,1.27824
2013.03.28 00:35:00.496,1.27819,1.27824
2013.03.28 00:35:00.675,1.27819,1.27823
2013.03.28 00:35:02.445,1.2782,1.27823
2013.03.28 00:35:03.246,1.2782,1.27824
2013.03.28 00:35:05.016,1.2782,1.27824
2013.03.28 00:35:07.825,1.2782,1.27824
2013.03.28 00:35:09.067,1.27822,1.27825
2013.03.28 00:35:09.880,1.27823,1.27825
2013.03.28 00:35:10.315,1.2782,1.27824
2013.03.28 00:35:10.597,1.2782,1.27824
2013.03.28 00:35:12.205,1.27821,1.27824
2013.03.28 00:35:13.726,1.27821,1.27824
2013.03.28 00:35:14.666,1.27822,1.27826
2013.03.28 00:35:15.206,1.27818,1.27823
2013.03.28 00:35:24.626,1.27818,1.27822
2013.03.28 00:35:25.517,1.27818,1.2782
2013.03.28 00:35:25.836,1.27818,1.27822
2013.03.28 00:35:25.956,1.27816,1.27821
2013.03.28 00:35:26.076,1.27815,1.27821
2013.03.28 00:35:30.616,1.27818,1.27823
2013.03.28 00:35:31.346,1.27816,1.2782
2013.03.28 00:35:31.406,1.27816,1.2782
2013.03.28 00:35:31.936,1.27816,1.2782
2013.03.28 00:35:34.988,1.27816,1.2782
2013.03.28 00:35:35.056,1.27816,1.27818
2013.03.28 00:35:35.178,1.27814,1.27816
2013.03.28 00:35:35.357,1.27811,1.27815
2013.03.28 00:35:35.895,1.2781,1.27814
2013.03.28 00:35:37.596,1.27808,1.27814
2013.03.28 00:35:37.937,1.27808,1.27813
2013.03.28 00:35:38.600,1.27808,1.27813
2013.03.28 00:35:39.145,1.27808,1.27814
2013.03.28 00:35:39.447,1.27808,1.27811
2013.03.28 00:35:39.806,1.27805,1.2781
2013.03.28 00:35:40.806,1.27806,1.2781
2013.03.28 00:35:41.626,1.27806,1.2781
2013.03.28 00:35:41.986,1.27807,1.27812
2013.03.28 00:35:42.046,1.27808,1.27814
2013.03.28 00:35:42.645,1.27809,1.27815
2013.03.28 00:35:43.765,1.27809,1.27814
2013.03.28 00:35:45.265,1.2781,1.27815
2013.03.28 00:35:45.385,1.2781,1.27812
2013.03.28 00:35:45.506,1.27808,1.27811
2013.03.28 00:35:51.466,1.27807,1.27811
2013.03.28 00:35:52.497,1.27806,1.2781
2013.03.28 00:35:52.570,1.27805,1.27809
2013.03.28 00:35:53.766,1.27805,1.27809
2013.03.28 00:35:55.271,1.27805,1.2781
2013.03.28 00:35:55.517,1.2781,1.27812
2013.03.28 00:35:55.636,1.2781,1.27815
2013.03.28 00:35:57.385,1.27809,1.27814
2013.03.28 00:35:58.716,1.27808,1.27815
2013.03.28 00:35:58.838,1.27808,1.27812
2013.03.28 00:35:58.957,1.27807,1.27811
2013.03.28 00:35:59.197,1.27807,1.27809
2013.03.28 00:35:59.257,1.27804,1.27809
2013.03.28 00:35:59.436,1.27803,1.27807
2013.03.28 00:35:59.737,1.27806,1.2781
2013.03.28 00:35:59.917,1.27807,1.2781
2013.03.28 00:36:00.458,1.27808,1.27812
2013.03.28 00:36:00.717,1.27808,1.27813
2013.03.28 00:36:00.836,1.27809,1.27815
2013.03.28 00:36:04.360,1.27808,1.27815
2013.03.28 00:36:11.897,1.2781,1.27815
2013.03.28 00:36:12.413,1.27808,1.27813
2013.03.28 00:36:13.988,1.27808,1.27813
2013.03.28 00:36:16.495,1.27808,1.27813
2013.03.28 00:36:17.785,1.27808,1.27813
2013.03.28 00:36:29.265,1.27808,1.27813
2013.03.28 00:36:29.807,1.27807,1.27812
2013.03.28 00:36:29.926,1.27807,1.27812
2013.03.28 00:36:30.049,1.27807,1.2781
2013.03.28 00:36:30.181,1.27806,1.27811
2013.03.28 00:36:30.727,1.27807,1.27811
2013.03.28 00:36:42.026,1.27807,1.27811
2013.03.28 00:36:44.011,1.27809,1.27813
2013.03.28 00:36:44.079,1.2781,1.27813
2013.03.28 00:36:52.309,1.2781,1.27813
2013.03.28 00:37:11.936,1.27811,1.27814
2013.03.28 00:37:12.057,1.27812,1.27817
2013.03.28 00:37:12.118,1.27814,1.27816
2013.03.28 00:37:12.366,1.27816,1.2782
2013.03.28 00:37:12.498,1.27817,1.2782
2013.03.28 00:37:12.617,1.27819,1.27822
2013.03.28 00:37:13.156,1.27819,1.27824
2013.03.28 00:37:14.466,1.2782,1.27824
2013.03.28 00:37:15.006,1.2782,1.27824
2013.03.28 00:37:24.687,1.27819,1.27822
2013.03.28 00:37:25.272,1.27817,1.27821
2013.03.28 00:37:25.937,1.27818,1.27821
2013.03.28 00:37:28.218,1.27819,1.27823
2013.03.28 00:37:28.799,1.2782,1.27824
2013.03.28 00:37:30.026,1.2782,1.27824
2013.03.28 00:37:43.427,1.27818,1.27825
2013.03.28 00:37:43.487,1.27818,1.27824
2013.03.28 00:37:43.548,1.27818,1.27823
2013.03.28 00:37:43.620,1.27819,1.27821
2013.03.28 00:37:43.746,1.27818,1.27821
2013.03.28 00:37:43.806,1.27818,1.2782
2013.03.28 00:37:43.926,1.27816,1.2782
2013.03.28 00:37:43.987,1.27813,1.27816
2013.03.28 00:37:44.047,1.27813,1.27817
2013.03.28 00:37:44.107,1.27815,1.27819
2013.03.28 00:37:44.407,1.27815,1.2782
2013.03.28 00:37:44.766,1.27816,1.2782
2013.03.28 00:37:45.127,1.27816,1.2782
2013.03.28 00:37:45.247,1.27814,1.27817
2013.03.28 00:37:45.548,1.27812,1.27815
2013.03.28 00:37:46.087,1.2781,1.27815
2013.03.28 00:37:47.689,1.2781,1.27815
2013.03.28 00:37:48.020,1.27809,1.27814
2013.03.28 00:37:48.207,1.27809,1.27813
2013.03.28 00:37:48.749,1.27808,1.27812
2013.03.28 00:37:49.471,1.27805,1.27809
2013.03.28 00:37:49.538,1.27804,1.27808
2013.03.28 00:37:49.669,1.27802,1.27805
2013.03.28 00:37:50.036,1.278,1.27805
2013.03.28 00:37:50.096,1.27801,1.27805
2013.03.28 00:37:50.156,1.278,1.27805
2013.03.28 00:37:50.280,1.27804,1.27807
2013.03.28 00:37:50.587,1.27806,1.27809
2013.03.28 00:37:51.168,1.27807,1.2781
2013.03.28 00:37:51.706,1.27806,1.27809
2013.03.28 00:37:52.246,1.27806,1.27809
2013.03.28 00:37:53.948,1.27806,1.27809
2013.03.28 00:37:54.069,1.27806,1.27813
2013.03.28 00:37:54.615,1.27807,1.27812
2013.03.28 00:37:55.156,1.27807,1.27812
2013.03.28 00:37:55.595,1.27806,1.27812
2013.03.28 00:37:55.656,1.27806,1.2781
2013.03.28 00:37:55.837,1.27805,1.2781
2013.03.28 00:37:55.896,1.27805,1.2781
2013.03.28 00:37:56.436,1.27806,1.27812
2013.03.28 00:37:57.957,1.27805,1.2781
2013.03.28 00:37:58.018,1.27806,1.2781
2013.03.28 00:37:58.607,1.27805,1.27809
2013.03.28 00:37:59.268,1.27805,1.27809
2013.03.28 00:37:59.446,1.27803,1.27807
2013.03.28 00:37:59.986,1.27802,1.27807
2013.03.28 00:38:02.089,1.27801,1.27807
2013.03.28 00:38:02.629,1.27801,1.27807
2013.03.28 00:38:03.069,1.27801,1.27803
2013.03.28 00:38:03.556,1.278,1.27805
2013.03.28 00:38:04.096,1.278,1.27805
2013.03.28 00:38:04.646,1.278,1.27805
2013.03.28 00:38:05.188,1.278,1.27805
2013.03.28 00:38:05.797,1.278,1.27805
2013.03.28 00:38:06.347,1.278,1.27805
2013.03.28 00:38:06.887,1.27801,1.27805
2013.03.28 00:38:13.258,1.27801,1.27805
2013.03.28 00:38:13.838,1.27801,1.27805
2013.03.28 00:38:14.016,1.27801,1.27806
2013.03.28 00:38:14.437,1.278,1.27805
2013.03.28 00:38:15.179,1.27801,1.27805
2013.03.28 00:38:18.346,1.27801,1.27805
2013.03.28 00:38:21.256,1.27801,1.27805
2013.03.28 00:38:21.887,1.27801,1.27805
2013.03.28 00:38:22.423,1.27802,1.27805
2013.03.28 00:38:22.676,1.27801,1.27805
2013.03.28 00:38:23.216,1.27801,1.27805
2013.03.28 00:38:29.099,1.27801,1.27803
2013.03.28 00:38:29.229,1.278,1.27802
2013.03.28 00:38:29.297,1.278,1.27804
2013.03.28 00:38:29.477,1.27799,1.27802
2013.03.28 00:38:32.441,1.27799,1.27802
2013.03.28 00:38:32.959,1.27799,1.27802
2013.03.28 00:38:33.508,1.27798,1.27802
2013.03.28 00:38:34.046,1.27798,1.27803
2013.03.28 00:38:36.716,1.27798,1.278
2013.03.28 00:38:37.257,1.27795,1.278
2013.03.28 00:38:39.527,1.27795,1.27799
2013.03.28 00:38:40.126,1.27796,1.27799
2013.03.28 00:38:42.667,1.27796,1.278
2013.03.28 00:38:43.402,1.27796,1.278
2013.03.28 00:38:49.286,1.27796,1.278
2013.03.28 00:38:49.878,1.27796,1.278
2013.03.28 00:38:53.048,1.27796,1.278
2013.03.28 00:38:53.586,1.27795,1.278
2013.03.28 00:38:54.307,1.27796,1.27801
2013.03.28 00:38:55.306,1.27797,1.27801
2013.03.28 00:39:07.686,1.27797,1.278
2013.03.28 00:39:10.107,1.27797,1.27801
2013.03.28 00:39:10.709,1.27797,1.27801
2013.03.28 00:39:11.786,1.27797,1.27801
2013.03.28 00:39:12.638,1.27797,1.27801
2013.03.28 00:39:16.790,1.27797,1.27801
2013.03.28 00:39:17.859,1.27798,1.27801
2013.03.28 00:39:18.479,1.27798,1.27801
2013.03.28 00:39:27.226,1.27798,1.27801
2013.03.28 00:39:34.857,1.27799,1.27801
2013.03.28 00:39:35.156,1.278,1.27803
2013.03.28 00:39:35.706,1.27801,1.27805
2013.03.28 00:39:39.547,1.27803,1.27807
2013.03.28 00:39:39.608,1.27803,1.27807
2013.03.28 00:39:39.856,1.27806,1.27808
2013.03.28 00:39:40.570,1.27808,1.27813
2013.03.28 00:39:41.138,1.27808,1.27813
2013.03.28 00:39:51.971,1.27809,1.27813
2013.03.28 00:39:52.528,1.27809,1.27814
2013.03.28 00:39:53.271,1.27809,1.27814
2013.03.28 00:39:57.346,1.27809,1.27814
2013.03.28 00:40:02.443,1.2781,1.27814
2013.03.28 00:40:04.926,1.2781,1.27814
2013.03.28 00:40:14.756,1.2781,1.27814
2013.03.28 00:40:26.248,1.2781,1.27814
2013.03.28 00:40:28.856,1.2781,1.27814
2013.03.28 00:40:29.338,1.2781,1.27815
2013.03.28 00:40:29.696,1.27812,1.27817
2013.03.28 00:40:33.106,1.27811,1.27816
2013.03.28 00:40:33.167,1.27811,1.27816
2013.03.28 00:40:33.710,1.2781,1.27814
2013.03.28 00:40:34.556,1.27808,1.27814
2013.03.28 00:40:35.268,1.27808,1.27813
2013.03.28 00:40:38.961,1.27808,1.27814
2013.03.28 00:40:41.316,1.27809,1.27814
2013.03.28 00:40:41.436,1.2781,1.27814
2013.03.28 00:40:41.975,1.2781,1.27814
2013.03.28 00:40:42.527,1.2781,1.27814
2013.03.28 00:40:54.620,1.2781,1.27814
2013.03.28 00:40:57.895,1.2781,1.27814
2013.03.28 00:41:08.072,1.27809,1.27814
2013.03.28 00:41:09.773,1.2781,1.27814
2013.03.28 00:41:10.775,1.27809,1.27814
2013.03.28 00:41:11.377,1.2781,1.27814
2013.03.28 00:41:28.887,1.2781,1.27813
2013.03.28 00:41:29.426,1.27809,1.27813
2013.03.28 00:41:29.985,1.27808,1.2781
2013.03.28 00:41:30.598,1.27808,1.27813
2013.03.28 00:41:31.166,1.27809,1.27813
2013.03.28 00:41:31.346,1.27809,1.27814
2013.03.28 00:41:32.956,1.27809,1.27814
2013.03.28 00:41:33.485,1.27809,1.27814
2013.03.28 00:41:35.526,1.27809,1.27814
2013.03.28 00:41:35.827,1.27808,1.27813
2013.03.28 00:41:36.698,1.27806,1.27811
2013.03.28 00:41:36.779,1.27807,1.27811
2013.03.28 00:41:37.087,1.27805,1.27811
2013.03.28 00:41:37.149,1.27805,1.27809
2013.03.28 00:41:37.697,1.27804,1.27809
2013.03.28 00:41:41.599,1.27804,1.27809
2013.03.28 00:41:44.108,1.27804,1.27809
2013.03.28 00:41:44.602,1.27805,1.2781
2013.03.28 00:41:45.142,1.27806,1.27811
2013.03.28 00:41:53.577,1.27805,1.27811
2013.03.28 00:41:54.737,1.27805,1.27811
2013.03.28 00:41:55.357,1.27805,1.27811
2013.03.28 00:42:02.399,1.27805,1.27811
2013.03.28 00:42:04.376,1.27805,1.27811
2013.03.28 00:42:06.767,1.27805,1.2781
2013.03.28 00:42:07.728,1.27804,1.27809
2013.03.28 00:42:09.331,1.27804,1.27809
2013.03.28 00:42:15.737,1.27804,1.27808
2013.03.28 00:42:16.161,1.278,1.27806
2013.03.28 00:42:16.228,1.278,1.27802
2013.03.28 00:42:16.408,1.27799,1.27804
2013.03.28 00:42:16.947,1.278,1.27806
2013.03.28 00:42:17.521,1.278,1.27806
2013.03.28 00:42:18.026,1.278,1.27805
2013.03.28 00:42:19.277,1.278,1.27805
2013.03.28 00:42:20.880,1.278,1.27805
2013.03.28 00:42:21.130,1.278,1.27802
2013.03.28 00:42:21.692,1.27799,1.27802
2013.03.28 00:42:26.356,1.27798,1.27803
2013.03.28 00:42:26.777,1.27799,1.27805
2013.03.28 00:42:28.007,1.27799,1.27805
2013.03.28 00:42:28.586,1.27799,1.27805
2013.03.28 00:42:28.998,1.27798,1.27805
2013.03.28 00:42:29.068,1.27798,1.27803
2013.03.28 00:42:30.048,1.27797,1.27801
2013.03.28 00:42:31.086,1.27795,1.27799
2013.03.28 00:42:31.631,1.27795,1.27799
2013.03.28 00:42:33.107,1.27795,1.27799
2013.03.28 00:42:36.218,1.27795,1.27799
2013.03.28 00:42:37.078,1.27795,1.27799
2013.03.28 00:42:38.857,1.27794,1.27799
2013.03.28 00:42:39.397,1.27793,1.27798
2013.03.28 00:42:39.917,1.27794,1.27798
2013.03.28 00:42:41.557,1.27794,1.27798
2013.03.28 00:42:41.917,1.27791,1.27795
2013.03.28 00:42:44.619,1.27789,1.27795
2013.03.28 00:42:44.808,1.27787,1.27791
2013.03.28 00:42:44.927,1.27787,1.2779
2013.03.28 00:42:45.228,1.27785,1.2779
2013.03.28 00:42:45.767,1.27787,1.2779
2013.03.28 00:42:46.011,1.27789,1.27792
2013.03.28 00:42:46.078,1.2779,1.27794
2013.03.28 00:42:46.437,1.27792,1.27795
2013.03.28 00:42:46.738,1.27789,1.27795
2013.03.28 00:42:47.276,1.27789,1.27794
2013.03.28 00:42:47.336,1.27789,1.27794
2013.03.28 00:42:47.877,1.27789,1.27794
2013.03.28 00:42:48.377,1.27789,1.27793
2013.03.28 00:42:48.628,1.27787,1.27791
2013.03.28 00:42:51.788,1.27789,1.27793
2013.03.28 00:42:51.847,1.27789,1.27794
2013.03.28 00:42:52.208,1.27794,1.27796
2013.03.28 00:42:52.268,1.27794,1.27798
2013.03.28 00:42:52.567,1.27792,1.27797
2013.03.28 00:42:52.687,1.27792,1.27797
2013.03.28 00:42:52.747,1.27792,1.27797
2013.03.28 00:42:53.108,1.27792,1.27796
2013.03.28 00:42:53.647,1.2779,1.27795
2013.03.28 00:42:54.288,1.2779,1.27792
2013.03.28 00:42:54.827,1.27791,1.27795
2013.03.28 00:42:55.136,1.27793,1.27797
2013.03.28 00:42:56.397,1.27793,1.27797
2013.03.28 00:43:03.876,1.27794,1.27797
2013.03.28 00:43:04.116,1.27795,1.27799
2013.03.28 00:43:04.298,1.27795,1.27799
2013.03.28 00:43:04.898,1.27797,1.278
2013.03.28 00:43:08.777,1.27798,1.27801
2013.03.28 00:43:08.957,1.27798,1.27802
2013.03.28 00:43:09.511,1.27798,1.27802
2013.03.28 00:43:11.916,1.27798,1.27801
2013.03.28 00:43:12.157,1.27796,1.278
2013.03.28 00:43:22.818,1.27796,1.278
2013.03.28 00:43:24.848,1.27796,1.278
2013.03.28 00:43:24.967,1.27796,1.278
2013.03.28 00:43:28.015,1.27796,1.278
2013.03.28 00:43:32.341,1.27795,1.27797
2013.03.28 00:43:32.526,1.27792,1.27796
2013.03.28 00:43:32.648,1.27791,1.27795
2013.03.28 00:43:32.887,1.27791,1.27795
2013.03.28 00:43:33.068,1.27793,1.27796
2013.03.28 00:43:33.308,1.27795,1.27798
2013.03.28 00:43:33.669,1.27796,1.27799
2013.03.28 00:43:34.208,1.27796,1.278
2013.03.28 00:43:34.817,1.27795,1.278
2013.03.28 00:43:35.338,1.27796,1.278
2013.03.28 00:43:42.987,1.27796,1.27801
2013.03.28 00:43:43.291,1.27797,1.27802
2013.03.28 00:43:43.360,1.27798,1.27802
2013.03.28 00:43:43.430,1.27799,1.27803
2013.03.28 00:43:43.500,1.278,1.27804
2013.03.28 00:43:43.807,1.278,1.27805
2013.03.28 00:43:44.047,1.27801,1.27806
2013.03.28 00:43:44.167,1.27802,1.27807
2013.03.28 00:43:44.707,1.27805,1.2781
2013.03.28 00:43:44.827,1.27805,1.27809
2013.03.28 00:43:45.126,1.27803,1.27807
2013.03.28 00:43:45.187,1.27803,1.27805
2013.03.28 00:43:45.746,1.27802,1.27805
2013.03.28 00:43:46.286,1.278,1.27804
2013.03.28 00:43:46.768,1.278,1.27802
2013.03.28 00:43:47.489,1.27797,1.27802
2013.03.28 00:43:47.566,1.27796,1.27801
2013.03.28 00:43:48.072,1.27796,1.27801
2013.03.28 00:43:49.276,1.27796,1.27801
2013.03.28 00:43:49.816,1.27795,1.278
2013.03.28 00:43:57.497,1.27796,1.278
2013.03.28 00:44:01.749,1.27796,1.27802
2013.03.28 00:44:01.807,1.27798,1.27803
2013.03.28 00:44:02.346,1.27798,1.27804
2013.03.28 00:44:02.901,1.27798,1.27805
2013.03.28 00:44:05.105,1.27798,1.27805
2013.03.28 00:44:05.667,1.27798,1.27805
2013.03.28 00:44:07.673,1.27798,1.27805
2013.03.28 00:44:14.997,1.278,1.27805
2013.03.28 00:44:15.426,1.27799,1.27804
2013.03.28 00:44:16.223,1.27798,1.27804
2013.03.28 00:44:20.676,1.27801,1.27805
2013.03.28 00:44:20.928,1.27804,1.27809
2013.03.28 00:44:20.987,1.27805,1.27809
2013.03.28 00:44:21.527,1.27806,1.2781
2013.03.28 00:44:23.467,1.27806,1.2781
2013.03.28 00:44:27.049,1.27804,1.27809
2013.03.28 00:44:27.408,1.27801,1.27805
2013.03.28 00:44:27.527,1.27798,1.27805
2013.03.28 00:44:28.088,1.27798,1.27804
2013.03.28 00:44:34.696,1.27798,1.27805
2013.03.28 00:44:35.470,1.27798,1.27804
2013.03.28 00:44:35.538,1.27798,1.27802
2013.03.28 00:44:36.076,1.27797,1.27802
2013.03.28 00:44:36.736,1.27797,1.27802
2013.03.28 00:44:40.437,1.27797,1.278
2013.03.28 00:44:40.737,1.27795,1.278
2013.03.28 00:44:41.457,1.27794,1.278
2013.03.28 00:44:41.577,1.27794,1.278
2013.03.28 00:44:42.107,1.27794,1.278
2013.03.28 00:44:42.636,1.27794,1.278
2013.03.28 00:44:42.696,1.27794,1.278
2013.03.28 00:44:42.757,1.27794,1.278
2013.03.28 00:44:43.117,1.27791,1.27796
2013.03.28 00:44:44.647,1.27791,1.27795
2013.03.28 00:44:44.708,1.27791,1.27793
2013.03.28 00:44:44.947,1.2779,1.27793
2013.03.28 00:44:45.459,1.2779,1.27793
2013.03.28 00:44:45.756,1.2779,1.27794
2013.03.28 00:44:45.817,1.2779,1.27793
2013.03.28 00:44:46.057,1.2779,1.27794
2013.03.28 00:44:46.717,1.2779,1.27794
2013.03.28 00:44:46.837,1.27789,1.27793
2013.03.28 00:44:47.078,1.27788,1.27792
2013.03.28 00:44:47.437,1.27787,1.27791
2013.03.28 00:44:48.078,1.27784,1.27789
2013.03.28 00:44:48.379,1.27786,1.27788
2013.03.28 00:44:48.568,1.27786,1.27789
2013.03.28 00:44:48.628,1.27785,1.27789
2013.03.28 00:44:48.689,1.27786,1.27789
2013.03.28 00:44:48.997,1.27788,1.2779
2013.03.28 00:44:49.675,1.27789,1.27792
2013.03.28 00:44:49.751,1.27789,1.27793
2013.03.28 00:44:50.297,1.27789,1.27794
2013.03.28 00:44:51.018,1.2779,1.27795
2013.03.28 00:44:51.558,1.27791,1.27796
2013.03.28 00:44:52.096,1.27792,1.27796
2013.03.28 00:44:53.259,1.27793,1.27797
2013.03.28 00:44:53.567,1.27794,1.27798
2013.03.28 00:44:54.126,1.27795,1.27799
2013.03.28 00:44:56.484,1.27795,1.27799
2013.03.28 00:45:00.497,1.27795,1.27799
2013.03.28 00:45:01.178,1.27795,1.27799
2013.03.28 00:45:02.748,1.27795,1.27799
2013.03.28 00:45:03.461,1.27795,1.27799
2013.03.28 00:45:03.977,1.27796,1.27799
2013.03.28 00:45:04.217,1.27798,1.27803
2013.03.28 00:45:08.409,1.278,1.27804
2013.03.28 00:45:08.769,1.27802,1.27803
2013.03.28 00:45:08.898,1.27801,1.27805
2013.03.28 00:45:09.772,1.27802,1.27806
2013.03.28 00:45:10.343,1.27803,1.27807
2013.03.28 00:45:10.949,1.27803,1.27808
2013.03.28 00:45:12.690,1.27804,1.27809
2013.03.28 00:45:14.249,1.27805,1.2781
2013.03.28 00:45:14.428,1.27807,1.27809
2013.03.28 00:45:14.608,1.27805,1.27808
2013.03.28 00:45:14.670,1.27802,1.27806
2013.03.28 00:45:14.739,1.27804,1.27806
2013.03.28 00:45:14.809,1.27801,1.27805
2013.03.28 00:45:15.059,1.27803,1.27806
2013.03.28 00:45:15.488,1.27805,1.27808
2013.03.28 00:45:15.609,1.27806,1.2781
2013.03.28 00:45:15.857,1.27809,1.27811
2013.03.28 00:45:16.397,1.27806,1.2781
2013.03.28 00:45:16.457,1.27805,1.27808
2013.03.28 00:45:16.759,1.27804,1.27807
2013.03.28 00:45:17.118,1.27804,1.27806
2013.03.28 00:45:17.178,1.27803,1.27806
2013.03.28 00:45:17.717,1.27803,1.27806
2013.03.28 00:45:19.966,1.27803,1.27806
2013.03.28 00:45:20.470,1.27803,1.27806
2013.03.28 00:45:21.399,1.27803,1.27806
2013.03.28 00:45:21.947,1.27805,1.27809
2013.03.28 00:45:22.068,1.27805,1.27809
2013.03.28 00:45:22.248,1.27804,1.27806
2013.03.28 00:45:22.607,1.27801,1.27808
2013.03.28 00:45:23.059,1.27801,1.27807
2013.03.28 00:45:24.248,1.278,1.27803
2013.03.28 00:45:24.604,1.27801,1.27804
2013.03.28 00:45:24.740,1.27802,1.27805
2013.03.28 00:45:25.289,1.27803,1.27806
2013.03.28 00:45:25.888,1.27805,1.27808
2013.03.28 00:45:26.010,1.27804,1.27807
2013.03.28 00:45:26.557,1.27802,1.27805
2013.03.28 00:45:29.389,1.27801,1.27805
2013.03.28 00:45:29.867,1.27798,1.27803
2013.03.28 00:45:30.408,1.27799,1.27803
2013.03.28 00:45:30.937,1.27799,1.27804
2013.03.28 00:45:31.297,1.27801,1.27804
2013.03.28 00:45:31.538,1.27804,1.27808
2013.03.28 00:45:31.958,1.27803,1.27805
2013.03.28 00:45:32.318,1.27799,1.27802
2013.03.28 00:45:33.347,1.278,1.27803
2013.03.28 00:45:33.468,1.27802,1.27805
2013.03.28 00:45:34.187,1.27802,1.27805
2013.03.28 00:45:35.569,1.27804,1.27805
2013.03.28 00:45:35.810,1.27804,1.27808
2013.03.28 00:45:36.059,1.27807,1.2781
2013.03.28 00:45:36.598,1.27808,1.27811
2013.03.28 00:45:37.217,1.27807,1.2781
2013.03.28 00:45:38.140,1.27806,1.27809
2013.03.28 00:45:41.819,1.27806,1.27809
2013.03.28 00:45:46.197,1.27806,1.27809
2013.03.28 00:45:50.228,1.27808,1.2781
2013.03.28 00:45:50.770,1.27808,1.27811
2013.03.28 00:46:00.587,1.27807,1.27809
2013.03.28 00:46:00.887,1.27806,1.27809
2013.03.28 00:46:07.017,1.27804,1.27808
2013.03.28 00:46:07.437,1.27804,1.27807
2013.03.28 00:46:08.457,1.27803,1.27805
2013.03.28 00:46:08.521,1.27802,1.27805
2013.03.28 00:46:09.067,1.27798,1.27803
2013.03.28 00:46:09.128,1.27798,1.278
2013.03.28 00:46:10.709,1.27796,1.27801
2013.03.28 00:46:10.888,1.27798,1.27801
2013.03.28 00:46:11.069,1.27799,1.27801
2013.03.28 00:46:11.127,1.27799,1.27804
2013.03.28 00:46:11.666,1.27799,1.27804
2013.03.28 00:46:11.727,1.27798,1.27803
2013.03.28 00:46:12.057,1.27797,1.278
2013.03.28 00:46:12.118,1.27795,1.278
2013.03.28 00:46:12.419,1.27797,1.278
2013.03.28 00:46:12.537,1.27797,1.278
2013.03.28 00:46:13.128,1.27797,1.27801
2013.03.28 00:46:13.897,1.27796,1.27801
2013.03.28 00:46:14.017,1.27795,1.278
2013.03.28 00:46:14.918,1.27794,1.27799
2013.03.28 00:46:15.038,1.27794,1.27798
2013.03.28 00:46:15.158,1.27794,1.27796
2013.03.28 00:46:15.707,1.27792,1.27795
2013.03.28 00:46:16.226,1.27789,1.27792
2013.03.28 00:46:16.529,1.27787,1.27791
2013.03.28 00:46:16.648,1.27789,1.27792
2013.03.28 00:46:16.767,1.27791,1.27794
2013.03.28 00:46:17.068,1.27789,1.27795
2013.03.28 00:46:17.751,1.27792,1.27795
2013.03.28 00:46:17.828,1.27792,1.27795
2013.03.28 00:46:19.518,1.27792,1.27795
2013.03.28 00:46:19.697,1.2779,1.27793
2013.03.28 00:46:19.877,1.27787,1.27791
2013.03.28 00:46:20.417,1.27788,1.27791
2013.03.28 00:46:22.965,1.27786,1.27791
2013.03.28 00:46:23.631,1.27788,1.27792
2013.03.28 00:46:23.704,1.27788,1.27793
2013.03.28 00:46:23.828,1.27789,1.27794
2013.03.28 00:46:24.434,1.27791,1.27795
2013.03.28 00:46:25.047,1.27791,1.27795
2013.03.28 00:46:25.407,1.27792,1.27796
2013.03.28 00:46:27.268,1.2779,1.27795
2013.03.28 00:46:27.326,1.2779,1.27795
2013.03.28 00:46:27.568,1.27789,1.2779
2013.03.28 00:46:27.748,1.27786,1.27791
2013.03.28 00:46:28.296,1.27786,1.2779
2013.03.28 00:46:28.806,1.27786,1.2779
2013.03.28 00:46:29.137,1.27785,1.27788
2013.03.28 00:46:29.378,1.27784,1.27785
2013.03.28 00:46:30.338,1.27782,1.27785
2013.03.28 00:46:33.657,1.27782,1.27785
2013.03.28 00:46:35.127,1.27782,1.27785
2013.03.28 00:46:35.247,1.27783,1.27785
2013.03.28 00:46:35.831,1.27784,1.27786
2013.03.28 00:46:41.707,1.27781,1.27785
2013.03.28 00:46:43.060,1.2778,1.27783
2013.03.28 00:46:43.272,1.27779,1.27783
2013.03.28 00:46:43.778,1.27779,1.27782
2013.03.28 00:46:44.316,1.27777,1.27781
2013.03.28 00:46:44.557,1.27776,1.27778
2013.03.28 00:46:44.618,1.27776,1.27779
2013.03.28 00:46:44.678,1.27775,1.27778
2013.03.28 00:46:44.799,1.27774,1.27778
2013.03.28 00:46:44.988,1.27776,1.27779
2013.03.28 00:46:45.168,1.27776,1.2778
2013.03.28 00:46:45.587,1.2778,1.27782
2013.03.28 00:46:45.648,1.27777,1.27782
2013.03.28 00:46:46.462,1.27777,1.27782
2013.03.28 00:46:47.848,1.27777,1.27782
2013.03.28 00:46:47.908,1.27778,1.27782
2013.03.28 00:46:48.278,1.27777,1.27781
2013.03.28 00:46:48.795,1.27777,1.27781
2013.03.28 00:46:49.528,1.27777,1.27781
2013.03.28 00:46:49.707,1.27775,1.2778
2013.03.28 00:46:58.152,1.27776,1.2778
2013.03.28 00:46:58.692,1.27776,1.2778
2013.03.28 00:47:14.617,1.27776,1.2778
2013.03.28 00:47:16.477,1.27776,1.2778
2013.03.28 00:47:17.047,1.27776,1.2778
2013.03.28 00:47:18.246,1.27776,1.2778
2013.03.28 00:47:23.557,1.27777,1.27781
2013.03.28 00:47:24.307,1.27779,1.27784
2013.03.28 00:47:24.489,1.2778,1.27782
2013.03.28 00:47:24.738,1.2778,1.27784
2013.03.28 00:47:24.978,1.27782,1.27785
2013.03.28 00:47:25.098,1.27782,1.27788
2013.03.28 00:47:25.457,1.27782,1.27787
2013.03.28 00:47:25.577,1.27782,1.27786
2013.03.28 00:47:25.878,1.27783,1.27785
2013.03.28 00:47:26.567,1.27782,1.27785
2013.03.28 00:47:26.645,1.2778,1.27785
2013.03.28 00:47:26.708,1.2778,1.27785
2013.03.28 00:47:28.640,1.27782,1.27785
2013.03.28 00:47:29.298,1.27782,1.27785
2013.03.28 00:47:31.258,1.27781,1.27784
2013.03.28 00:47:31.559,1.27779,1.27784
2013.03.28 00:47:31.748,1.27778,1.27783
2013.03.28 00:47:32.282,1.27778,1.2778
2013.03.28 00:47:32.349,1.27779,1.27782
2013.03.28 00:47:32.408,1.27779,1.27782
2013.03.28 00:47:32.468,1.27779,1.27784
2013.03.28 00:47:32.527,1.27779,1.27783
2013.03.28 00:47:33.029,1.2778,1.27783
2013.03.28 00:47:41.137,1.2778,1.27783
2013.03.28 00:47:41.438,1.27781,1.27784
2013.03.28 00:47:43.667,1.27781,1.27785
2013.03.28 00:47:54.647,1.27781,1.27785
2013.03.28 00:47:57.203,1.27781,1.27786
2013.03.28 00:47:57.707,1.27782,1.27787
2013.03.28 00:48:04.401,1.27784,1.27787
2013.03.28 00:48:04.528,1.27785,1.27788
2013.03.28 00:48:04.589,1.27785,1.27789
2013.03.28 00:48:04.708,1.27785,1.2779
2013.03.28 00:48:04.888,1.27786,1.2779
2013.03.28 00:48:05.128,1.27786,1.27791
2013.03.28 00:48:05.431,1.27787,1.27792
2013.03.28 00:48:05.499,1.27788,1.27792
2013.03.28 00:48:05.987,1.27789,1.27792
2013.03.28 00:48:06.587,1.2779,1.27793
2013.03.28 00:48:08.368,1.2779,1.27794
2013.03.28 00:48:10.013,1.2779,1.27795
2013.03.28 00:48:10.078,1.2779,1.27794
2013.03.28 00:48:10.377,1.27789,1.27794
2013.03.28 00:48:10.937,1.2779,1.27795
2013.03.28 00:48:11.447,1.2779,1.27795
2013.03.28 00:48:13.358,1.2779,1.27795
2013.03.28 00:48:13.917,1.2779,1.27796
2013.03.28 00:48:30.118,1.2779,1.27795
2013.03.28 00:48:30.357,1.27789,1.27794
2013.03.28 00:48:30.598,1.27789,1.27794
2013.03.28 00:48:30.838,1.27787,1.27791
2013.03.28 00:48:31.018,1.27787,1.2779
2013.03.28 00:48:31.381,1.27788,1.27791
2013.03.28 00:48:34.741,1.27787,1.27791
2013.03.28 00:48:35.288,1.27785,1.2779
2013.03.28 00:48:35.866,1.27786,1.2779
2013.03.28 00:48:36.627,1.27785,1.27791
2013.03.28 00:48:37.167,1.27787,1.27793
2013.03.28 00:48:37.726,1.27788,1.27793
2013.03.28 00:48:38.028,1.27787,1.2779
2013.03.28 00:48:38.588,1.27786,1.2779
2013.03.28 00:48:50.117,1.27786,1.2779
2013.03.28 00:48:52.918,1.27786,1.2779
2013.03.28 00:48:53.467,1.27787,1.2779
2013.03.28 00:49:01.242,1.27787,1.2779
2013.03.28 00:49:01.428,1.27785,1.27788
2013.03.28 00:49:01.967,1.27786,1.2779
2013.03.28 00:49:03.867,1.27785,1.27787
2013.03.28 00:49:04.049,1.27781,1.27785
2013.03.28 00:49:04.118,1.27781,1.27785
2013.03.28 00:49:04.180,1.27781,1.27783
2013.03.28 00:49:04.487,1.27779,1.27782
2013.03.28 00:49:05.343,1.27781,1.27784
2013.03.28 00:49:05.913,1.27781,1.27785
2013.03.28 00:49:08.797,1.27782,1.27785
2013.03.28 00:49:19.687,1.27782,1.27786
2013.03.28 00:49:22.917,1.27783,1.27786
2013.03.28 00:49:23.281,1.27785,1.27787
2013.03.28 00:49:23.348,1.27785,1.27789
2013.03.28 00:49:23.470,1.27788,1.27792
2013.03.28 00:49:23.540,1.27788,1.27792
2013.03.28 00:49:23.847,1.27791,1.27793
2013.03.28 00:49:24.627,1.27791,1.27793
2013.03.28 00:49:24.955,1.27788,1.27792
2013.03.28 00:49:25.497,1.27788,1.27792
2013.03.28 00:49:30.557,1.27789,1.27792
2013.03.28 00:49:31.406,1.27789,1.27792
2013.03.28 00:49:35.477,1.27789,1.27794
2013.03.28 00:49:49.151,1.27789,1.27792
2013.03.28 00:49:49.458,1.27788,1.27792
2013.03.28 00:49:49.817,1.27788,1.27792
2013.03.28 00:49:50.357,1.27788,1.27793
2013.03.28 00:50:17.691,1.27788,1.27792
2013.03.28 00:50:20.201,1.2779,1.27795
2013.03.28 00:50:20.747,1.27789,1.27795
2013.03.28 00:50:24.737,1.2779,1.27795
2013.03.28 00:50:29.109,1.2779,1.27795
2013.03.28 00:50:29.669,1.2779,1.27795
2013.03.28 00:50:42.357,1.27789,1.27795
2013.03.28 00:50:43.171,1.2779,1.27795
2013.03.28 00:50:48.630,1.2779,1.27795
2013.03.28 00:50:49.144,1.2779,1.27795
2013.03.28 00:50:55.427,1.2779,1.27795
2013.03.28 00:50:55.549,1.27792,1.27795
2013.03.28 00:50:56.028,1.27793,1.27797
2013.03.28 00:50:56.917,1.27793,1.27797
2013.03.28 00:50:57.218,1.27796,1.27801
2013.03.28 00:50:57.339,1.27797,1.27803
2013.03.28 00:50:57.877,1.27797,1.27801
2013.03.28 00:50:58.418,1.27796,1.27801
2013.03.28 00:50:58.778,1.27795,1.27799
2013.03.28 00:50:58.984,1.27795,1.278
2013.03.28 00:51:01.207,1.27797,1.27801
2013.03.28 00:51:02.198,1.27797,1.27801
2013.03.28 00:51:03.367,1.27797,1.27801
2013.03.28 00:51:04.228,1.27797,1.27801
2013.03.28 00:51:08.737,1.27798,1.27801
2013.03.28 00:51:08.797,1.27797,1.27801
2013.03.28 00:51:11.637,1.27797,1.27801
2013.03.28 00:51:12.209,1.27797,1.27801
2013.03.28 00:51:23.178,1.27797,1.27801
2013.03.28 00:51:28.908,1.27797,1.278
2013.03.28 00:51:29.099,1.27795,1.27798
2013.03.28 00:51:29.657,1.27793,1.27797
2013.03.28 00:51:34.497,1.27792,1.27797
2013.03.28 00:51:35.003,1.27792,1.27797
2013.03.28 00:51:36.177,1.27792,1.27797
2013.03.28 00:51:44.377,1.27793,1.27797
2013.03.28 00:51:47.867,1.27793,1.27797
2013.03.28 00:51:48.368,1.27792,1.27797
2013.03.28 00:51:48.968,1.27792,1.27797
2013.03.28 00:51:49.477,1.27792,1.27797
2013.03.28 00:51:50.017,1.27792,1.27796
2013.03.28 00:52:01.537,1.27793,1.27797
2013.03.28 00:52:02.109,1.27793,1.27797
2013.03.28 00:52:03.028,1.27793,1.27798
2013.03.28 00:52:04.148,1.27793,1.27798
2013.03.28 00:52:11.808,1.27793,1.27798
2013.03.28 00:52:11.868,1.27793,1.27797
2013.03.28 00:52:15.440,1.27793,1.27797
2013.03.28 00:52:16.104,1.27793,1.27797
2013.03.28 00:52:22.518,1.27793,1.27797
2013.03.28 00:52:22.819,1.27795,1.27799
2013.03.28 00:52:25.364,1.27796,1.27799
2013.03.28 00:52:26.278,1.27796,1.27799
2013.03.28 00:52:26.519,1.27797,1.278
2013.03.28 00:52:26.697,1.27796,1.27799
2013.03.28 00:52:27.238,1.27796,1.27799
2013.03.28 00:52:30.279,1.27795,1.27799
2013.03.28 00:52:31.058,1.27795,1.27799
2013.03.28 00:52:32.339,1.27795,1.278
2013.03.28 00:52:32.878,1.27797,1.27801
2013.03.28 00:52:33.429,1.27798,1.27801
2013.03.28 00:52:34.027,1.27798,1.27801
2013.03.28 00:52:36.018,1.27796,1.278
2013.03.28 00:52:36.139,1.27798,1.278
2013.03.28 00:52:36.319,1.278,1.27803
2013.03.28 00:52:36.450,1.278,1.27804
2013.03.28 00:52:36.638,1.27799,1.27803
2013.03.28 00:52:36.701,1.27801,1.27805
2013.03.28 00:52:36.888,1.27799,1.27804
2013.03.28 00:52:38.758,1.27799,1.27801
2013.03.28 00:52:39.297,1.27797,1.27801
2013.03.28 00:52:40.811,1.27796,1.278
2013.03.28 00:52:41.071,1.27793,1.27798
2013.03.28 00:52:42.610,1.27793,1.27797
2013.03.28 00:52:43.158,1.27793,1.27798
2013.03.28 00:52:43.699,1.27796,1.27799
2013.03.28 00:52:53.416,1.27797,1.278
2013.03.28 00:52:53.957,1.27796,1.27801
2013.03.28 00:52:54.269,1.27795,1.278
2013.03.28 00:52:57.769,1.27795,1.278
2013.03.28 00:53:12.047,1.27796,1.278
2013.03.28 00:53:12.997,1.27797,1.27801
2013.03.28 00:53:15.768,1.27797,1.278
2013.03.28 00:53:16.597,1.27797,1.278
2013.03.28 00:53:19.585,1.27798,1.27802
2013.03.28 00:53:19.768,1.278,1.27804
2013.03.28 00:53:19.829,1.278,1.27805
2013.03.28 00:53:20.368,1.27801,1.27805
2013.03.28 00:53:20.917,1.278,1.27805
2013.03.28 00:53:21.042,1.27799,1.27803
2013.03.28 00:53:21.548,1.27797,1.27801
2013.03.28 00:53:22.057,1.27797,1.27801
2013.03.28 00:53:22.538,1.27795,1.27799
2013.03.28 00:53:23.298,1.27795,1.27799
2013.03.28 00:53:24.389,1.27795,1.27799
2013.03.28 00:53:24.928,1.27796,1.27799
2013.03.28 00:53:26.988,1.27796,1.27799
2013.03.28 00:53:27.834,1.27796,1.27799
2013.03.28 00:53:28.027,1.27795,1.27799
2013.03.28 00:53:28.568,1.27796,1.27799
2013.03.28 00:53:30.797,1.27793,1.27798
2013.03.28 00:53:30.859,1.27795,1.27797
2013.03.28 00:53:31.399,1.27795,1.27799
2013.03.28 00:53:31.937,1.27796,1.27799
2013.03.28 00:53:32.448,1.27796,1.27799
2013.03.28 00:53:33.440,1.27795,1.27799
2013.03.28 00:53:34.000,1.27793,1.27797
2013.03.28 00:53:34.322,1.27793,1.27795
2013.03.28 00:53:34.390,1.27791,1.27795
2013.03.28 00:53:34.530,1.2779,1.27795
2013.03.28 00:53:35.257,1.2779,1.27794
2013.03.28 00:53:36.258,1.27787,1.2779
2013.03.28 00:53:36.797,1.27787,1.2779
2013.03.28 00:53:37.338,1.27787,1.27789
2013.03.28 00:53:37.639,1.27788,1.27789
2013.03.28 00:53:37.698,1.27789,1.27793
2013.03.28 00:53:37.818,1.2779,1.27793
2013.03.28 00:53:37.880,1.2779,1.27795
2013.03.28 00:53:37.999,1.2779,1.27794
2013.03.28 00:53:38.357,1.27793,1.27797
2013.03.28 00:53:39.689,1.27792,1.27794
2013.03.28 00:53:40.049,1.27789,1.27791
2013.03.28 00:53:40.227,1.27787,1.2779
2013.03.28 00:53:40.287,1.27787,1.2779
2013.03.28 00:53:41.708,1.27786,1.27788
2013.03.28 00:53:42.070,1.27782,1.27786
2013.03.28 00:53:42.937,1.27783,1.27787
2013.03.28 00:53:43.014,1.27783,1.27786
2013.03.28 00:53:43.618,1.27782,1.27785
2013.03.28 00:53:43.679,1.27782,1.27784
2013.03.28 00:53:43.812,1.27779,1.27781
2013.03.28 00:53:43.879,1.27775,1.2778
2013.03.28 00:53:45.247,1.27776,1.2778
2013.03.28 00:53:45.548,1.27776,1.27781
2013.03.28 00:53:46.264,1.27777,1.27781
2013.03.28 00:53:50.649,1.27778,1.27782
2013.03.28 00:53:51.157,1.27779,1.27783
2013.03.28 00:53:55.428,1.27779,1.27784
2013.03.28 00:53:56.345,1.2778,1.27785
2013.03.28 00:53:56.828,1.27783,1.27789
2013.03.28 00:53:57.009,1.27782,1.27786
2013.03.28 00:53:59.788,1.27782,1.27787
2013.03.28 00:53:59.848,1.27783,1.27787
2013.03.28 00:54:00.148,1.27785,1.2779
2013.03.28 00:54:00.690,1.27785,1.2779
2013.03.28 00:54:02.188,1.27785,1.27789
2013.03.28 00:54:02.717,1.27785,1.27789
2013.03.28 00:54:03.350,1.27786,1.2779
2013.03.28 00:54:03.887,1.27787,1.2779
2013.03.28 00:54:04.438,1.27787,1.27791
2013.03.28 00:54:04.949,1.27788,1.27791
2013.03.28 00:54:06.088,1.27788,1.27791
2013.03.28 00:54:06.628,1.27789,1.27792
2013.03.28 00:54:07.169,1.2779,1.27795
2013.03.28 00:54:07.288,1.2779,1.27795
2013.03.28 00:54:07.827,1.2779,1.27795
2013.03.28 00:54:09.620,1.27787,1.27791
2013.03.28 00:54:12.428,1.27787,1.2779
2013.03.28 00:54:15.307,1.27787,1.2779
2013.03.28 00:54:15.857,1.27787,1.27789
2013.03.28 00:54:16.377,1.27785,1.27789
2013.03.28 00:54:17.117,1.27785,1.27789
2013.03.28 00:54:17.657,1.27785,1.27787
2013.03.28 00:54:18.198,1.27785,1.27789
2013.03.28 00:54:21.089,1.27785,1.27787
2013.03.28 00:54:21.448,1.27784,1.27786
2013.03.28 00:54:22.167,1.2778,1.27785
2013.03.28 00:54:22.707,1.2778,1.27784
2013.03.28 00:54:24.137,1.2778,1.27784
2013.03.28 00:54:24.454,1.27779,1.27782
2013.03.28 00:54:24.529,1.2778,1.27783
2013.03.28 00:54:24.599,1.2778,1.27783
2013.03.28 00:54:24.838,1.27782,1.27785
2013.03.28 00:54:25.079,1.2778,1.27783
2013.03.28 00:54:25.258,1.27778,1.27781
2013.03.28 00:54:25.924,1.27778,1.27781
2013.03.28 00:54:26.491,1.27777,1.27781
2013.03.28 00:54:26.679,1.27776,1.27779
2013.03.28 00:54:27.650,1.27775,1.27777
2013.03.28 00:54:27.737,1.27774,1.27778
2013.03.28 00:54:27.918,1.27774,1.27777
2013.03.28 00:54:28.280,1.27774,1.27777
2013.03.28 00:54:28.836,1.27773,1.27776
2013.03.28 00:54:29.141,1.27772,1.27775
2013.03.28 00:54:29.271,1.27768,1.27773
2013.03.28 00:54:29.341,1.27769,1.27772
2013.03.28 00:54:29.529,1.27771,1.27773
2013.03.28 00:54:30.010,1.27772,1.27777
2013.03.28 00:54:30.078,1.27775,1.27777
2013.03.28 00:54:32.818,1.27773,1.27775
2013.03.28 00:54:33.358,1.27772,1.27775
2013.03.28 00:54:34.088,1.27772,1.27775
2013.03.28 00:54:34.208,1.27771,1.27774
2013.03.28 00:54:34.457,1.27767,1.27773
2013.03.28 00:54:40.519,1.27767,1.2777
2013.03.28 00:54:40.579,1.27767,1.27768
2013.03.28 00:54:40.997,1.27767,1.2777
2013.03.28 00:54:41.320,1.27768,1.27771
2013.03.28 00:54:41.959,1.27768,1.27771
2013.03.28 00:54:42.438,1.27766,1.27769
2013.03.28 00:54:42.619,1.27766,1.27769
2013.03.28 00:54:43.038,1.27766,1.27771
2013.03.28 00:54:43.100,1.27766,1.2777
2013.03.28 00:54:43.589,1.2777,1.27772
2013.03.28 00:54:43.889,1.27767,1.2777
2013.03.28 00:54:44.488,1.27766,1.2777
2013.03.28 00:54:44.798,1.27767,1.27771
2013.03.28 00:54:45.040,1.2777,1.27774
2013.03.28 00:54:45.110,1.27772,1.27775
2013.03.28 00:54:45.240,1.27774,1.27776
2013.03.28 00:54:45.358,1.27775,1.2778
2013.03.28 00:54:45.599,1.27777,1.2778
2013.03.28 00:54:45.658,1.27776,1.2778
2013.03.28 00:54:45.840,1.27774,1.27778
2013.03.28 00:54:45.911,1.27772,1.27774
2013.03.28 00:54:46.039,1.27771,1.27773
2013.03.28 00:54:46.109,1.27768,1.27771
2013.03.28 00:54:46.658,1.27766,1.2777
2013.03.28 00:54:49.577,1.27765,1.27768
2013.03.28 00:54:49.759,1.27763,1.27768
2013.03.28 00:54:49.820,1.27762,1.27764
2013.03.28 00:54:50.009,1.2776,1.27763
2013.03.28 00:54:50.068,1.2776,1.27765
2013.03.28 00:54:50.428,1.27761,1.27765
2013.03.28 00:54:51.449,1.27762,1.27765
2013.03.28 00:54:51.928,1.27763,1.27765
2013.03.28 00:54:52.588,1.27763,1.27766
2013.03.28 00:54:52.830,1.27764,1.27767
2013.03.28 00:54:53.131,1.27764,1.27768
2013.03.28 00:54:53.198,1.27765,1.27768
2013.03.28 00:54:54.598,1.27765,1.27769
2013.03.28 00:54:54.659,1.27766,1.27769
2013.03.28 00:54:54.958,1.27767,1.2777
2013.03.28 00:54:55.138,1.27768,1.27771
2013.03.28 00:54:55.878,1.27769,1.27772
2013.03.28 00:54:59.603,1.2777,1.27772
2013.03.28 00:55:00.029,1.2777,1.27774
2013.03.28 00:55:00.460,1.27769,1.27776
2013.03.28 00:55:00.589,1.27771,1.27775
2013.03.28 00:55:00.650,1.27771,1.27777
2013.03.28 00:55:00.722,1.2777,1.27779
2013.03.28 00:55:00.790,1.27772,1.27778
2013.03.28 00:55:00.862,1.27774,1.27777
2013.03.28 00:55:01.006,1.27775,1.27778
2013.03.28 00:55:01.198,1.27768,1.27787
2013.03.28 00:55:01.257,1.27773,1.27784
2013.03.28 00:55:01.440,1.27777,1.2778
2013.03.28 00:55:01.800,1.27779,1.27781
2013.03.28 00:55:01.872,1.2778,1.27784
2013.03.28 00:55:01.942,1.27782,1.27786
2013.03.28 00:55:02.735,1.27784,1.27789
2013.03.28 00:55:02.811,1.27787,1.27789
2013.03.28 00:55:03.300,1.27787,1.2779
2013.03.28 00:55:03.838,1.27787,1.2779
2013.03.28 00:55:04.462,1.27785,1.2779
2013.03.28 00:55:04.649,1.27785,1.27787
2013.03.28 00:55:05.188,1.27783,1.27787
2013.03.28 00:55:05.489,1.27781,1.27784
2013.03.28 00:55:05.611,1.27778,1.27781
2013.03.28 00:55:05.679,1.27777,1.2778
2013.03.28 00:55:05.983,1.27778,1.2778
2013.03.28 00:55:06.298,1.27776,1.27783
2013.03.28 00:55:06.360,1.27778,1.27782
2013.03.28 00:55:06.421,1.27778,1.27783
2013.03.28 00:55:06.490,1.2778,1.27783
2013.03.28 00:55:06.922,1.27781,1.27784
2013.03.28 00:55:07.051,1.27782,1.27785
2013.03.28 00:55:07.359,1.27783,1.27786
2013.03.28 00:55:07.419,1.27784,1.27787
2013.03.28 00:55:07.909,1.27785,1.27788
2013.03.28 00:55:08.328,1.27785,1.2779
2013.03.28 00:55:08.809,1.27785,1.27791
2013.03.28 00:55:08.869,1.27786,1.27791
2013.03.28 00:55:08.928,1.27787,1.27792
2013.03.28 00:55:09.048,1.27788,1.27793
2013.03.28 00:55:09.598,1.27789,1.27793
2013.03.28 00:55:10.197,1.2779,1.27794
2013.03.28 00:55:10.738,1.2779,1.27795
2013.03.28 00:55:10.978,1.27791,1.27795
2013.03.28 00:55:11.098,1.27791,1.27796
2013.03.28 00:55:11.218,1.27792,1.27796
2013.03.28 00:55:11.519,1.27793,1.27796
2013.03.28 00:55:12.059,1.27793,1.27797
2013.03.28 00:55:12.785,1.27796,1.278
2013.03.28 00:55:12.969,1.27795,1.27798
2013.03.28 00:55:13.158,1.27792,1.27796
2013.03.28 00:55:13.280,1.27791,1.27795
2013.03.28 00:55:13.350,1.27792,1.27795
2013.03.28 00:55:13.719,1.27793,1.27798
2013.03.28 00:55:14.257,1.27793,1.27799
2013.03.28 00:55:14.559,1.27793,1.27799
2013.03.28 00:55:14.740,1.27792,1.27796
2013.03.28 00:55:15.049,1.27791,1.27793
2013.03.28 00:55:15.613,1.2779,1.27793
2013.03.28 00:55:17.779,1.2779,1.27795
2013.03.28 00:55:18.138,1.27794,1.27798
2013.03.28 00:55:18.200,1.27794,1.27799
2013.03.28 00:55:18.259,1.27795,1.278
2013.03.28 00:55:18.619,1.27796,1.278
2013.03.28 00:55:19.167,1.27798,1.278
2013.03.28 00:55:19.682,1.27798,1.278
2013.03.28 00:55:22.638,1.27798,1.27801
2013.03.28 00:55:23.918,1.27796,1.278
2013.03.28 00:55:24.458,1.27797,1.278
2013.03.28 00:55:26.339,1.27799,1.27801
2013.03.28 00:55:27.063,1.27801,1.27802
2013.03.28 00:55:27.378,1.278,1.27804
2013.03.28 00:55:27.918,1.27803,1.27806
2013.03.28 00:55:28.518,1.27803,1.27806
2013.03.28 00:55:29.008,1.27803,1.27805
2013.03.28 00:55:29.069,1.27803,1.27805
2013.03.28 00:55:29.321,1.278,1.27803
2013.03.28 00:55:29.569,1.278,1.27801
2013.03.28 00:55:30.322,1.27798,1.27803
2013.03.28 00:55:30.828,1.27798,1.27803
2013.03.28 00:55:30.948,1.27798,1.27803
2013.03.28 00:55:31.498,1.27798,1.27803
2013.03.28 00:55:39.838,1.27798,1.27803
2013.03.28 00:55:41.208,1.27798,1.27803
2013.03.28 00:55:42.279,1.27798,1.27803
2013.03.28 00:55:43.720,1.27798,1.278
2013.03.28 00:55:44.451,1.27796,1.278
2013.03.28 00:55:44.637,1.27796,1.27798
2013.03.28 00:55:45.158,1.27792,1.27795
2013.03.28 00:55:45.998,1.27793,1.27797
2013.03.28 00:55:46.119,1.27795,1.27796
2013.03.28 00:55:46.659,1.27791,1.27795
2013.03.28 00:55:46.719,1.2779,1.27795
2013.03.28 00:55:47.030,1.27789,1.27791
2013.03.28 00:55:47.102,1.27787,1.2779
2013.03.28 00:55:47.649,1.27788,1.27792
2013.03.28 00:55:48.187,1.27788,1.27793
2013.03.28 00:55:52.087,1.27789,1.27793
2013.03.28 00:55:52.611,1.2779,1.27794
2013.03.28 00:55:52.680,1.27791,1.27797
2013.03.28 00:55:52.750,1.27792,1.27797
2013.03.28 00:55:52.810,1.27792,1.27797
2013.03.28 00:55:53.348,1.27794,1.27799
2013.03.28 00:55:53.408,1.27794,1.27799
2013.03.28 00:55:53.820,1.27794,1.27799
2013.03.28 00:55:57.708,1.27794,1.27798
2013.03.28 00:56:02.128,1.27794,1.27798
2013.03.28 00:56:02.682,1.27794,1.27798
2013.03.28 00:56:03.748,1.27794,1.27798
2013.03.28 00:56:03.927,1.27795,1.278
2013.03.28 00:56:04.529,1.27795,1.278
2013.03.28 00:56:05.088,1.27795,1.278
2013.03.28 00:56:05.788,1.27795,1.278
2013.03.28 00:56:11.077,1.27795,1.278
2013.03.28 00:56:12.609,1.27795,1.278
2013.03.28 00:56:13.270,1.27795,1.278
2013.03.28 00:56:15.128,1.27795,1.278
2013.03.28 00:56:15.252,1.27795,1.278
2013.03.28 00:56:15.440,1.27797,1.278
2013.03.28 00:56:15.808,1.27799,1.27803
2013.03.28 00:56:16.317,1.27799,1.27803
2013.03.28 00:56:18.508,1.27799,1.27803
2013.03.28 00:56:18.928,1.27795,1.278
2013.03.28 00:56:19.179,1.27795,1.278
2013.03.28 00:56:19.418,1.27795,1.27798
2013.03.28 00:56:20.181,1.27794,1.27798
2013.03.28 00:56:26.718,1.27795,1.27799
2013.03.28 00:56:27.279,1.27794,1.27799
2013.03.28 00:56:28.246,1.27795,1.27799
2013.03.28 00:56:29.088,1.27795,1.27799
2013.03.28 00:56:29.800,1.27795,1.27799
2013.03.28 00:56:31.627,1.27795,1.27799
2013.03.28 00:56:36.120,1.27794,1.27799
2013.03.28 00:56:36.699,1.27795,1.27799
2013.03.28 00:56:37.218,1.27795,1.27799
2013.03.28 00:56:37.278,1.27795,1.27799
2013.03.28 00:56:37.399,1.27794,1.27799
2013.03.28 00:56:42.918,1.27795,1.278
2013.03.28 00:56:46.289,1.27795,1.27799
2013.03.28 00:56:54.438,1.27795,1.278
2013.03.28 00:56:55.527,1.27795,1.278
2013.03.28 00:56:57.017,1.27795,1.278
2013.03.28 00:56:59.953,1.27795,1.278
2013.03.28 00:57:00.559,1.27795,1.278
2013.03.28 00:57:06.795,1.27795,1.278
2013.03.28 00:57:13.175,1.27795,1.27799
2013.03.28 00:57:13.311,1.27794,1.27798
2013.03.28 00:57:13.379,1.27792,1.27795
2013.03.28 00:57:13.440,1.27794,1.27797
2013.03.28 00:57:13.689,1.27792,1.27795
2013.03.28 00:57:14.234,1.27791,1.27795
2013.03.28 00:57:14.599,1.27791,1.27794
2013.03.28 00:57:19.119,1.2779,1.27793
2013.03.28 00:57:19.359,1.27788,1.27792
2013.03.28 00:57:22.129,1.27787,1.27791
2013.03.28 00:57:22.667,1.27786,1.2779
2013.03.28 00:57:28.301,1.27786,1.2779
2013.03.28 00:57:28.610,1.27789,1.27793
2013.03.28 00:57:28.857,1.27791,1.27796
2013.03.28 00:57:29.529,1.27791,1.27796
2013.03.28 00:57:35.888,1.27791,1.27795
2013.03.28 00:57:36.069,1.27789,1.27792
2013.03.28 00:57:36.618,1.27787,1.27792
2013.03.28 00:57:37.168,1.27787,1.27791
2013.03.28 00:57:45.759,1.27785,1.2779
2013.03.28 00:57:46.510,1.27787,1.27791
2013.03.28 00:57:47.580,1.27787,1.27791
2013.03.28 00:57:55.388,1.27787,1.27791
2013.03.28 00:57:55.927,1.27786,1.2779
2013.03.28 00:57:56.049,1.27788,1.2779
2013.03.28 00:57:56.598,1.27786,1.27791
2013.03.28 00:57:57.137,1.27785,1.2779
2013.03.28 00:57:58.068,1.27787,1.2779
2013.03.28 00:57:58.608,1.27788,1.27791
2013.03.28 00:58:00.780,1.27791,1.27795
2013.03.28 00:58:00.920,1.27792,1.27795
2013.03.28 00:58:01.467,1.27792,1.27795
2013.03.28 00:58:08.338,1.27789,1.27794
2013.03.28 00:58:08.400,1.27789,1.27794
2013.03.28 00:58:08.710,1.2779,1.27793
2013.03.28 00:58:08.901,1.27791,1.27794
2013.03.28 00:58:09.029,1.2779,1.27793
2013.03.28 00:58:09.089,1.27788,1.27794
2013.03.28 00:58:10.418,1.27788,1.27794
2013.03.28 00:58:10.719,1.2779,1.27794
2013.03.28 00:58:11.258,1.2779,1.27794
2013.03.28 00:58:11.858,1.2779,1.27794
2013.03.28 00:58:15.697,1.2779,1.27794
2013.03.28 00:58:15.998,1.27792,1.27795
2013.03.28 00:58:16.369,1.2779,1.27794
2013.03.28 00:58:16.914,1.2779,1.27794
2013.03.28 00:58:18.250,1.27792,1.27794
2013.03.28 00:58:18.934,1.27794,1.27796
2013.03.28 00:58:19.010,1.27795,1.278
2013.03.28 00:58:19.559,1.27795,1.27799
2013.03.28 00:58:20.101,1.27795,1.27796
2013.03.28 00:58:20.648,1.27794,1.27797
2013.03.28 00:58:20.949,1.27792,1.27795
2013.03.28 00:58:21.308,1.27792,1.27795
2013.03.28 00:58:22.470,1.27792,1.27794
2013.03.28 00:58:24.805,1.27792,1.27795
2013.03.28 00:58:25.171,1.2779,1.27792
2013.03.28 00:58:25.720,1.2779,1.27793
2013.03.28 00:58:28.289,1.27791,1.27794
2013.03.28 00:58:28.468,1.27792,1.27794
2013.03.28 00:58:28.769,1.27792,1.27798
2013.03.28 00:58:28.958,1.27794,1.27796
2013.03.28 00:58:29.498,1.27794,1.27795
2013.03.28 00:58:29.938,1.27792,1.27795
2013.03.28 00:58:31.561,1.27792,1.27795
2013.03.28 00:58:32.538,1.27792,1.27795
2013.03.28 00:58:34.438,1.27792,1.27795
2013.03.28 00:58:41.809,1.27792,1.27798
2013.03.28 00:58:43.538,1.27792,1.27797
2013.03.28 00:58:50.349,1.27793,1.27798
2013.03.28 00:58:50.588,1.27795,1.27798
2013.03.28 00:58:50.889,1.27795,1.278
2013.03.28 00:58:51.418,1.27795,1.278
2013.03.28 00:58:56.279,1.27795,1.27799
2013.03.28 00:58:56.761,1.27797,1.278
2013.03.28 00:58:56.949,1.27797,1.27801
2013.03.28 00:58:57.130,1.27798,1.27802
2013.03.28 00:58:57.489,1.27799,1.27803
2013.03.28 00:58:59.859,1.278,1.27804
2013.03.28 00:59:00.418,1.27801,1.27805
2013.03.28 00:59:00.960,1.27803,1.27807
2013.03.28 00:59:01.318,1.27803,1.27806
2013.03.28 00:59:01.873,1.27799,1.27804
2013.03.28 00:59:05.468,1.27799,1.27801
2013.03.28 00:59:09.128,1.27799,1.27801
2013.03.28 00:59:09.710,1.27799,1.27803
2013.03.28 00:59:10.238,1.27801,1.27804
2013.03.28 00:59:11.208,1.278,1.27802
2013.03.28 00:59:11.949,1.27801,1.27804
2013.03.28 00:59:15.998,1.278,1.27802
2013.03.28 00:59:23.609,1.27799,1.27803
2013.03.28 00:59:24.158,1.27799,1.27803
2013.03.28 00:59:33.869,1.27802,1.27804
2013.03.28 00:59:34.374,1.27802,1.27805
2013.03.28 00:59:34.889,1.27802,1.27806
2013.03.28 00:59:35.849,1.27803,1.27808
2013.03.28 00:59:36.209,1.27805,1.27808
2013.03.28 00:59:36.688,1.27805,1.27808
2013.03.28 00:59:36.809,1.27805,1.27808
2013.03.28 00:59:36.929,1.27803,1.27807
2013.03.28 00:59:37.468,1.27804,1.27806
2013.03.28 00:59:39.681,1.27803,1.27805
2013.03.28 00:59:39.808,1.27802,1.27804
2013.03.28 00:59:40.000,1.27802,1.27805
2013.03.28 00:59:42.979,1.27801,1.27803
2013.03.28 00:59:43.518,1.27799,1.27802
2013.03.28 00:59:43.639,1.278,1.27804
2013.03.28 00:59:43.759,1.27802,1.27804
2013.03.28 00:59:44.058,1.27802,1.27805
2013.03.28 00:59:44.730,1.27801,1.27806
2013.03.28 00:59:49.669,1.27802,1.27807
2013.03.28 00:59:49.790,1.27803,1.27807
2013.03.28 00:59:50.093,1.27804,1.27809
2013.03.28 00:59:50.279,1.27806,1.27811
2013.03.28 00:59:50.818,1.27807,1.27809
2013.03.28 00:59:50.938,1.27805,1.2781
2013.03.28 00:59:51.489,1.27806,1.2781
2013.03.28 00:59:54.769,1.27805,1.27809
2013.03.28 00:59:54.888,1.27805,1.27808
2013.03.28 00:59:55.069,1.27804,1.27806
2013.03.28 00:59:55.592,1.27804,1.27806
2013.03.28 00:59:57.768,1.27803,1.27807
2013.03.28 00:59:58.308,1.27805,1.27809
2013.03.28 00:59:58.849,1.27805,1.27809
2013.03.28 00:59:59.408,1.27805,1.27809
2013.03.28 01:00:00.489,1.27805,1.27809
2013.03.28 01:00:00.566,1.27805,1.27809
2013.03.28 01:00:01.779,1.27805,1.27809
2013.03.28 01:00:02.329,1.27805,1.27809
2013.03.28 01:00:03.145,1.27805,1.27809
2013.03.28 01:00:03.872,1.27805,1.27809
2013.03.28 01:00:07.088,1.27805,1.27808
2013.03.28 01:00:07.639,1.27805,1.27808
2013.03.28 01:00:08.730,1.27805,1.27808
2013.03.28 01:00:15.078,1.27805,1.27808
2013.03.28 01:00:15.628,1.27805,1.27809
2013.03.28 01:00:16.169,1.27806,1.27809
2013.03.28 01:00:23.285,1.27805,1.2781
2013.03.28 01:00:23.589,1.27807,1.2781
2013.03.28 01:00:23.949,1.27807,1.27811
2013.03.28 01:00:24.009,1.27808,1.27811
2013.03.28 01:00:24.129,1.27808,1.27813
2013.03.28 01:00:24.488,1.27809,1.27813
2013.03.28 01:00:24.849,1.27811,1.27813
2013.03.28 01:00:25.399,1.27812,1.27814
2013.03.28 01:00:25.831,1.27813,1.27815
2013.03.28 01:00:26.400,1.27814,1.27816
2013.03.28 01:00:26.878,1.27814,1.27817
2013.03.28 01:00:30.358,1.27814,1.27818
2013.03.28 01:00:30.720,1.27818,1.27821
2013.03.28 01:00:31.148,1.27818,1.2782
2013.03.28 01:00:35.313,1.27818,1.2782
2013.03.28 01:00:35.859,1.27817,1.27821
2013.03.28 01:00:36.759,1.27817,1.2782
2013.03.28 01:00:37.318,1.27817,1.2782
2013.03.28 01:00:37.679,1.27818,1.27821
2013.03.28 01:00:37.799,1.27818,1.2782
2013.03.28 01:00:39.038,1.27818,1.2782
2013.03.28 01:00:39.588,1.27818,1.2782
2013.03.28 01:00:40.650,1.27818,1.2782
2013.03.28 01:00:41.231,1.27818,1.2782
2013.03.28 01:00:43.879,1.27818,1.2782
2013.03.28 01:00:44.241,1.27818,1.2782
2013.03.28 01:00:44.670,1.27816,1.27818
2013.03.28 01:00:44.790,1.27816,1.27818
2013.03.28 01:00:45.344,1.27814,1.27818
2013.03.28 01:00:47.769,1.27813,1.27817
2013.03.28 01:00:47.828,1.27812,1.27816
2013.03.28 01:00:48.368,1.27811,1.27815
2013.03.28 01:00:48.490,1.2781,1.27815
2013.03.28 01:00:48.550,1.27811,1.27813
2013.03.28 01:00:48.803,1.27809,1.27813
2013.03.28 01:00:49.502,1.27809,1.27812
2013.03.28 01:00:49.582,1.27806,1.27812
2013.03.28 01:00:49.849,1.2781,1.27815
2013.03.28 01:00:50.401,1.2781,1.27815
2013.03.28 01:00:53.639,1.2781,1.27815
2013.03.28 01:00:54.890,1.27812,1.27815
2013.03.28 01:00:55.069,1.27812,1.27817
2013.03.28 01:00:55.609,1.27812,1.27815
2013.03.28 01:00:56.045,1.27812,1.27818
2013.03.28 01:00:56.379,1.27815,1.2782
2013.03.28 01:00:56.799,1.27817,1.27821
2013.03.28 01:00:57.219,1.27817,1.27822
2013.03.28 01:00:57.758,1.27816,1.27822
2013.03.28 01:00:59.178,1.27818,1.27823
2013.03.28 01:00:59.717,1.27818,1.27823
2013.03.28 01:01:00.229,1.27818,1.27823
2013.03.28 01:01:01.052,1.27818,1.27821
2013.03.28 01:01:01.379,1.27814,1.27818
2013.03.28 01:01:01.686,1.27814,1.27816
2013.03.28 01:01:02.049,1.27812,1.27815
2013.03.28 01:01:02.230,1.2781,1.27813
2013.03.28 01:01:02.478,1.27808,1.27812
2013.03.28 01:01:02.899,1.27809,1.27813
2013.03.28 01:01:03.460,1.27808,1.27813
2013.03.28 01:01:10.278,1.27808,1.27813
2013.03.28 01:01:10.820,1.27809,1.27812
2013.03.28 01:01:11.539,1.27808,1.27811
2013.03.28 01:01:15.659,1.27805,1.27811
2013.03.28 01:01:16.210,1.27806,1.27811
2013.03.28 01:01:16.782,1.27805,1.27811
2013.03.28 01:01:17.150,1.27805,1.27808
2013.03.28 01:01:17.689,1.27805,1.27811
2013.03.28 01:01:18.202,1.27806,1.27811
2013.03.28 01:01:19.776,1.27807,1.27811
2013.03.28 01:01:20.080,1.27807,1.27812
2013.03.28 01:01:20.142,1.27809,1.27811
2013.03.28 01:01:20.700,1.27808,1.27813
2013.03.28 01:01:20.823,1.2781,1.27812
2013.03.28 01:01:21.370,1.2781,1.27814
2013.03.28 01:01:21.430,1.2781,1.27815
2013.03.28 01:01:21.911,1.27811,1.27815
2013.03.28 01:01:22.468,1.27811,1.27816
2013.03.28 01:01:22.978,1.27811,1.27817
2013.03.28 01:01:23.788,1.27813,1.27817
2013.03.28 01:01:24.329,1.27813,1.27818
2013.03.28 01:01:24.868,1.27813,1.27819
2013.03.28 01:01:25.469,1.27814,1.27819
2013.03.28 01:01:29.998,1.27816,1.27819
2013.03.28 01:01:30.558,1.27819,1.27823
2013.03.28 01:01:33.448,1.27819,1.27823
2013.03.28 01:01:39.488,1.27819,1.27823
2013.03.28 01:01:40.028,1.2782,1.27824
2013.03.28 01:01:41.849,1.2782,1.27824
2013.03.28 01:01:42.568,1.2782,1.27824
2013.03.28 01:01:43.108,1.2782,1.27825
2013.03.28 01:01:43.717,1.2782,1.27825
2013.03.28 01:01:44.289,1.2782,1.27825
2013.03.28 01:01:53.499,1.27821,1.27823
2013.03.28 01:01:55.593,1.27822,1.27825
2013.03.28 01:01:55.839,1.27823,1.27827
2013.03.28 01:01:56.378,1.27823,1.27827
2013.03.28 01:01:56.898,1.27822,1.27825
2013.03.28 01:02:03.118,1.27822,1.27827
2013.03.28 01:02:03.658,1.27822,1.27827
2013.03.28 01:02:04.188,1.27822,1.27827
2013.03.28 01:02:11.840,1.27823,1.27827
2013.03.28 01:02:12.155,1.27824,1.27827
2013.03.28 01:02:12.670,1.27822,1.27825
2013.03.28 01:02:13.208,1.27823,1.27825
2013.03.28 01:02:15.641,1.27822,1.27825
2013.03.28 01:02:16.350,1.27821,1.27823
2013.03.28 01:02:16.598,1.27821,1.27824
2013.03.28 01:02:17.109,1.27822,1.27825
2013.03.28 01:02:19.884,1.27823,1.27825
2013.03.28 01:02:20.388,1.27822,1.27825
2013.03.28 01:02:21.089,1.27823,1.27825
2013.03.28 01:02:21.630,1.27823,1.27825
2013.03.28 01:02:22.671,1.27821,1.27825
2013.03.28 01:02:23.231,1.2782,1.27824
2013.03.28 01:02:23.735,1.2782,1.27824
2013.03.28 01:02:24.240,1.2782,1.27824
2013.03.28 01:02:24.747,1.2782,1.27824
2013.03.28 01:02:25.354,1.2782,1.27824
2013.03.28 01:02:25.918,1.2782,1.27824
2013.03.28 01:02:26.529,1.2782,1.27824
2013.03.28 01:02:30.028,1.2782,1.27824
2013.03.28 01:02:31.109,1.2782,1.27823
2013.03.28 01:02:32.449,1.2782,1.27822
2013.03.28 01:02:32.809,1.27818,1.27821
2013.03.28 01:02:39.801,1.27818,1.27821
2013.03.28 01:02:41.589,1.27818,1.2782
2013.03.28 01:02:42.100,1.27817,1.2782
2013.03.28 01:02:42.819,1.27817,1.27819
2013.03.28 01:02:43.060,1.27814,1.27818
2013.03.28 01:02:43.359,1.27815,1.27817
2013.03.28 01:02:43.898,1.27815,1.27818
2013.03.28 01:02:47.270,1.27815,1.2782
2013.03.28 01:02:47.329,1.27815,1.2782
2013.03.28 01:02:47.689,1.27817,1.27821
2013.03.28 01:02:51.879,1.27817,1.27821
2013.03.28 01:02:53.079,1.27817,1.27821
2013.03.28 01:02:53.140,1.27816,1.27819
2013.03.28 01:02:53.750,1.27815,1.27818
2013.03.28 01:02:53.880,1.27814,1.27817
2013.03.28 01:02:54.119,1.27815,1.27818
2013.03.28 01:02:54.818,1.27815,1.27818
2013.03.28 01:02:55.862,1.27815,1.27818
2013.03.28 01:02:57.499,1.27815,1.27818
2013.03.28 01:02:57.561,1.27813,1.27817
2013.03.28 01:02:57.928,1.27815,1.27818
2013.03.28 01:02:58.459,1.27815,1.27818
2013.03.28 01:02:58.700,1.27817,1.27822
2013.03.28 01:02:58.759,1.27817,1.27822
