Time,Bid,Ask
2013.03.10 21:00:02.262,1.29857,1.29887
2013.03.10 21:00:02.712,1.29853,1.29883
2013.03.10 21:00:03.622,1.2985,1.29884
2013.03.10 21:00:13.612,1.29847,1.29877
2013.03.10 21:00:14.054,1.29849,1.29879
2013.03.10 21:00:16.872,1.29846,1.29879
2013.03.10 21:00:24.112,1.29854,1.29884
2013.03.10 21:00:25.973,1.29857,1.29887
2013.03.10 21:00:28.116,1.29859,1.29889
2013.03.10 21:00:31.952,1.29861,1.29891
2013.03.10 21:00:32.482,1.29867,1.29876
2013.03.10 21:00:36.732,1.29869,1.29876
2013.03.10 21:00:37.243,1.29868,1.29875
2013.03.10 21:00:37.803,1.29869,1.29876
2013.03.10 21:00:39.223,1.29868,1.29875
2013.03.10 21:00:40.104,1.29869,1.29876
2013.03.10 21:00:40.283,1.29862,1.29874
2013.03.10 21:00:47.144,1.29864,1.29874
2013.03.10 21:00:53.250,1.29865,1.29875
2013.03.10 21:01:03.489,1.2987,1.29877
2013.03.10 21:02:05.829,1.29862,1.29892
2013.03.10 21:02:11.263,1.2986,1.29892
2013.03.10 21:02:19.871,1.29858,1.2989
2013.03.10 21:03:01.238,1.2986,1.2989
2013.03.10 21:03:29.124,1.29873,1.2988
2013.03.10 21:03:30.323,1.29873,1.29879
2013.03.10 21:04:04.633,1.29874,1.29887
2013.03.10 21:04:30.283,1.29865,1.29882
2013.03.10 21:05:27.366,1.29868,1.2988
2013.03.10 21:05:29.394,1.29866,1.29885
2013.03.10 21:05:30.070,1.29869,1.29884
2013.03.10 21:05:40.085,1.2987,1.29885
2013.03.10 21:05:40.634,1.29869,1.29888
2013.03.10 21:06:40.640,1.29863,1.29896
2013.03.10 21:06:48.194,1.29865,1.29895
2013.03.10 21:06:48.760,1.29866,1.29896
2013.03.10 21:06:49.494,1.29869,1.29896
2013.03.10 21:06:50.119,1.29869,1.29897
2013.03.10 21:06:56.690,1.29869,1.29899
2013.03.10 21:07:03.444,1.29869,1.29901
2013.03.10 21:07:05.495,1.29871,1.29901
2013.03.10 21:07:16.726,1.29873,1.29901
2013.03.10 21:07:19.884,1.29873,1.29903
2013.03.10 21:07:20.124,1.29875,1.29903
2013.03.10 21:07:33.014,1.29875,1.29906
2013.03.10 21:07:37.524,1.29883,1.29912
2013.03.10 21:07:38.095,1.29882,1.29912
2013.03.10 21:07:53.985,1.29884,1.29912
2013.03.10 21:07:57.618,1.29884,1.29918
2013.03.10 21:07:57.685,1.29888,1.29902
2013.03.10 21:08:22.034,1.29889,1.29903
2013.03.10 21:08:22.394,1.29891,1.29903
2013.03.10 21:08:25.784,1.29895,1.29912
2013.03.10 21:08:32.054,1.29895,1.29902
2013.03.10 21:08:47.285,1.29896,1.29908
2013.03.10 21:08:50.695,1.29894,1.29908
2013.03.10 21:08:50.934,1.2989,1.2991
2013.03.10 21:08:51.114,1.29884,1.29914
2013.03.10 21:08:51.174,1.29882,1.29914
2013.03.10 21:08:51.234,1.29882,1.29911
2013.03.10 21:08:51.594,1.29889,1.29901
2013.03.10 21:08:53.124,1.2989,1.29901
2013.03.10 21:09:15.824,1.29893,1.29903
2013.03.10 21:09:17.774,1.29894,1.29907
2013.03.10 21:09:18.414,1.29898,1.29907
2013.03.10 21:09:20.124,1.29896,1.2991
2013.03.10 21:09:21.162,1.29898,1.2991
2013.03.10 21:09:23.486,1.299,1.2991
2013.03.10 21:09:26.565,1.29902,1.29909
2013.03.10 21:09:26.625,1.299,1.29914
2013.03.10 21:09:26.685,1.29905,1.29915
2013.03.10 21:09:40.415,1.29898,1.29918
2013.03.10 21:09:47.545,1.29904,1.29914
2013.03.10 21:09:54.476,1.29894,1.29914
2013.03.10 21:10:01.245,1.29897,1.29917
2013.03.10 21:10:01.754,1.2989,1.2991
2013.03.10 21:10:03.184,1.29896,1.29906
2013.03.10 21:10:54.476,1.29897,1.29907
2013.03.10 21:10:54.793,1.29896,1.29916
2013.03.10 21:11:19.006,1.29902,1.2991
2013.03.10 21:11:19.527,1.29904,1.29913
2013.03.10 21:11:38.363,1.29893,1.29914
2013.03.10 21:11:57.234,1.29891,1.29911
2013.03.10 21:12:04.675,1.29897,1.29907
2013.03.10 21:12:10.714,1.29904,1.29914
2013.03.10 21:12:13.404,1.29905,1.29914
2013.03.10 21:12:27.615,1.29895,1.29915
2013.03.10 21:12:48.694,1.29892,1.2991
2013.03.10 21:12:50.914,1.29896,1.29913
2013.03.10 21:13:38.694,1.29896,1.29914
2013.03.10 21:14:38.707,1.29892,1.29912
2013.03.10 21:14:44.574,1.29886,1.29912
2013.03.10 21:14:44.695,1.2989,1.2991
2013.03.10 21:14:51.124,1.29886,1.29912
2013.03.10 21:14:51.201,1.2989,1.2991
2013.03.10 21:14:52.863,1.29886,1.29912
2013.03.10 21:14:55.209,1.2989,1.2991
2013.03.10 21:14:55.762,1.2989,1.2991
2013.03.10 21:14:56.733,1.29886,1.29912
2013.03.10 21:14:57.424,1.2989,1.29914
2013.03.10 21:14:57.734,1.29899,1.29915
2013.03.10 21:14:58.513,1.29906,1.29916
2013.03.10 21:15:07.304,1.29904,1.29916
2013.03.10 21:15:07.364,1.29898,1.2992
2013.03.10 21:15:07.425,1.29902,1.29913
2013.03.10 21:15:10.665,1.299,1.29915
2013.03.10 21:15:18.646,1.29901,1.29915
2013.03.10 21:15:21.635,1.299,1.29913
2013.03.10 21:15:21.755,1.29901,1.29913
2013.03.10 21:15:24.534,1.29899,1.29914
2013.03.10 21:15:35.954,1.29902,1.29918
2013.03.10 21:15:51.475,1.29898,1.29913
2013.03.10 21:15:51.594,1.29895,1.29913
2013.03.10 21:15:53.061,1.29898,1.29913
2013.03.10 21:15:53.125,1.29898,1.29913
2013.03.10 21:15:53.484,1.29902,1.29914
2013.03.10 21:15:58.866,1.29895,1.29915
2013.03.10 21:16:46.536,1.29892,1.29913
2013.03.10 21:17:12.763,1.29893,1.29909
2013.03.10 21:17:15.294,1.2989,1.2991
2013.03.10 21:17:34.415,1.2989,1.2991
2013.03.10 21:17:34.910,1.29887,1.29907
2013.03.10 21:17:34.976,1.29887,1.29907
2013.03.10 21:17:35.335,1.29892,1.29911
2013.03.10 21:18:18.514,1.299,1.29911
2013.03.10 21:19:18.526,1.299,1.29915
2013.03.10 21:19:25.254,1.299,1.29918
2013.03.10 21:19:39.781,1.29892,1.29918
2013.03.10 21:20:02.816,1.29888,1.29918
2013.03.10 21:20:05.039,1.29892,1.29918
2013.03.10 21:20:05.475,1.29892,1.29918
2013.03.10 21:20:08.015,1.29888,1.29918
2013.03.10 21:20:08.314,1.29892,1.29918
2013.03.10 21:20:08.811,1.29892,1.29918
2013.03.10 21:20:11.244,1.29892,1.29918
2013.03.10 21:20:11.304,1.29888,1.29918
2013.03.10 21:20:12.635,1.29892,1.29918
2013.03.10 21:20:18.056,1.29888,1.29918
2013.03.10 21:20:19.455,1.29892,1.29918
2013.03.10 21:20:25.401,1.29887,1.29929
2013.03.10 21:20:40.574,1.29876,1.29927
2013.03.10 21:20:41.544,1.29877,1.29927
2013.03.10 21:20:43.196,1.29881,1.29926
2013.03.10 21:20:43.535,1.29887,1.29929
2013.03.10 21:21:06.934,1.29876,1.29927
2013.03.10 21:21:07.476,1.29879,1.29925
2013.03.10 21:21:08.004,1.29886,1.2993
2013.03.10 21:21:09.266,1.29893,1.29919
2013.03.10 21:21:09.827,1.29896,1.29917
2013.03.10 21:21:10.415,1.29893,1.29915
2013.03.10 21:21:30.327,1.29892,1.29915
2013.03.10 21:21:33.426,1.29892,1.29915
2013.03.10 21:21:33.485,1.29888,1.29915
2013.03.10 21:21:35.286,1.29892,1.29915
2013.03.10 21:21:35.596,1.29892,1.29915
2013.03.10 21:21:35.715,1.29893,1.29915
2013.03.10 21:21:42.048,1.29889,1.29915
2013.03.10 21:21:43.857,1.29893,1.29915
2013.03.10 21:21:56.897,1.29896,1.29906
2013.03.10 21:22:05.425,1.29894,1.2991
2013.03.10 21:23:05.584,1.29895,1.29919
2013.03.10 21:23:07.172,1.29893,1.29921
2013.03.10 21:23:07.354,1.2989,1.29918
2013.03.10 21:23:07.695,1.29894,1.29918
2013.03.10 21:23:20.965,1.29897,1.29919
2013.03.10 21:23:24.385,1.29891,1.29919
2013.03.10 21:23:24.719,1.29895,1.29919
2013.03.10 21:23:32.855,1.29895,1.29919
2013.03.10 21:23:32.974,1.29894,1.29922
2013.03.10 21:23:34.466,1.29895,1.29919
2013.03.10 21:23:40.912,1.29893,1.29917
2013.03.10 21:23:45.395,1.29893,1.29917
2013.03.10 21:23:45.454,1.29889,1.29917
2013.03.10 21:23:46.406,1.29893,1.29917
2013.03.10 21:23:54.935,1.29893,1.29917
2013.03.10 21:23:54.994,1.29889,1.29917
2013.03.10 21:23:56.739,1.29893,1.29917
2013.03.10 21:24:02.405,1.29893,1.29917
2013.03.10 21:24:02.464,1.29889,1.29917
2013.03.10 21:24:02.525,1.29893,1.29917
2013.03.10 21:24:06.645,1.29893,1.29917
2013.03.10 21:24:06.704,1.29889,1.29917
2013.03.10 21:24:07.975,1.29893,1.29917
2013.03.10 21:24:08.035,1.29893,1.29917
2013.03.10 21:24:19.587,1.29893,1.29917
2013.03.10 21:24:19.705,1.29893,1.29917
2013.03.10 21:24:24.525,1.29896,1.2992
2013.03.10 21:24:29.914,1.29892,1.2992
2013.03.10 21:24:30.034,1.29895,1.29923
2013.03.10 21:24:30.094,1.29892,1.29922
2013.03.10 21:24:30.616,1.29896,1.29919
2013.03.10 21:24:30.735,1.29895,1.29919
2013.03.10 21:24:31.515,1.29897,1.29919
2013.03.10 21:24:34.466,1.29894,1.29918
2013.03.10 21:24:36.886,1.29892,1.29916
2013.03.10 21:24:40.298,1.29894,1.29919
2013.03.10 21:24:41.728,1.29893,1.29917
2013.03.10 21:24:44.526,1.29893,1.29917
2013.03.10 21:24:44.585,1.29889,1.29917
2013.03.10 21:24:45.885,1.29893,1.29917
2013.03.10 21:24:50.895,1.29893,1.29917
2013.03.10 21:24:50.954,1.29889,1.29917
2013.03.10 21:24:54.601,1.29893,1.29917
2013.03.10 21:24:55.143,1.29893,1.29917
2013.03.10 21:24:55.474,1.29895,1.29919
2013.03.10 21:24:55.544,1.29891,1.29919
2013.03.10 21:25:04.775,1.29895,1.29919
2013.03.10 21:25:08.437,1.29895,1.29919
2013.03.10 21:25:13.705,1.29895,1.29919
2013.03.10 21:25:16.225,1.29894,1.29918
2013.03.10 21:25:37.414,1.2989,1.29918
2013.03.10 21:25:42.166,1.29894,1.29918
2013.03.10 21:26:02.516,1.29894,1.29918
2013.03.10 21:26:06.736,1.29894,1.29918
2013.03.10 21:26:06.827,1.29894,1.29918
2013.03.10 21:26:11.976,1.29894,1.29918
2013.03.10 21:26:12.492,1.2989,1.29918
2013.03.10 21:26:14.106,1.29894,1.29918
2013.03.10 21:26:16.312,1.29889,1.2993
2013.03.10 21:26:18.176,1.29893,1.29917
2013.03.10 21:26:20.320,1.29893,1.29917
2013.03.10 21:26:20.495,1.29895,1.29919
2013.03.10 21:26:21.055,1.29889,1.29917
2013.03.10 21:26:21.533,1.29893,1.29917
2013.03.10 21:26:27.985,1.29895,1.29919
2013.03.10 21:26:28.105,1.29891,1.29919
2013.03.10 21:26:28.905,1.29895,1.29919
2013.03.10 21:26:29.294,1.29893,1.29917
2013.03.10 21:26:29.895,1.29889,1.29917
2013.03.10 21:26:33.052,1.29893,1.29917
2013.03.10 21:26:33.495,1.29893,1.29917
2013.03.10 21:26:39.606,1.29889,1.29917
2013.03.10 21:26:39.717,1.29893,1.29917
2013.03.10 21:26:56.495,1.29889,1.29917
2013.03.10 21:26:58.354,1.29893,1.29917
2013.03.10 21:26:59.015,1.29889,1.29917
2013.03.10 21:27:02.186,1.29893,1.29917
2013.03.10 21:27:09.325,1.29894,1.29918
2013.03.10 21:27:29.574,1.2989,1.29918
2013.03.10 21:27:30.883,1.29889,1.29916
2013.03.10 21:27:31.261,1.29892,1.29916
2013.03.10 21:27:37.900,1.29892,1.29916
2013.03.10 21:27:37.953,1.29888,1.29916
2013.03.10 21:27:38.864,1.29892,1.29916
2013.03.10 21:27:38.924,1.29894,1.29918
2013.03.10 21:27:44.834,1.29894,1.29918
2013.03.10 21:27:45.410,1.2989,1.29918
2013.03.10 21:27:46.184,1.29894,1.29918
2013.03.10 21:27:59.287,1.29893,1.29917
2013.03.10 21:28:08.563,1.29889,1.29917
2013.03.10 21:28:09.354,1.29893,1.29917
2013.03.10 21:28:11.374,1.29889,1.29917
2013.03.10 21:28:12.583,1.29893,1.29917
2013.03.10 21:28:23.235,1.29894,1.29918
2013.03.10 21:28:23.293,1.29894,1.29918
2013.03.10 21:28:24.100,1.2989,1.29918
2013.03.10 21:28:25.184,1.29894,1.29918
2013.03.10 21:28:31.004,1.29894,1.29918
2013.03.10 21:28:34.464,1.29891,1.29917
2013.03.10 21:28:35.623,1.29891,1.29917
2013.03.10 21:28:35.683,1.29889,1.29917
2013.03.10 21:28:35.744,1.29898,1.2991
2013.03.10 21:28:35.864,1.2989,1.2992
2013.03.10 21:28:36.974,1.29889,1.29922
2013.03.10 21:28:37.125,1.29892,1.29922
2013.03.10 21:28:44.434,1.29892,1.29924
2013.03.10 21:28:44.706,1.29894,1.29924
2013.03.10 21:28:45.273,1.29895,1.29925
2013.03.10 21:28:50.443,1.29895,1.29928
2013.03.10 21:28:55.075,1.29898,1.29928
2013.03.10 21:28:56.185,1.29905,1.29935
2013.03.10 21:28:58.484,1.29903,1.29935
2013.03.10 21:29:02.395,1.29908,1.29928
2013.03.10 21:29:06.564,1.29911,1.29923
2013.03.10 21:29:09.534,1.29912,1.2992
2013.03.10 21:30:06.765,1.29908,1.29922
2013.03.10 21:30:16.535,1.2991,1.29922
2013.03.10 21:30:16.596,1.29915,1.2993
2013.03.10 21:30:16.655,1.29925,1.2993
2013.03.10 21:30:16.837,1.29918,1.29938
2013.03.10 21:30:46.036,1.2992,1.29936
2013.03.10 21:30:46.096,1.29912,1.29931
2013.03.10 21:30:46.156,1.29912,1.29927
2013.03.10 21:30:47.385,1.29912,1.29927
2013.03.10 21:30:53.386,1.29912,1.2993
2013.03.10 21:30:53.456,1.29918,1.29927
2013.03.10 21:30:53.525,1.29918,1.29938
2013.03.10 21:30:53.915,1.29916,1.29938
2013.03.10 21:30:57.463,1.29916,1.29934
2013.03.10 21:30:57.795,1.29911,1.2993
2013.03.10 21:30:57.916,1.29912,1.29925
2013.03.10 21:30:58.455,1.29911,1.2993
2013.03.10 21:30:58.516,1.29922,1.29931
2013.03.10 21:30:58.576,1.29913,1.29937
2013.03.10 21:30:58.635,1.29915,1.29939
2013.03.10 21:31:04.164,1.29911,1.29939
2013.03.10 21:31:05.355,1.29915,1.29935
2013.03.10 21:31:06.495,1.29917,1.29935
2013.03.10 21:31:07.243,1.29922,1.29939
2013.03.10 21:31:16.016,1.29922,1.2994
2013.03.10 21:31:16.549,1.29926,1.29942
2013.03.10 21:31:19.365,1.29926,1.2994
2013.03.10 21:31:19.977,1.29926,1.29941
2013.03.10 21:31:27.174,1.29931,1.29941
2013.03.10 21:31:27.357,1.2993,1.29945
2013.03.10 21:31:27.416,1.29929,1.29949
2013.03.10 21:31:27.978,1.29927,1.29954
2013.03.10 21:31:28.225,1.29924,1.29958
2013.03.10 21:31:28.285,1.29926,1.29958
2013.03.10 21:31:28.406,1.29911,1.29965
2013.03.10 21:31:29.055,1.29913,1.29967
2013.03.10 21:31:29.707,1.29914,1.2997
2013.03.10 21:31:31.285,1.29915,1.29969
2013.03.10 21:31:31.525,1.29913,1.29967
2013.03.10 21:31:32.325,1.29915,1.29969
2013.03.10 21:31:33.795,1.29916,1.29972
2013.03.10 21:31:34.065,1.29915,1.29969
2013.03.10 21:31:35.385,1.29913,1.29967
2013.03.10 21:31:36.255,1.29915,1.29969
2013.03.10 21:31:44.895,1.29931,1.29956
2013.03.10 21:31:44.956,1.29927,1.29961
2013.03.10 21:31:45.016,1.29928,1.29962
2013.03.10 21:31:45.971,1.29929,1.29963
2013.03.10 21:31:50.111,1.2993,1.29965
2013.03.10 21:31:58.066,1.29939,1.29963
2013.03.10 21:31:58.503,1.29937,1.29961
2013.03.10 21:32:00.935,1.29935,1.29959
2013.03.10 21:32:03.494,1.29936,1.29962
2013.03.10 21:32:04.294,1.29937,1.29961
2013.03.10 21:32:06.385,1.29944,1.2996
2013.03.10 21:32:09.065,1.29934,1.29956
2013.03.10 21:32:09.606,1.29941,1.29949
2013.03.10 21:32:13.626,1.29942,1.2995
2013.03.10 21:32:18.446,1.29929,1.2995
2013.03.10 21:32:18.505,1.2994,1.29949
2013.03.10 21:32:18.566,1.29931,1.29955
2013.03.10 21:32:18.685,1.29925,1.29949
2013.03.10 21:32:18.746,1.29927,1.29951
2013.03.10 21:32:18.807,1.29927,1.29951
2013.03.10 21:32:18.985,1.29918,1.29962
2013.03.10 21:32:19.576,1.29919,1.29964
2013.03.10 21:32:24.565,1.29923,1.29969
2013.03.10 21:32:24.925,1.29918,1.29967
2013.03.10 21:32:25.256,1.29918,1.29965
2013.03.10 21:32:25.426,1.29927,1.29953
2013.03.10 21:32:25.486,1.29926,1.29951
2013.03.10 21:32:25.545,1.29923,1.29951
2013.03.10 21:32:25.606,1.29925,1.29955
2013.03.10 21:32:25.785,1.29928,1.29956
2013.03.10 21:32:29.815,1.29923,1.29951
2013.03.10 21:32:30.055,1.29917,1.29945
2013.03.10 21:32:30.175,1.29917,1.29943
2013.03.10 21:32:32.395,1.29926,1.29936
2013.03.10 21:32:32.585,1.2992,1.29944
2013.03.10 21:32:41.085,1.29926,1.2994
2013.03.10 21:32:41.264,1.29926,1.29942
2013.03.10 21:33:15.101,1.29922,1.29948
2013.03.10 21:33:26.565,1.29929,1.29943
2013.03.10 21:33:27.667,1.29931,1.29955
2013.03.10 21:33:32.412,1.29927,1.29955
2013.03.10 21:33:47.075,1.29937,1.29948
2013.03.10 21:33:47.196,1.29936,1.2995
2013.03.10 21:33:47.872,1.29935,1.29959
2013.03.10 21:33:48.365,1.29938,1.29962
2013.03.10 21:33:48.546,1.29944,1.29958
2013.03.10 21:33:49.385,1.29935,1.29961
2013.03.10 21:33:49.725,1.29944,1.29958
2013.03.10 21:33:50.375,1.29936,1.2996
2013.03.10 21:33:50.555,1.29938,1.29962
2013.03.10 21:33:50.795,1.29944,1.29958
2013.03.10 21:33:53.375,1.29935,1.29961
2013.03.10 21:33:53.616,1.29944,1.29958
2013.03.10 21:33:55.195,1.29945,1.29958
2013.03.10 21:33:55.376,1.29945,1.29961
2013.03.10 21:33:55.924,1.29935,1.29961
2013.03.10 21:33:56.316,1.29944,1.29958
2013.03.10 21:33:56.857,1.29935,1.29959
2013.03.10 21:33:57.485,1.29943,1.29957
2013.03.10 21:33:58.424,1.29943,1.29958
2013.03.10 21:34:17.085,1.29943,1.29955
2013.03.10 21:34:35.096,1.29934,1.2996
2013.03.10 21:34:41.306,1.29946,1.29956
2013.03.10 21:34:41.775,1.29946,1.29956
2013.03.10 21:34:46.806,1.29945,1.29953
2013.03.10 21:35:07.243,1.29944,1.29952
2013.03.10 21:35:09.016,1.29937,1.29957
2013.03.10 21:35:09.136,1.2994,1.29951
2013.03.10 21:35:09.376,1.29934,1.29947
2013.03.10 21:35:09.556,1.29934,1.29944
2013.03.10 21:35:14.405,1.29934,1.29946
2013.03.10 21:35:19.816,1.29932,1.2994
2013.03.10 21:35:20.326,1.2993,1.29939
2013.03.10 21:35:21.679,1.29931,1.2994
2013.03.10 21:35:38.145,1.2993,1.2994
2013.03.10 21:35:38.205,1.29922,1.29946
2013.03.10 21:35:46.267,1.29924,1.29941
2013.03.10 21:35:46.626,1.29926,1.29939
2013.03.10 21:36:07.177,1.2993,1.29939
2013.03.10 21:36:30.617,1.2993,1.2994
2013.03.10 21:36:46.643,1.29922,1.29945
2013.03.10 21:36:49.016,1.29915,1.29938
2013.03.10 21:36:49.615,1.29915,1.29938
2013.03.10 21:36:50.725,1.29915,1.29938
2013.03.10 21:36:51.126,1.29914,1.29936
2013.03.10 21:36:51.187,1.29916,1.29936
2013.03.10 21:36:51.246,1.29922,1.29932
2013.03.10 21:36:52.056,1.29924,1.29932
2013.03.10 21:36:52.237,1.29923,1.29936
2013.03.10 21:37:04.115,1.29917,1.29944
2013.03.10 21:37:19.026,1.2992,1.29944
2013.03.10 21:37:22.491,1.29923,1.29943
2013.03.10 21:37:35.286,1.29926,1.29942
2013.03.10 21:37:36.105,1.29927,1.29943
2013.03.10 21:37:37.216,1.29924,1.29949
2013.03.10 21:37:37.396,1.29924,1.29951
2013.03.10 21:37:38.006,1.29924,1.29953
2013.03.10 21:37:38.166,1.29927,1.29952
2013.03.10 21:37:38.556,1.29927,1.29954
2013.03.10 21:37:39.846,1.29927,1.29956
2013.03.10 21:37:39.906,1.29928,1.29958
2013.03.10 21:37:41.716,1.29929,1.29959
2013.03.10 21:37:42.037,1.29931,1.2996
2013.03.10 21:37:45.576,1.29932,1.29961
2013.03.10 21:37:46.466,1.29933,1.29962
2013.03.10 21:37:50.947,1.29937,1.2996
2013.03.10 21:37:54.332,1.29937,1.29963
2013.03.10 21:37:58.377,1.29943,1.29959
2013.03.10 21:37:58.977,1.29945,1.29959
2013.03.10 21:37:59.096,1.29943,1.29963
2013.03.10 21:37:59.276,1.29941,1.29967
2013.03.10 21:38:19.517,1.29941,1.29968
2013.03.10 21:38:19.636,1.29943,1.29968
2013.03.10 21:38:23.595,1.29944,1.2997
2013.03.10 21:38:25.317,1.29946,1.2997
2013.03.10 21:38:25.436,1.29946,1.29973
2013.03.10 21:38:34.135,1.29954,1.29979
2013.03.10 21:38:34.467,1.29954,1.29981
2013.03.10 21:38:41.975,1.29958,1.29982
2013.03.10 21:38:42.809,1.29957,1.29982
2013.03.10 21:38:43.806,1.29959,1.29982
2013.03.10 21:38:45.835,1.29957,1.29982
2013.03.10 21:38:52.837,1.29963,1.29982
2013.03.10 21:38:52.907,1.29967,1.29982
2013.03.10 21:38:53.417,1.2997,1.2998
2013.03.10 21:38:53.976,1.29968,1.2998
2013.03.10 21:39:52.954,1.29961,1.29985
2013.03.10 21:39:53.826,1.29959,1.29983
2013.03.10 21:39:56.176,1.29962,1.29986
2013.03.10 21:39:59.289,1.29962,1.29986
2013.03.10 21:39:59.696,1.29962,1.29986
2013.03.10 21:39:59.905,1.2996,1.29986
2013.03.10 21:40:00.246,1.2996,1.29984
2013.03.10 21:40:16.037,1.2996,1.29984
2013.03.10 21:40:16.803,1.2996,1.29985
2013.03.10 21:40:18.150,1.2996,1.29984
2013.03.10 21:40:18.665,1.2996,1.29985
2013.03.10 21:40:19.153,1.2996,1.29984
2013.03.10 21:40:21.506,1.29962,1.29985
2013.03.10 21:40:25.797,1.29962,1.29986
2013.03.10 21:40:25.856,1.29962,1.29986
2013.03.10 21:40:26.088,1.29962,1.29985
2013.03.10 21:40:29.937,1.2996,1.29985
2013.03.10 21:40:30.477,1.29971,1.29985
2013.03.10 21:40:30.597,1.29964,1.29981
2013.03.10 21:40:34.580,1.29951,1.29981
2013.03.10 21:41:34.577,1.29941,1.29982
2013.03.10 21:41:35.621,1.29941,1.29982
2013.03.10 21:41:38.167,1.29941,1.29982
2013.03.10 21:41:44.316,1.29939,1.29982
2013.03.10 21:41:44.817,1.29939,1.29982
2013.03.10 21:41:50.537,1.29941,1.29982
2013.03.10 21:41:54.546,1.29939,1.29985
2013.03.10 21:42:15.237,1.29939,1.29982
2013.03.10 21:42:36.296,1.29939,1.29982
2013.03.10 21:42:53.196,1.29939,1.2997
2013.03.10 21:42:53.518,1.29951,1.29961
2013.03.10 21:43:08.186,1.29953,1.2997
2013.03.10 21:43:08.246,1.29953,1.29975
2013.03.10 21:43:08.306,1.29953,1.29981
2013.03.10 21:43:26.787,1.29953,1.29978
2013.03.10 21:44:26.936,1.29938,1.29981
2013.03.10 21:44:27.487,1.29954,1.29977
2013.03.10 21:44:33.416,1.29954,1.29974
2013.03.10 21:44:36.896,1.29954,1.29975
2013.03.10 21:44:47.617,1.29958,1.29975
2013.03.10 21:44:47.976,1.29957,1.29968
2013.03.10 21:44:49.657,1.29957,1.29968
2013.03.10 21:44:50.756,1.29957,1.29967
2013.03.10 21:44:51.126,1.29957,1.29968
2013.03.10 21:45:01.656,1.29957,1.29966
2013.03.10 21:45:03.026,1.29953,1.29966
2013.03.10 21:45:03.086,1.29953,1.29969
2013.03.10 21:45:23.256,1.29953,1.2997
2013.03.10 21:45:30.000,1.29953,1.29971
2013.03.10 21:45:30.859,1.29953,1.2997
2013.03.10 21:45:32.376,1.29953,1.29967
2013.03.10 21:45:32.698,1.29953,1.29964
2013.03.10 21:45:42.836,1.29953,1.29966
2013.03.10 21:45:48.865,1.29953,1.29964
2013.03.10 21:45:50.506,1.29953,1.29963
2013.03.10 21:45:50.866,1.29945,1.29969
2013.03.10 21:45:51.437,1.29955,1.29963
2013.03.10 21:45:55.366,1.29956,1.29966
2013.03.10 21:45:56.666,1.29956,1.29964
2013.03.10 21:46:00.937,1.29956,1.29966
2013.03.10 21:46:12.695,1.29953,1.29966
2013.03.10 21:46:13.015,1.29953,1.2997
2013.03.10 21:46:13.255,1.29953,1.29967
2013.03.10 21:46:13.496,1.29953,1.29969
2013.03.10 21:46:13.976,1.29953,1.29966
2013.03.10 21:46:15.856,1.29953,1.29968
2013.03.10 21:46:21.506,1.29953,1.2997
2013.03.10 21:46:24.146,1.29953,1.29968
2013.03.10 21:46:28.915,1.29953,1.29966
2013.03.10 21:46:44.398,1.29953,1.29967
2013.03.10 21:46:44.516,1.29953,1.2997
2013.03.10 21:46:48.546,1.29953,1.29967
2013.03.10 21:46:48.607,1.29953,1.2997
2013.03.10 21:46:49.958,1.29953,1.29968
2013.03.10 21:46:50.515,1.29953,1.29966
2013.03.10 21:46:51.296,1.29953,1.29968
2013.03.10 21:47:01.233,1.29953,1.29969
2013.03.10 21:47:03.605,1.29953,1.29963
2013.03.10 21:47:03.665,1.29953,1.29967
2013.03.10 21:47:24.276,1.29953,1.29965
2013.03.10 21:47:24.676,1.29953,1.29962
2013.03.10 21:47:24.736,1.29953,1.29965
2013.03.10 21:47:41.115,1.29953,1.29968
2013.03.10 21:47:42.206,1.29953,1.29965
2013.03.10 21:47:45.716,1.29953,1.29961
2013.03.10 21:47:46.022,1.29953,1.29958
2013.03.10 21:47:48.907,1.29953,1.29961
2013.03.10 21:47:49.436,1.29953,1.2996
2013.03.10 21:47:49.676,1.29946,1.29965
2013.03.10 21:47:49.797,1.29953,1.29962
2013.03.10 21:47:49.976,1.29953,1.29968
2013.03.10 21:47:50.036,1.29953,1.29966
2013.03.10 21:47:51.447,1.29953,1.29969
2013.03.10 21:47:51.566,1.29953,1.29967
2013.03.10 21:47:52.076,1.29953,1.29965
2013.03.10 21:47:52.136,1.29953,1.29967
2013.03.10 21:47:52.476,1.29953,1.29969
2013.03.10 21:47:52.536,1.29953,1.29972
2013.03.10 21:47:52.866,1.29953,1.2997
2013.03.10 21:47:53.776,1.29953,1.29973
2013.03.10 21:47:54.464,1.29953,1.29973
2013.03.10 21:47:54.916,1.29953,1.29972
2013.03.10 21:47:54.976,1.29945,1.29975
2013.03.10 21:47:55.486,1.29953,1.29973
2013.03.10 21:47:55.736,1.29953,1.29973
2013.03.10 21:47:55.936,1.29954,1.29974
2013.03.10 21:47:56.686,1.29954,1.29974
2013.03.10 21:47:57.786,1.29954,1.29974
2013.03.10 21:47:58.026,1.29954,1.29974
2013.03.10 21:47:58.157,1.29954,1.29976
2013.03.10 21:47:59.955,1.29954,1.29974
2013.03.10 21:48:00.491,1.29945,1.29977
2013.03.10 21:48:04.466,1.29954,1.29974
2013.03.10 21:48:05.008,1.29954,1.29976
2013.03.10 21:48:05.569,1.29954,1.29974
2013.03.10 21:48:12.046,1.29945,1.29975
2013.03.10 21:48:19.209,1.29954,1.29978
2013.03.10 21:48:19.821,1.29954,1.29978
2013.03.10 21:48:21.276,1.29951,1.29978
2013.03.10 21:48:21.697,1.29954,1.29978
2013.03.10 21:48:22.317,1.29953,1.29975
2013.03.10 21:48:25.777,1.29953,1.29978
2013.03.10 21:48:25.896,1.29953,1.29975
2013.03.10 21:48:26.116,1.29953,1.29975
2013.03.10 21:48:26.977,1.29953,1.29978
2013.03.10 21:48:29.706,1.29953,1.29975
2013.03.10 21:48:30.018,1.29952,1.29975
2013.03.10 21:48:33.304,1.29953,1.29975
2013.03.10 21:48:33.606,1.2996,1.2997
2013.03.10 21:49:30.306,1.29954,1.29974
2013.03.10 21:49:31.708,1.29952,1.29966
2013.03.10 21:49:31.831,1.29946,1.2997
2013.03.10 21:49:33.757,1.29944,1.29968
2013.03.10 21:49:40.807,1.29947,1.29971
2013.03.10 21:49:43.007,1.29944,1.29968
2013.03.10 21:49:47.306,1.29953,1.29967
2013.03.10 21:49:48.765,1.29953,1.29969
2013.03.10 21:49:50.107,1.29945,1.29971
2013.03.10 21:49:51.107,1.29953,1.29967
2013.03.10 21:49:51.497,1.29945,1.29969
2013.03.10 21:49:51.766,1.29953,1.29967
2013.03.10 21:49:52.587,1.29953,1.29966
2013.03.10 21:49:54.447,1.29953,1.29967
2013.03.10 21:49:54.926,1.29953,1.29965
2013.03.10 21:49:58.337,1.29953,1.29963
2013.03.10 21:49:58.458,1.29953,1.29959
2013.03.10 21:49:58.517,1.29942,1.29958
2013.03.10 21:49:59.056,1.2995,1.29958
2013.03.10 21:50:09.997,1.29942,1.29958
2013.03.10 21:50:10.177,1.29943,1.29949
2013.03.10 21:50:10.477,1.29944,1.29956
2013.03.10 21:50:10.777,1.29937,1.29951
2013.03.10 21:50:11.201,1.29937,1.29949
2013.03.10 21:50:12.371,1.29937,1.29953
2013.03.10 21:50:12.784,1.29938,1.29953
2013.03.10 21:50:13.407,1.29938,1.2995
2013.03.10 21:50:19.477,1.29939,1.29952
2013.03.10 21:50:19.536,1.29937,1.29957
2013.03.10 21:50:19.717,1.29937,1.2995
2013.03.10 21:50:22.577,1.29937,1.29949
2013.03.10 21:50:26.637,1.29938,1.2995
2013.03.10 21:50:27.008,1.29938,1.2995
2013.03.10 21:50:27.067,1.29936,1.29945
2013.03.10 21:50:27.127,1.29934,1.29943
2013.03.10 21:50:27.259,1.29934,1.29943
2013.03.10 21:51:27.068,1.29928,1.29946
2013.03.10 21:51:41.876,1.29926,1.29949
2013.03.10 21:51:48.567,1.29928,1.29946
2013.03.10 21:51:50.576,1.29926,1.29949
2013.03.10 21:51:54.207,1.29928,1.29946
2013.03.10 21:51:59.356,1.29926,1.29949
2013.03.10 21:51:59.897,1.29928,1.29946
2013.03.10 21:52:06.708,1.29926,1.29949
2013.03.10 21:52:11.287,1.29928,1.29943
2013.03.10 21:52:16.783,1.29927,1.29943
2013.03.10 21:52:18.356,1.29923,1.29947
2013.03.10 21:53:05.517,1.29929,1.29941
2013.03.10 21:53:05.818,1.29929,1.29941
2013.03.10 21:53:12.308,1.29924,1.29944
2013.03.10 21:53:12.487,1.29922,1.29943
2013.03.10 21:53:12.547,1.29914,1.29938
2013.03.10 21:53:12.737,1.29914,1.29936
2013.03.10 21:53:12.928,1.29914,1.29937
2013.03.10 21:53:19.227,1.29914,1.29935
2013.03.10 21:53:37.416,1.29914,1.29934
2013.03.10 21:53:41.637,1.29914,1.29936
2013.03.10 21:53:41.697,1.29914,1.29934
2013.03.10 21:53:44.466,1.29914,1.29936
2013.03.10 21:53:54.618,1.29908,1.29934
2013.03.10 21:53:56.827,1.29912,1.29935
2013.03.10 21:53:56.887,1.29912,1.29936
2013.03.10 21:53:57.647,1.29913,1.29937
2013.03.10 21:53:59.104,1.29912,1.29935
2013.03.10 21:53:59.457,1.29913,1.29937
2013.03.10 21:53:59.637,1.29912,1.29935
2013.03.10 21:54:00.616,1.29912,1.29934
2013.03.10 21:54:08.448,1.29911,1.29934
2013.03.10 21:54:08.839,1.29909,1.29933
2013.03.10 21:54:09.019,1.29912,1.29935
2013.03.10 21:54:09.137,1.29913,1.29935
2013.03.10 21:54:11.277,1.29913,1.29935
2013.03.10 21:54:12.547,1.29913,1.29935
2013.03.10 21:54:13.457,1.29913,1.29935
2013.03.10 21:54:14.277,1.29909,1.29933
2013.03.10 21:54:14.338,1.29911,1.29933
2013.03.10 21:54:14.457,1.29909,1.29933
2013.03.10 21:54:14.789,1.29907,1.29931
2013.03.10 21:54:14.857,1.29909,1.29933
2013.03.10 21:54:15.957,1.29911,1.29933
2013.03.10 21:54:16.077,1.29909,1.29933
2013.03.10 21:54:16.327,1.2991,1.29933
2013.03.10 21:54:16.826,1.29909,1.29933
2013.03.10 21:54:17.378,1.29909,1.29933
2013.03.10 21:54:17.437,1.29911,1.29934
2013.03.10 21:54:17.556,1.29914,1.29935
2013.03.10 21:54:18.507,1.29913,1.29934
2013.03.10 21:54:19.114,1.29912,1.29934
2013.03.10 21:54:23.398,1.29914,1.29935
2013.03.10 21:54:24.078,1.29913,1.29934
2013.03.10 21:54:25.558,1.29914,1.29935
2013.03.10 21:54:28.432,1.29914,1.29937
2013.03.10 21:54:31.527,1.29914,1.29935
2013.03.10 21:54:36.228,1.29916,1.2994
2013.03.10 21:54:42.897,1.29914,1.29937
2013.03.10 21:54:43.257,1.29918,1.29941
2013.03.10 21:54:43.987,1.29916,1.2994
2013.03.10 21:54:45.956,1.29915,1.29939
2013.03.10 21:54:53.087,1.29918,1.29942
2013.03.10 21:54:55.808,1.2992,1.29943
2013.03.10 21:54:58.204,1.29918,1.29942
2013.03.10 21:55:00.466,1.29916,1.2994
2013.03.10 21:55:00.729,1.29923,1.29943
2013.03.10 21:55:00.921,1.2992,1.29943
2013.03.10 21:55:01.096,1.29923,1.29943
2013.03.10 21:55:01.366,1.29921,1.29943
2013.03.10 21:55:01.586,1.29924,1.29943
2013.03.10 21:55:02.677,1.29921,1.29943
2013.03.10 21:55:10.098,1.29918,1.29942
2013.03.10 21:55:10.408,1.29924,1.29942
2013.03.10 21:55:10.751,1.29926,1.29942
2013.03.10 21:55:11.327,1.29925,1.29942
2013.03.10 21:55:14.344,1.29923,1.29935
2013.03.10 21:55:17.440,1.29923,1.29945
2013.03.10 21:55:23.596,1.29919,1.29943
2013.03.10 21:55:23.786,1.29927,1.29945
2013.03.10 21:55:24.127,1.29927,1.29942
2013.03.10 21:55:24.587,1.29927,1.29942
2013.03.10 21:55:24.917,1.29927,1.29942
2013.03.10 21:55:26.958,1.29926,1.29942
2013.03.10 21:55:27.078,1.29927,1.29942
2013.03.10 21:55:27.257,1.29923,1.29942
2013.03.10 21:55:27.568,1.29925,1.29942
2013.03.10 21:55:28.436,1.29923,1.29945
2013.03.10 21:55:30.236,1.29926,1.29935
2013.03.10 21:55:32.588,1.29923,1.29945
2013.03.10 21:55:33.867,1.29922,1.29942
2013.03.10 21:55:33.987,1.29919,1.29942
2013.03.10 21:55:34.108,1.29926,1.29942
2013.03.10 21:55:34.819,1.29926,1.29942
2013.03.10 21:55:35.639,1.2993,1.29945
2013.03.10 21:55:35.828,1.29929,1.29945
2013.03.10 21:55:36.494,1.29928,1.29945
2013.03.10 21:55:39.148,1.29927,1.29942
2013.03.10 21:55:41.197,1.29933,1.29947
2013.03.10 21:55:41.256,1.29933,1.29949
2013.03.10 21:55:43.588,1.29931,1.29945
2013.03.10 21:55:44.287,1.29933,1.29949
2013.03.10 21:55:44.408,1.2993,1.29945
2013.03.10 21:55:44.528,1.29929,1.29948
2013.03.10 21:55:44.588,1.29939,1.29946
2013.03.10 21:55:44.767,1.2993,1.29957
2013.03.10 21:55:44.832,1.29933,1.29956
2013.03.10 21:55:45.348,1.29936,1.29956
2013.03.10 21:55:45.468,1.29934,1.29961
2013.03.10 21:55:46.027,1.29934,1.29963
2013.03.10 21:55:46.238,1.29937,1.29963
2013.03.10 21:55:46.638,1.29937,1.29965
2013.03.10 21:55:47.936,1.29939,1.29966
2013.03.10 21:55:50.207,1.29946,1.29973
2013.03.10 21:55:52.686,1.29945,1.2997
2013.03.10 21:55:53.117,1.29943,1.2997
2013.03.10 21:55:53.327,1.29943,1.2997
2013.03.10 21:55:53.448,1.29941,1.29967
2013.03.10 21:55:55.918,1.2994,1.29965
2013.03.10 21:55:56.038,1.29931,1.29965
2013.03.10 21:55:56.287,1.29936,1.29962
2013.03.10 21:56:00.787,1.29943,1.29968
2013.03.10 21:56:01.087,1.2994,1.29967
2013.03.10 21:56:01.217,1.29938,1.29965
2013.03.10 21:56:01.276,1.29941,1.29968
2013.03.10 21:56:01.614,1.29942,1.29968
2013.03.10 21:56:05.457,1.29942,1.29968
2013.03.10 21:56:08.708,1.29945,1.29968
2013.03.10 21:56:09.238,1.29947,1.29968
2013.03.10 21:56:09.777,1.29942,1.29968
2013.03.10 21:56:12.577,1.29949,1.29969
2013.03.10 21:56:12.938,1.29957,1.29971
2013.03.10 21:56:13.238,1.29956,1.29971
2013.03.10 21:56:13.597,1.29956,1.29971
2013.03.10 21:56:14.289,1.29956,1.29971
2013.03.10 21:56:14.537,1.29956,1.29971
2013.03.10 21:56:14.778,1.29959,1.29971
2013.03.10 21:56:16.777,1.29959,1.29973
2013.03.10 21:56:17.458,1.29958,1.29973
2013.03.10 21:56:17.518,1.29959,1.29973
2013.03.10 21:56:17.878,1.29958,1.29973
2013.03.10 21:56:18.417,1.29956,1.29973
2013.03.10 21:56:40.387,1.29958,1.2997
2013.03.10 21:56:40.568,1.29957,1.2997
2013.03.10 21:56:40.898,1.29957,1.2997
2013.03.10 21:56:41.474,1.29957,1.2997
2013.03.10 21:56:51.398,1.29957,1.2997
2013.03.10 21:56:51.578,1.29959,1.2997
2013.03.10 21:56:51.978,1.29958,1.2997
2013.03.10 21:56:52.629,1.29958,1.2997
2013.03.10 21:57:01.878,1.29958,1.2997
2013.03.10 21:57:04.348,1.2996,1.29974
2013.03.10 21:57:04.527,1.2996,1.29975
2013.03.10 21:57:04.947,1.29957,1.29975
2013.03.10 21:57:05.007,1.29955,1.29974
2013.03.10 21:57:05.436,1.29957,1.29974
2013.03.10 21:57:06.098,1.29957,1.2997
2013.03.10 21:57:06.917,1.29957,1.2997
2013.03.10 21:57:09.799,1.29957,1.2997
2013.03.10 21:57:18.668,1.29957,1.29966
2013.03.10 21:57:19.028,1.29952,1.29962
2013.03.10 21:57:19.857,1.29953,1.29962
2013.03.10 21:57:21.388,1.29953,1.29962
2013.03.10 21:58:18.778,1.29943,1.29965
2013.03.10 21:58:18.958,1.29943,1.29955
2013.03.10 21:58:20.669,1.29951,1.2996
2013.03.10 21:58:20.788,1.29952,1.2996
2013.03.10 21:58:32.928,1.29941,1.2996
2013.03.10 21:58:38.228,1.29942,1.29961
2013.03.10 21:58:58.158,1.29941,1.29962
2013.03.10 21:58:58.218,1.29941,1.29959
2013.03.10 21:59:03.918,1.29949,1.29953
2013.03.10 21:59:04.353,1.29949,1.29953
2013.03.10 21:59:10.948,1.29947,1.29953
2013.03.10 21:59:11.069,1.29949,1.29953
2013.03.10 21:59:15.088,1.2995,1.29953
2013.03.10 21:59:18.938,1.29948,1.29953
2013.03.10 21:59:19.498,1.29949,1.29953
2013.03.10 21:59:23.748,1.29948,1.29953
2013.03.10 21:59:23.808,1.29946,1.29953
2013.03.10 21:59:44.659,1.29947,1.29956
2013.03.10 21:59:52.198,1.29949,1.29958
2013.03.10 21:59:53.161,1.2995,1.29958
2013.03.10 21:59:53.916,1.29949,1.29958
2013.03.10 21:59:59.810,1.29951,1.29958
2013.03.10 21:59:59.930,1.29949,1.29958
2013.03.10 22:00:00.508,1.29952,1.29962
2013.03.10 22:00:01.008,1.29956,1.29962
2013.03.10 22:00:01.329,1.29956,1.29965
2013.03.10 22:00:01.569,1.29954,1.29965
2013.03.10 22:00:01.630,1.29954,1.29969
2013.03.10 22:00:02.524,1.29955,1.29968
2013.03.10 22:00:02.843,1.29957,1.2997
2013.03.10 22:00:03.581,1.29954,1.29969
2013.03.10 22:00:04.528,1.29956,1.29971
2013.03.10 22:00:09.628,1.29954,1.29967
2013.03.10 22:00:09.935,1.29952,1.29965
2013.03.10 22:00:11.354,1.2995,1.29963
2013.03.10 22:00:11.847,1.29952,1.29965
2013.03.10 22:00:14.989,1.29954,1.29967
2013.03.10 22:00:15.109,1.29955,1.2997
2013.03.10 22:00:15.677,1.29956,1.29969
2013.03.10 22:00:16.069,1.29954,1.29967
2013.03.10 22:00:16.768,1.29956,1.29969
2013.03.10 22:00:17.088,1.29958,1.29969
2013.03.10 22:00:17.448,1.29962,1.29975
2013.03.10 22:00:18.988,1.29964,1.29977
2013.03.10 22:00:20.778,1.29962,1.29975
2013.03.10 22:00:30.518,1.29964,1.29977
2013.03.10 22:00:32.102,1.29965,1.29977
2013.03.10 22:00:32.439,1.2997,1.29977
2013.03.10 22:00:35.480,1.2997,1.29978
2013.03.10 22:00:36.013,1.2997,1.29979
2013.03.10 22:00:36.675,1.2997,1.29978
2013.03.10 22:00:37.393,1.2997,1.29977
2013.03.10 22:00:37.511,1.2997,1.29979
2013.03.10 22:00:38.030,1.2997,1.2998
2013.03.10 22:00:39.171,1.29971,1.2998
2013.03.10 22:00:39.991,1.29971,1.29979
2013.03.10 22:00:42.032,1.29974,1.29979
2013.03.10 22:00:43.407,1.29972,1.29979
2013.03.10 22:00:48.931,1.29971,1.29979
2013.03.10 22:00:54.813,1.29971,1.29975
2013.03.10 22:01:00.742,1.29972,1.29975
2013.03.10 22:01:01.251,1.29971,1.29974
2013.03.10 22:01:14.991,1.29974,1.29982
2013.03.10 22:01:16.771,1.29971,1.29982
2013.03.10 22:01:17.472,1.29971,1.29976
2013.03.10 22:01:22.331,1.29973,1.29976
2013.03.10 22:01:22.571,1.29973,1.29981
2013.03.10 22:01:23.139,1.29973,1.29982
2013.03.10 22:01:23.663,1.29972,1.29982
2013.03.10 22:01:23.781,1.29972,1.29976
2013.03.10 22:01:26.713,1.29971,1.29974
2013.03.10 22:01:47.635,1.29972,1.29974
2013.03.10 22:01:50.323,1.2997,1.29974
2013.03.10 22:01:55.111,1.29967,1.29974
2013.03.10 22:01:55.892,1.29968,1.29974
2013.03.10 22:01:56.962,1.29969,1.29974
2013.03.10 22:01:57.761,1.29969,1.29979
2013.03.10 22:01:57.943,1.29973,1.29979
2013.03.10 22:01:58.003,1.29973,1.29983
2013.03.10 22:01:58.641,1.29976,1.29983
2013.03.10 22:01:59.391,1.29974,1.29983
2013.03.10 22:02:00.242,1.29976,1.29983
2013.03.10 22:02:01.539,1.29978,1.29983
2013.03.10 22:02:02.432,1.29979,1.29983
2013.03.10 22:02:02.951,1.29978,1.29983
2013.03.10 22:02:03.271,1.29976,1.29983
2013.03.10 22:02:04.072,1.29976,1.29984
2013.03.10 22:02:04.312,1.29979,1.29984
2013.03.10 22:02:05.355,1.2998,1.29984
2013.03.10 22:02:05.958,1.29979,1.29984
2013.03.10 22:02:06.369,1.29981,1.29984
2013.03.10 22:02:07.633,1.29982,1.29989
2013.03.10 22:02:07.951,1.29984,1.29991
2013.03.10 22:02:08.667,1.29981,1.29985
2013.03.10 22:02:09.493,1.29983,1.29987
2013.03.10 22:02:09.553,1.29984,1.29993
2013.03.10 22:02:11.121,1.29987,1.29993
2013.03.10 22:02:12.029,1.29985,1.29993
2013.03.10 22:02:13.336,1.29986,1.29993
2013.03.10 22:02:17.827,1.29984,1.29993
2013.03.10 22:02:18.342,1.29985,1.29993
2013.03.10 22:02:19.301,1.29986,1.29993
2013.03.10 22:02:20.461,1.29985,1.29993
2013.03.10 22:02:21.088,1.29985,1.29992
2013.03.10 22:02:21.166,1.29985,1.2999
2013.03.10 22:02:21.472,1.29984,1.29992
2013.03.10 22:02:22.092,1.29985,1.29992
2013.03.10 22:02:22.752,1.29986,1.29992
2013.03.10 22:02:23.361,1.29983,1.29992
2013.03.10 22:02:25.612,1.29986,1.29992
2013.03.10 22:02:26.672,1.29987,1.29992
2013.03.10 22:02:28.587,1.29989,1.29992
2013.03.10 22:02:29.321,1.29985,1.29992
2013.03.10 22:02:31.162,1.29983,1.29992
2013.03.10 22:02:33.671,1.29983,1.2999
2013.03.10 22:02:34.563,1.29986,1.2999
2013.03.10 22:02:34.691,1.29983,1.2999
2013.03.10 22:02:48.253,1.29983,1.29989
2013.03.10 22:02:48.833,1.29982,1.29989
2013.03.10 22:02:49.738,1.29983,1.29989
2013.03.10 22:02:51.933,1.29983,1.2999
2013.03.10 22:02:55.391,1.29982,1.2999
2013.03.10 22:03:04.183,1.29983,1.2999
2013.03.10 22:03:07.799,1.29982,1.2999
2013.03.10 22:03:14.134,1.29983,1.2999
2013.03.10 22:03:15.761,1.29982,1.29988
2013.03.10 22:03:17.461,1.29982,1.2999
2013.03.10 22:03:18.653,1.29982,1.29986
2013.03.10 22:03:19.033,1.29982,1.2999
2013.03.10 22:03:19.213,1.29982,1.29987
2013.03.10 22:03:19.463,1.2998,1.29987
2013.03.10 22:03:19.592,1.29981,1.2999
2013.03.10 22:03:20.412,1.29981,1.29989
2013.03.10 22:03:21.089,1.29981,1.2999
2013.03.10 22:03:21.812,1.2998,1.2999
2013.03.10 22:03:23.042,1.29981,1.2999
2013.03.10 22:03:26.763,1.29981,1.29986
2013.03.10 22:03:27.079,1.29981,1.2999
2013.03.10 22:03:29.462,1.29981,1.29987
2013.03.10 22:03:29.830,1.29981,1.2999
2013.03.10 22:03:41.431,1.29981,1.29989
2013.03.10 22:03:42.061,1.2998,1.29989
2013.03.10 22:03:44.891,1.29979,1.29989
2013.03.10 22:03:45.270,1.29981,1.29989
2013.03.10 22:03:45.571,1.29985,1.29988
2013.03.10 22:03:45.632,1.29985,1.2999
2013.03.10 22:03:45.702,1.29985,1.29988
2013.03.10 22:03:46.111,1.29981,1.29988
2013.03.10 22:03:46.231,1.29984,1.29989
2013.03.10 22:03:46.962,1.2998,1.29989
2013.03.10 22:03:47.081,1.29985,1.2999
2013.03.10 22:03:47.391,1.29985,1.29988
2013.03.10 22:03:49.172,1.29982,1.2999
2013.03.10 22:03:52.221,1.29985,1.2999
2013.03.10 22:03:52.581,1.29985,1.29988
2013.03.10 22:03:53.666,1.29985,1.2999
2013.03.10 22:03:59.042,1.29986,1.29991
2013.03.10 22:03:59.282,1.29981,1.2999
2013.03.10 22:03:59.521,1.29985,1.29991
2013.03.10 22:04:00.563,1.29987,1.29991
2013.03.10 22:04:07.273,1.29987,1.29993
2013.03.10 22:04:07.343,1.29988,1.29993
2013.03.10 22:04:07.472,1.29988,1.30001
2013.03.10 22:04:07.532,1.29988,1.30001
2013.03.10 22:04:07.771,1.29986,1.29995
2013.03.10 22:04:10.141,1.29988,1.3
2013.03.10 22:04:28.550,1.29989,1.29999
2013.03.10 22:04:30.001,1.29989,1.29995
2013.03.10 22:04:30.811,1.29989,1.29995
2013.03.10 22:04:48.435,1.29985,1.29992
2013.03.10 22:04:48.572,1.29989,1.30001
2013.03.10 22:04:48.641,1.29989,1.29997
2013.03.10 22:04:48.942,1.29991,1.30005
2013.03.10 22:04:49.062,1.29996,1.30006
2013.03.10 22:04:49.183,1.29994,1.30012
2013.03.10 22:04:49.241,1.30002,1.30012
2013.03.10 22:04:49.422,1.29992,1.30016
2013.03.10 22:04:49.543,1.29998,1.30012
2013.03.10 22:04:49.603,1.30005,1.30014
2013.03.10 22:04:49.672,1.29992,1.30014
2013.03.10 22:04:50.391,1.29994,1.30019
2013.03.10 22:04:50.451,1.30005,1.30021
2013.03.10 22:04:50.753,1.30011,1.30021
2013.03.10 22:04:50.815,1.3,1.30022
2013.03.10 22:04:51.342,1.3,1.30021
2013.03.10 22:04:51.522,1.29999,1.30021
2013.03.10 22:04:52.081,1.29996,1.30015
2013.03.10 22:04:52.143,1.29996,1.30013
2013.03.10 22:04:52.488,1.29996,1.30012
2013.03.10 22:04:52.793,1.30001,1.3001
2013.03.10 22:04:52.922,1.30001,1.30016
2013.03.10 22:04:56.331,1.30002,1.30014
2013.03.10 22:04:58.159,1.30002,1.30017
2013.03.10 22:04:58.681,1.30002,1.30017
2013.03.10 22:05:00.183,1.3,1.30019
2013.03.10 22:05:00.541,1.29997,1.30013
2013.03.10 22:05:05.232,1.29999,1.30013
2013.03.10 22:05:07.086,1.30003,1.30012
2013.03.10 22:05:10.541,1.30003,1.30013
2013.03.10 22:05:11.642,1.30003,1.30013
2013.03.10 22:05:17.192,1.3,1.30015
2013.03.10 22:05:20.041,1.29998,1.30015
2013.03.10 22:05:22.212,1.30004,1.30018
2013.03.10 22:05:23.972,1.30007,1.30016
2013.03.10 22:05:24.853,1.30007,1.30016
2013.03.10 22:05:25.442,1.30007,1.30016
2013.03.10 22:05:25.681,1.30007,1.30016
2013.03.10 22:05:29.012,1.3001,1.30016
2013.03.10 22:05:31.992,1.30008,1.30016
2013.03.10 22:05:33.152,1.30005,1.30018
2013.03.10 22:05:35.512,1.3001,1.30019
2013.03.10 22:05:35.632,1.30005,1.30019
2013.03.10 22:05:36.952,1.30008,1.30019
2013.03.10 22:05:38.171,1.30008,1.30018
2013.03.10 22:05:38.891,1.30005,1.30018
2013.03.10 22:05:39.950,1.30006,1.30018
2013.03.10 22:05:40.491,1.30006,1.30018
2013.03.10 22:05:41.759,1.30006,1.30018
2013.03.10 22:05:41.883,1.30006,1.30019
2013.03.10 22:05:44.802,1.30003,1.30018
2013.03.10 22:05:46.513,1.3,1.30017
2013.03.10 22:05:46.572,1.29999,1.30017
2013.03.10 22:05:46.752,1.3,1.30017
2013.03.10 22:05:47.962,1.29999,1.30014
2013.03.10 22:05:48.935,1.3,1.30017
2013.03.10 22:05:49.364,1.30003,1.30017
2013.03.10 22:05:49.432,1.30002,1.30021
2013.03.10 22:05:49.493,1.30005,1.3002
2013.03.10 22:05:49.614,1.30005,1.30022
2013.03.10 22:05:49.792,1.3001,1.30026
2013.03.10 22:05:49.852,1.3001,1.30024
2013.03.10 22:05:50.153,1.29999,1.30024
2013.03.10 22:05:50.277,1.29999,1.30024
2013.03.10 22:05:50.402,1.30001,1.30025
2013.03.10 22:05:50.989,1.30001,1.30025
2013.03.10 22:05:51.328,1.30004,1.30023
2013.03.10 22:05:51.393,1.30004,1.30023
2013.03.10 22:05:51.572,1.30004,1.30023
2013.03.10 22:05:52.062,1.30007,1.30015
2013.03.10 22:05:52.363,1.30004,1.30013
2013.03.10 22:05:53.683,1.30001,1.30013
2013.03.10 22:05:54.221,1.3,1.30015
2013.03.10 22:05:55.161,1.3,1.30015
2013.03.10 22:05:55.723,1.3,1.30015
2013.03.10 22:05:55.843,1.30004,1.30018
2013.03.10 22:05:55.914,1.30009,1.30019
2013.03.10 22:05:55.983,1.30011,1.30021
2013.03.10 22:05:56.050,1.30011,1.30019
2013.03.10 22:05:56.124,1.30006,1.30016
2013.03.10 22:05:56.252,1.30006,1.30016
2013.03.10 22:05:56.432,1.30003,1.30013
2013.03.10 22:05:56.978,1.30003,1.30013
2013.03.10 22:05:57.042,1.30003,1.30013
2013.03.10 22:05:58.134,1.30003,1.30013
2013.03.10 22:05:58.203,1.30003,1.30013
2013.03.10 22:06:01.532,1.30003,1.30013
2013.03.10 22:06:02.517,1.30003,1.30013
2013.03.10 22:06:03.454,1.30003,1.30013
2013.03.10 22:06:03.992,1.30003,1.30013
2013.03.10 22:06:04.773,1.30001,1.30013
2013.03.10 22:06:05.311,1.30001,1.30013
2013.03.10 22:06:05.603,1.30003,1.30017
2013.03.10 22:06:05.663,1.30003,1.30017
2013.03.10 22:06:06.781,1.30007,1.30019
2013.03.10 22:06:06.913,1.30007,1.30019
2013.03.10 22:06:08.044,1.30007,1.3002
2013.03.10 22:06:08.548,1.30009,1.3002
2013.03.10 22:06:09.162,1.3001,1.3002
2013.03.10 22:06:09.342,1.30008,1.30021
2013.03.10 22:06:09.401,1.30006,1.3002
2013.03.10 22:06:10.331,1.30006,1.3002
2013.03.10 22:06:10.702,1.30006,1.3002
2013.03.10 22:06:16.800,1.30006,1.30018
2013.03.10 22:06:19.342,1.30007,1.30018
2013.03.10 22:06:22.121,1.3001,1.30016
2013.03.10 22:06:22.241,1.30004,1.30016
2013.03.10 22:06:29.862,1.30008,1.30012
2013.03.10 22:06:29.984,1.30003,1.30011
2013.03.10 22:06:30.242,1.30002,1.30011
2013.03.10 22:06:30.772,1.30001,1.30011
2013.03.10 22:06:31.512,1.30001,1.30011
2013.03.10 22:06:31.753,1.30001,1.30013
2013.03.10 22:06:31.812,1.30002,1.30015
2013.03.10 22:06:33.452,1.30002,1.30015
2013.03.10 22:06:38.551,1.30003,1.30017
2013.03.10 22:06:38.853,1.30002,1.30015
2013.03.10 22:06:40.252,1.30001,1.30013
2013.03.10 22:06:40.431,1.30001,1.30015
2013.03.10 22:06:40.493,1.30001,1.30017
2013.03.10 22:06:50.203,1.30003,1.30015
2013.03.10 22:06:51.622,1.30003,1.30011
2013.03.10 22:06:51.982,1.29997,1.30008
2013.03.10 22:06:53.112,1.29995,1.30007
2013.03.10 22:06:54.252,1.29995,1.30005
2013.03.10 22:06:56.131,1.29993,1.30005
2013.03.10 22:06:59.212,1.29994,1.30005
2013.03.10 22:06:59.402,1.29995,1.30005
2013.03.10 22:07:00.144,1.29994,1.30003
2013.03.10 22:07:00.214,1.29994,1.3
2013.03.10 22:07:00.282,1.29987,1.3
2013.03.10 22:07:00.344,1.29987,1.29993
2013.03.10 22:07:00.654,1.29979,1.29989
2013.03.10 22:07:00.903,1.2998,1.29987
2013.03.10 22:07:00.963,1.2998,1.29985
2013.03.10 22:07:01.082,1.29978,1.29985
2013.03.10 22:07:01.503,1.29976,1.29985
2013.03.10 22:07:02.083,1.29977,1.29983
2013.03.10 22:07:02.202,1.29975,1.29983
2013.03.10 22:07:02.262,1.29974,1.29982
2013.03.10 22:07:02.624,1.29967,1.2998
2013.03.10 22:07:02.932,1.29972,1.29982
2013.03.10 22:07:03.518,1.29973,1.29978
2013.03.10 22:07:03.591,1.29973,1.29983
2013.03.10 22:07:04.114,1.29973,1.29987
2013.03.10 22:07:04.303,1.29974,1.29983
2013.03.10 22:07:04.432,1.29975,1.29987
2013.03.10 22:07:07.114,1.29975,1.29987
2013.03.10 22:07:07.303,1.29977,1.29987
2013.03.10 22:07:07.363,1.29977,1.29989
2013.03.10 22:07:07.903,1.29984,1.29996
2013.03.10 22:07:09.864,1.29984,1.29996
2013.03.10 22:07:10.411,1.29984,1.29996
2013.03.10 22:07:11.903,1.29984,1.29994
2013.03.10 22:07:12.262,1.29984,1.29991
2013.03.10 22:07:13.302,1.29984,1.29993
2013.03.10 22:07:14.142,1.29982,1.29993
2013.03.10 22:07:14.273,1.29982,1.29989
2013.03.10 22:07:17.393,1.29984,1.29988
2013.03.10 22:07:17.451,1.29984,1.29988
2013.03.10 22:07:17.512,1.29984,1.29988
2013.03.10 22:07:18.121,1.29984,1.29988
2013.03.10 22:07:18.760,1.29984,1.29989
2013.03.10 22:07:21.218,1.29982,1.29994
2013.03.10 22:07:21.407,1.29981,1.29994
2013.03.10 22:07:24.482,1.29982,1.29996
2013.03.10 22:07:24.843,1.29981,1.29994
2013.03.10 22:07:25.320,1.29981,1.2999
2013.03.10 22:07:25.854,1.29982,1.29992
2013.03.10 22:07:27.952,1.29981,1.29994
2013.03.10 22:07:34.773,1.29982,1.29993
2013.03.10 22:07:38.322,1.29983,1.2999
2013.03.10 22:07:38.442,1.29983,1.29992
2013.03.10 22:07:40.754,1.2998,1.29992
2013.03.10 22:07:41.052,1.29979,1.2999
2013.03.10 22:07:44.092,1.29979,1.29992
2013.03.10 22:07:48.642,1.29979,1.29989
2013.03.10 22:07:56.454,1.29979,1.29992
2013.03.10 22:07:57.642,1.29979,1.29992
2013.03.10 22:07:57.882,1.29982,1.29994
2013.03.10 22:07:58.422,1.29984,1.29996
2013.03.10 22:08:02.022,1.29983,1.29994
2013.03.10 22:08:08.673,1.29983,1.29991
2013.03.10 22:08:09.223,1.29984,1.29991
2013.03.10 22:08:09.523,1.29985,1.29996
2013.03.10 22:08:09.583,1.29986,1.3
2013.03.10 22:08:11.232,1.29985,1.29998
2013.03.10 22:08:15.714,1.29987,1.29998
2013.03.10 22:08:16.523,1.29988,1.3
2013.03.10 22:08:16.583,1.29986,1.29998
2013.03.10 22:08:16.643,1.2999,1.30002
2013.03.10 22:08:20.514,1.29992,1.29999
2013.03.10 22:08:20.752,1.2999,1.29998
2013.03.10 22:08:21.963,1.2999,1.29998
2013.03.10 22:08:22.158,1.29993,1.29998
2013.03.10 22:08:24.042,1.29991,1.3
2013.03.10 22:08:24.102,1.29991,1.3
2013.03.10 22:08:27.963,1.29991,1.30001
2013.03.10 22:08:28.533,1.29992,1.30003
2013.03.10 22:08:29.242,1.29995,1.30001
2013.03.10 22:08:32.293,1.29995,1.3
2013.03.10 22:08:34.852,1.29992,1.30005
2013.03.10 22:08:35.222,1.29994,1.30005
2013.03.10 22:08:35.602,1.29995,1.30007
2013.03.10 22:08:36.023,1.29996,1.30008
2013.03.10 22:08:36.447,1.29995,1.30011
2013.03.10 22:08:39.563,1.30002,1.30015
2013.03.10 22:08:39.741,1.30002,1.30011
2013.03.10 22:08:40.042,1.30002,1.30014
2013.03.10 22:08:40.163,1.30002,1.30011
2013.03.10 22:08:41.532,1.30002,1.30012
2013.03.10 22:08:42.163,1.29999,1.30012
2013.03.10 22:08:42.282,1.29998,1.3001
2013.03.10 22:08:42.402,1.29997,1.30011
2013.03.10 22:08:42.642,1.29996,1.30011
2013.03.10 22:08:44.002,1.29996,1.30007
2013.03.10 22:08:46.472,1.29996,1.30003
2013.03.10 22:08:47.132,1.29996,1.30004
2013.03.10 22:08:48.093,1.29996,1.30002
2013.03.10 22:08:48.153,1.29996,1.30009
2013.03.10 22:08:48.456,1.29996,1.30007
2013.03.10 22:08:49.883,1.29995,1.3
2013.03.10 22:08:50.182,1.29995,1.30008
2013.03.10 22:08:52.752,1.29996,1.30009
2013.03.10 22:08:52.872,1.29996,1.30006
2013.03.10 22:08:53.781,1.29996,1.30007
2013.03.10 22:08:54.311,1.29996,1.30006
2013.03.10 22:08:55.165,1.29996,1.30004
2013.03.10 22:08:56.555,1.29996,1.30008
2013.03.10 22:09:02.933,1.29997,1.30011
2013.03.10 22:09:04.915,1.29997,1.30008
2013.03.10 22:09:05.532,1.29997,1.30011
2013.03.10 22:09:11.393,1.29999,1.30011
2013.03.10 22:09:11.752,1.29998,1.30011
2013.03.10 22:09:12.297,1.29999,1.30013
2013.03.10 22:09:12.662,1.30001,1.30014
2013.03.10 22:09:13.322,1.3,1.30016
2013.03.10 22:09:17.983,1.30006,1.30017
2013.03.10 22:09:23.452,1.30003,1.30018
2013.03.10 22:09:23.632,1.30002,1.30018
2013.03.10 22:09:24.132,1.30002,1.30013
2013.03.10 22:09:27.512,1.30002,1.30019
2013.03.10 22:09:28.673,1.30007,1.30021
2013.03.10 22:09:29.033,1.30009,1.30022
2013.03.10 22:09:33.112,1.30008,1.30022
2013.03.10 22:09:33.294,1.30013,1.30025
2013.03.10 22:09:33.532,1.3001,1.30023
2013.03.10 22:09:33.593,1.3001,1.30023
2013.03.10 22:09:34.285,1.3001,1.30023
2013.03.10 22:09:34.363,1.3001,1.30023
2013.03.10 22:09:36.962,1.30005,1.30022
2013.03.10 22:09:37.023,1.30005,1.3002
2013.03.10 22:09:37.273,1.30003,1.30013
2013.03.10 22:09:37.332,1.29998,1.30013
2013.03.10 22:09:42.272,1.3,1.30015
2013.03.10 22:09:44.132,1.3,1.30015
2013.03.10 22:09:44.672,1.3,1.30017
2013.03.10 22:09:45.762,1.3,1.30015
2013.03.10 22:09:46.062,1.3,1.30017
2013.03.10 22:09:46.602,1.30003,1.30019
2013.03.10 22:09:47.142,1.30001,1.30015
2013.03.10 22:09:49.454,1.30003,1.30016
2013.03.10 22:09:49.772,1.30002,1.30018
2013.03.10 22:09:51.532,1.30001,1.30017
2013.03.10 22:09:55.463,1.30002,1.30014
2013.03.10 22:10:00.882,1.30002,1.30014
2013.03.10 22:10:07.132,1.3,1.30012
2013.03.10 22:10:07.982,1.3,1.30014
2013.03.10 22:10:12.503,1.29997,1.30011
2013.03.10 22:10:15.710,1.29996,1.30013
2013.03.10 22:10:17.024,1.29997,1.30011
2013.03.10 22:10:17.273,1.3,1.30012
2013.03.10 22:10:19.882,1.3,1.30014
2013.03.10 22:10:26.742,1.3,1.30013
2013.03.10 22:10:27.043,1.29998,1.3001
2013.03.10 22:10:27.103,1.29994,1.30008
2013.03.10 22:10:27.782,1.29994,1.30009
2013.03.10 22:10:29.082,1.29994,1.30009
2013.03.10 22:10:29.383,1.29994,1.30009
2013.03.10 22:10:29.693,1.29993,1.30007
2013.03.10 22:10:29.752,1.29994,1.30009
2013.03.10 22:10:30.112,1.29996,1.30011
2013.03.10 22:10:32.442,1.30001,1.30013
2013.03.10 22:10:33.732,1.30001,1.30009
2013.03.10 22:10:35.213,1.29999,1.30009
2013.03.10 22:10:36.894,1.29999,1.30011
2013.03.10 22:10:37.991,1.29999,1.30011
2013.03.10 22:10:38.634,1.29997,1.30014
2013.03.10 22:10:39.413,1.29998,1.30011
2013.03.10 22:10:40.132,1.29998,1.30011
2013.03.10 22:10:41.743,1.3,1.30009
2013.03.10 22:10:42.243,1.30003,1.30009
2013.03.10 22:10:42.936,1.30003,1.30011
2013.03.10 22:10:43.882,1.30003,1.3001
2013.03.10 22:10:44.453,1.30003,1.30015
2013.03.10 22:10:46.384,1.30002,1.30015
2013.03.10 22:10:46.693,1.30006,1.30018
2013.03.10 22:10:47.743,1.30008,1.30017
2013.03.10 22:10:49.682,1.30009,1.30021
2013.03.10 22:10:53.813,1.30006,1.30017
2013.03.10 22:10:54.365,1.30005,1.30017
2013.03.10 22:10:58.144,1.30003,1.30015
2013.03.10 22:11:00.462,1.30002,1.30017
2013.03.10 22:11:03.103,1.30005,1.30017
2013.03.10 22:11:04.114,1.30003,1.30016
2013.03.10 22:11:06.292,1.30002,1.30016
2013.03.10 22:11:06.413,1.3,1.30012
2013.03.10 22:11:06.983,1.3,1.30014
2013.03.10 22:11:07.163,1.3,1.30015
2013.03.10 22:11:13.005,1.30003,1.3001
2013.03.10 22:11:13.745,1.30003,1.30015
2013.03.10 22:11:16.224,1.30003,1.3001
2013.03.10 22:11:16.377,1.30002,1.3001
2013.03.10 22:11:16.703,1.30006,1.30019
2013.03.10 22:11:18.172,1.30009,1.30022
2013.03.10 22:11:18.882,1.30009,1.30014
2013.03.10 22:11:20.145,1.30007,1.30012
2013.03.10 22:11:21.199,1.30006,1.30015
2013.03.10 22:11:22.853,1.3001,1.30015
2013.03.10 22:11:24.613,1.3001,1.30015
2013.03.10 22:11:25.296,1.3001,1.30022
2013.03.10 22:11:27.656,1.3001,1.30019
2013.03.10 22:11:29.443,1.30008,1.3002
2013.03.10 22:11:33.382,1.3001,1.30021
2013.03.10 22:11:33.633,1.30007,1.30019
2013.03.10 22:11:41.006,1.30004,1.30018
2013.03.10 22:11:43.723,1.30004,1.30019
2013.03.10 22:11:45.448,1.30006,1.30022
2013.03.10 22:11:45.693,1.30004,1.30021
2013.03.10 22:11:48.373,1.30005,1.30019
2013.03.10 22:11:49.112,1.30003,1.30018
2013.03.10 22:11:50.032,1.30001,1.30015
2013.03.10 22:11:53.014,1.30005,1.30019
2013.03.10 22:11:55.523,1.30002,1.30017
2013.03.10 22:11:55.702,1.30001,1.30018
2013.03.10 22:12:02.303,1.30006,1.3002
2013.03.10 22:12:15.095,1.30008,1.30022
2013.03.10 22:12:15.403,1.30007,1.30021
2013.03.10 22:12:15.764,1.30009,1.30021
2013.03.10 22:12:15.883,1.30007,1.30021
2013.03.10 22:12:24.314,1.30008,1.30018
2013.03.10 22:12:24.622,1.3001,1.30021
2013.03.10 22:12:25.408,1.3001,1.30021
2013.03.10 22:12:26.582,1.30009,1.30021
2013.03.10 22:12:28.522,1.3001,1.3002
2013.03.10 22:12:32.944,1.30012,1.30021
2013.03.10 22:12:33.324,1.30011,1.30021
2013.03.10 22:12:34.383,1.30011,1.30021
2013.03.10 22:12:34.923,1.3001,1.30021
2013.03.10 22:12:39.394,1.30012,1.30021
2013.03.10 22:12:40.748,1.3001,1.3002
2013.03.10 22:12:40.816,1.30008,1.30018
2013.03.10 22:12:40.884,1.30007,1.3002
2013.03.10 22:12:41.192,1.30009,1.30022
2013.03.10 22:12:46.103,1.30009,1.30019
2013.03.10 22:12:46.404,1.30009,1.30022
2013.03.10 22:12:46.714,1.30012,1.30022
2013.03.10 22:12:47.123,1.3001,1.30022
2013.03.10 22:12:55.769,1.30009,1.30019
2013.03.10 22:12:56.252,1.30008,1.30021
2013.03.10 22:13:08.734,1.30008,1.30018
2013.03.10 22:13:08.985,1.30007,1.3002
2013.03.10 22:13:09.565,1.30009,1.30022
2013.03.10 22:13:15.933,1.30016,1.30022
2013.03.10 22:13:21.372,1.30013,1.30021
2013.03.10 22:13:27.683,1.30011,1.30022
2013.03.10 22:13:27.934,1.3001,1.30024
2013.03.10 22:13:28.002,1.30013,1.30024
2013.03.10 22:13:36.003,1.30014,1.30024
2013.03.10 22:13:36.302,1.30013,1.30024
2013.03.10 22:13:37.000,1.30015,1.30025
2013.03.10 22:13:37.074,1.30013,1.30029
2013.03.10 22:13:37.147,1.30014,1.3003
2013.03.10 22:13:37.274,1.30016,1.3003
2013.03.10 22:13:37.455,1.30023,1.30036
2013.03.10 22:13:38.013,1.30023,1.30036
2013.03.10 22:13:38.544,1.30025,1.30037
2013.03.10 22:13:40.175,1.30021,1.30033
2013.03.10 22:13:41.584,1.30023,1.30032
2013.03.10 22:13:41.703,1.30025,1.30035
2013.03.10 22:13:43.024,1.30025,1.30035
2013.03.10 22:13:44.554,1.30025,1.30035
2013.03.10 22:13:47.595,1.30025,1.30035
2013.03.10 22:13:48.313,1.30025,1.30035
2013.03.10 22:13:49.404,1.30026,1.30036
2013.03.10 22:13:51.884,1.30025,1.30035
2013.03.10 22:13:52.244,1.30026,1.30037
2013.03.10 22:13:54.026,1.30025,1.30035
2013.03.10 22:13:54.404,1.30027,1.30039
2013.03.10 22:13:55.143,1.30025,1.30037
2013.03.10 22:13:59.565,1.30022,1.30034
2013.03.10 22:13:59.694,1.30018,1.30031
2013.03.10 22:13:59.754,1.30021,1.30033
2013.03.10 22:14:00.065,1.30023,1.30035
2013.03.10 22:14:00.135,1.30025,1.30039
2013.03.10 22:14:00.505,1.30021,1.30033
2013.03.10 22:14:00.753,1.30017,1.30031
2013.03.10 22:14:00.993,1.3002,1.30032
2013.03.10 22:14:01.478,1.30023,1.30035
2013.03.10 22:14:01.783,1.30025,1.30035
2013.03.10 22:14:12.154,1.30022,1.30034
2013.03.10 22:14:12.343,1.30023,1.30036
2013.03.10 22:14:12.645,1.30026,1.30036
2013.03.10 22:14:13.184,1.30026,1.30036
2013.03.10 22:14:15.425,1.30026,1.30036
2013.03.10 22:14:15.494,1.30023,1.30033
2013.03.10 22:14:20.383,1.30023,1.30035
2013.03.10 22:14:30.866,1.30025,1.30037
2013.03.10 22:14:31.333,1.30025,1.30032
2013.03.10 22:14:31.524,1.30025,1.30037
2013.03.10 22:14:31.584,1.30027,1.30037
2013.03.10 22:14:31.653,1.30027,1.30037
2013.03.10 22:14:31.835,1.30034,1.30044
2013.03.10 22:14:32.024,1.30034,1.30045
2013.03.10 22:14:32.145,1.30034,1.30044
2013.03.10 22:14:32.215,1.3003,1.30041
2013.03.10 22:14:32.765,1.30032,1.30042
2013.03.10 22:14:34.106,1.30032,1.30044
2013.03.10 22:14:34.720,1.30034,1.30044
2013.03.10 22:14:34.805,1.30032,1.30042
2013.03.10 22:14:35.144,1.30029,1.3004
2013.03.10 22:14:35.325,1.30032,1.30044
2013.03.10 22:14:35.633,1.3003,1.3004
2013.03.10 22:14:35.815,1.30026,1.30038
2013.03.10 22:14:36.323,1.30023,1.30037
2013.03.10 22:14:39.633,1.30022,1.30034
2013.03.10 22:14:44.462,1.30024,1.30036
2013.03.10 22:14:51.203,1.30022,1.30034
2013.03.10 22:14:59.833,1.3002,1.30032
2013.03.10 22:15:00.346,1.3002,1.3003
2013.03.10 22:15:00.893,1.30021,1.30032
2013.03.10 22:15:01.613,1.30021,1.3003
2013.03.10 22:15:02.264,1.30022,1.3003
2013.03.10 22:15:02.744,1.30018,1.30029
2013.03.10 22:15:06.323,1.30018,1.30029
2013.03.10 22:15:07.144,1.30018,1.30028
2013.03.10 22:15:09.325,1.30018,1.30028
2013.03.10 22:15:10.094,1.30017,1.30028
2013.03.10 22:15:10.883,1.30017,1.30027
2013.03.10 22:15:11.243,1.3001,1.30024
2013.03.10 22:15:11.547,1.3001,1.30023
2013.03.10 22:15:18.463,1.30012,1.30023
2013.03.10 22:15:33.624,1.30013,1.30023
2013.03.10 22:15:38.805,1.30011,1.30024
2013.03.10 22:15:39.003,1.30011,1.30023
2013.03.10 22:15:40.314,1.30011,1.30022
2013.03.10 22:15:42.034,1.30011,1.30023
2013.03.10 22:15:42.163,1.30011,1.30023
2013.03.10 22:15:42.463,1.30011,1.30023
2013.03.10 22:15:44.993,1.30009,1.30021
2013.03.10 22:15:45.354,1.30008,1.30019
2013.03.10 22:15:45.474,1.30008,1.3002
2013.03.10 22:15:45.593,1.30008,1.30019
2013.03.10 22:15:46.523,1.30009,1.30019
2013.03.10 22:15:46.824,1.30006,1.30017
2013.03.10 22:15:47.246,1.30001,1.30014
2013.03.10 22:15:47.318,1.30001,1.30013
2013.03.10 22:15:49.238,1.30001,1.30012
2013.03.10 22:15:50.024,1.3,1.3001
2013.03.10 22:15:50.084,1.29999,1.30009
2013.03.10 22:15:50.143,1.29998,1.30009
2013.03.10 22:15:50.324,1.29997,1.30006
2013.03.10 22:15:59.783,1.29998,1.30005
2013.03.10 22:16:10.613,1.29997,1.30005
2013.03.10 22:16:12.103,1.29997,1.30004
2013.03.10 22:16:12.404,1.29995,1.30003
2013.03.10 22:16:12.942,1.29993,1.30001
2013.03.10 22:16:13.483,1.29992,1.3
2013.03.10 22:16:19.544,1.29995,1.30002
2013.03.10 22:16:20.832,1.29996,1.30002
2013.03.10 22:16:22.269,1.29996,1.30001
2013.03.10 22:16:24.902,1.29996,1.30002
2013.03.10 22:16:26.348,1.2999,1.29999
2013.03.10 22:16:26.742,1.2999,1.30002
2013.03.10 22:16:28.773,1.29989,1.3
2013.03.10 22:16:29.404,1.29992,1.30004
2013.03.10 22:16:29.532,1.29993,1.30004
2013.03.10 22:16:36.512,1.29995,1.30001
2013.03.10 22:16:36.884,1.29992,1.30001
2013.03.10 22:16:37.445,1.29992,1.30001
2013.03.10 22:16:39.003,1.29992,1.30001
2013.03.10 22:16:39.565,1.29992,1.30001
2013.03.10 22:16:41.014,1.29992,1.29999
2013.03.10 22:16:41.373,1.29988,1.30001
2013.03.10 22:16:42.043,1.29988,1.3
2013.03.10 22:16:42.624,1.29988,1.29997
2013.03.10 22:16:44.343,1.29985,1.29995
2013.03.10 22:16:44.463,1.29988,1.29995
2013.03.10 22:16:45.173,1.29988,1.29996
2013.03.10 22:16:46.383,1.2998,1.29994
2013.03.10 22:16:46.682,1.2998,1.29996
2013.03.10 22:16:49.425,1.2998,1.29996
2013.03.10 22:16:50.743,1.29979,1.29991
2013.03.10 22:16:51.323,1.29979,1.2999
2013.03.10 22:16:52.873,1.29979,1.29996
2013.03.10 22:16:56.133,1.29979,1.29995
2013.03.10 22:17:00.605,1.29979,1.29995
2013.03.10 22:17:00.973,1.29979,1.29993
2013.03.10 22:17:07.120,1.29979,1.29988
2013.03.10 22:17:09.744,1.29979,1.2999
2013.03.10 22:17:10.553,1.29982,1.29991
2013.03.10 22:17:12.964,1.29982,1.29991
2013.03.10 22:17:13.024,1.29982,1.29988
2013.03.10 22:17:13.084,1.2998,1.29987
2013.03.10 22:17:13.407,1.29978,1.29987
2013.03.10 22:17:13.653,1.29979,1.29987
2013.03.10 22:17:13.965,1.29976,1.29987
2013.03.10 22:17:16.984,1.29976,1.29987
2013.03.10 22:17:17.391,1.29975,1.29987
2013.03.10 22:17:17.765,1.29977,1.29987
2013.03.10 22:17:21.825,1.29975,1.29987
2013.03.10 22:17:22.404,1.29971,1.29986
2013.03.10 22:17:22.463,1.29971,1.29984
2013.03.10 22:17:23.230,1.29976,1.29983
2013.03.10 22:17:23.296,1.29978,1.29988
2013.03.10 22:17:23.364,1.29978,1.29993
2013.03.10 22:17:24.803,1.29978,1.29986
2013.03.10 22:17:26.765,1.29978,1.29992
2013.03.10 22:17:28.323,1.29976,1.29984
2013.03.10 22:17:28.383,1.29976,1.29984
2013.03.10 22:17:28.443,1.29976,1.29983
2013.03.10 22:17:28.626,1.29976,1.29983
2013.03.10 22:17:28.695,1.29974,1.29983
2013.03.10 22:17:30.769,1.29974,1.29983
2013.03.10 22:17:30.837,1.29978,1.29988
2013.03.10 22:17:32.143,1.29978,1.29988
2013.03.10 22:17:36.863,1.29978,1.29988
2013.03.10 22:17:37.613,1.29978,1.29988
2013.03.10 22:17:38.123,1.29982,1.29992
2013.03.10 22:17:38.424,1.2998,1.29994
2013.03.10 22:17:39.954,1.2998,1.29994
2013.03.10 22:17:40.493,1.2998,1.29995
2013.03.10 22:17:41.034,1.2998,1.29995
2013.03.10 22:17:41.583,1.2998,1.29995
2013.03.10 22:17:42.103,1.2998,1.29995
2013.03.10 22:17:42.593,1.2998,1.29995
2013.03.10 22:17:43.376,1.2998,1.29995
2013.03.10 22:17:44.574,1.29981,1.29995
2013.03.10 22:17:45.764,1.29987,1.29995
2013.03.10 22:17:46.123,1.29982,1.29995
2013.03.10 22:17:49.696,1.29982,1.29999
2013.03.10 22:17:50.015,1.29985,1.29998
2013.03.10 22:17:50.264,1.29986,1.29999
2013.03.10 22:17:50.623,1.29987,1.3
2013.03.10 22:17:51.224,1.29991,1.29998
2013.03.10 22:17:51.524,1.29991,1.3
2013.03.10 22:17:55.263,1.29999,1.30006
2013.03.10 22:17:55.755,1.3,1.30008
2013.03.10 22:17:57.324,1.3,1.30008
2013.03.10 22:17:57.383,1.3,1.3001
2013.03.10 22:17:57.444,1.3,1.3001
2013.03.10 22:17:57.762,1.3,1.30008
2013.03.10 22:17:59.365,1.3,1.3001
2013.03.10 22:18:00.033,1.3,1.3001
2013.03.10 22:18:02.043,1.30003,1.30013
2013.03.10 22:18:02.284,1.30003,1.30013
2013.03.10 22:18:02.343,1.30001,1.30011
2013.03.10 22:18:02.465,1.30003,1.30013
2013.03.10 22:18:02.535,1.30005,1.30014
2013.03.10 22:18:04.486,1.30003,1.30013
2013.03.10 22:18:04.796,1.3,1.3001
2013.03.10 22:18:05.354,1.3,1.3001
2013.03.10 22:18:07.103,1.30001,1.30011
2013.03.10 22:18:08.384,1.30001,1.30011
2013.03.10 22:18:08.723,1.30001,1.30012
2013.03.10 22:18:09.156,1.30001,1.30009
2013.03.10 22:18:09.924,1.30001,1.30012
2013.03.10 22:18:10.204,1.30001,1.30011
2013.03.10 22:18:10.744,1.3,1.3001
2013.03.10 22:18:12.805,1.29998,1.30008
2013.03.10 22:18:13.114,1.3,1.30008
2013.03.10 22:18:14.155,1.3,1.30008
2013.03.10 22:18:15.003,1.3,1.30008
2013.03.10 22:18:16.632,1.3,1.30008
2013.03.10 22:18:17.899,1.3,1.30008
2013.03.10 22:18:24.945,1.3,1.30005
2013.03.10 22:18:25.514,1.29998,1.30005
2013.03.10 22:18:29.064,1.29998,1.3001
2013.03.10 22:18:29.304,1.3,1.3001
2013.03.10 22:18:29.723,1.29998,1.30009
2013.03.10 22:18:29.848,1.3,1.3001
2013.03.10 22:18:30.428,1.3,1.3001
2013.03.10 22:18:32.193,1.3,1.30009
2013.03.10 22:18:32.764,1.3,1.30009
2013.03.10 22:18:33.273,1.3,1.30009
2013.03.10 22:18:34.474,1.3,1.30011
2013.03.10 22:18:34.594,1.30003,1.30012
2013.03.10 22:18:34.945,1.30005,1.30013
2013.03.10 22:18:37.324,1.30003,1.30013
2013.03.10 22:18:41.993,1.30002,1.3001
2013.03.10 22:18:42.054,1.30002,1.30014
2013.03.10 22:18:42.113,1.30002,1.30014
2013.03.10 22:18:42.947,1.30006,1.3001
2013.03.10 22:18:43.136,1.30005,1.30017
2013.03.10 22:18:43.255,1.30006,1.30015
2013.03.10 22:18:44.533,1.30004,1.30014
2013.03.10 22:18:45.724,1.30004,1.30011
2013.03.10 22:18:45.851,1.30004,1.30014
2013.03.10 22:18:46.645,1.30002,1.30014
2013.03.10 22:18:46.764,1.30004,1.30015
2013.03.10 22:18:47.468,1.30004,1.30014
2013.03.10 22:18:48.413,1.30006,1.30014
2013.03.10 22:18:48.929,1.30004,1.30013
2013.03.10 22:18:49.514,1.30004,1.30012
2013.03.10 22:18:51.374,1.30004,1.30013
2013.03.10 22:18:52.134,1.30004,1.30014
2013.03.10 22:18:52.804,1.30004,1.3001
2013.03.10 22:18:54.963,1.30002,1.3001
2013.03.10 22:18:55.159,1.30004,1.3001
2013.03.10 22:18:55.404,1.30002,1.3001
2013.03.10 22:18:56.594,1.30004,1.3001
2013.03.10 22:18:56.894,1.30004,1.30014
2013.03.10 22:18:56.954,1.30004,1.30016
2013.03.10 22:18:57.015,1.30004,1.30016
2013.03.10 22:18:57.373,1.30004,1.30016
2013.03.10 22:18:57.903,1.30004,1.30016
2013.03.10 22:18:58.084,1.30006,1.30016
2013.03.10 22:19:00.443,1.30002,1.30015
2013.03.10 22:19:00.869,1.30005,1.30015
2013.03.10 22:19:01.465,1.30006,1.30014
2013.03.10 22:19:04.373,1.30006,1.3001
2013.03.10 22:19:05.785,1.30006,1.30017
2013.03.10 22:19:06.893,1.30005,1.30019
2013.03.10 22:19:07.014,1.30006,1.30017
2013.03.10 22:19:07.826,1.30006,1.30017
2013.03.10 22:19:09.723,1.30005,1.30017
2013.03.10 22:19:12.135,1.30006,1.30017
2013.03.10 22:19:12.678,1.30005,1.30015
2013.03.10 22:19:13.183,1.30005,1.30015
2013.03.10 22:19:13.695,1.30005,1.30015
2013.03.10 22:19:15.473,1.30003,1.30014
2013.03.10 22:19:16.633,1.30003,1.30015
2013.03.10 22:19:16.755,1.30003,1.30015
2013.03.10 22:19:17.293,1.30003,1.30015
2013.03.10 22:19:18.004,1.30005,1.30017
2013.03.10 22:19:21.363,1.30005,1.30017
2013.03.10 22:19:24.285,1.30005,1.3002
2013.03.10 22:19:25.004,1.30006,1.30016
2013.03.10 22:19:25.306,1.30003,1.30015
2013.03.10 22:19:25.374,1.30005,1.30015
2013.03.10 22:19:27.583,1.30003,1.30015
2013.03.10 22:19:31.543,1.30003,1.30015
2013.03.10 22:19:32.593,1.30003,1.30015
2013.03.10 22:19:32.944,1.30002,1.30014
2013.03.10 22:19:33.244,1.30001,1.30011
2013.03.10 22:19:33.789,1.30001,1.30011
2013.03.10 22:19:35.193,1.30001,1.30013
2013.03.10 22:19:35.253,1.30002,1.30014
2013.03.10 22:19:35.493,1.30003,1.30013
2013.03.10 22:19:35.675,1.30003,1.30013
2013.03.10 22:19:36.275,1.30003,1.30012
2013.03.10 22:19:36.844,1.30003,1.30011
2013.03.10 22:19:38.194,1.30003,1.30013
2013.03.10 22:19:38.314,1.30003,1.30012
2013.03.10 22:19:38.433,1.30003,1.30013
2013.03.10 22:19:39.154,1.30003,1.30015
2013.03.10 22:19:39.513,1.30003,1.30013
2013.03.10 22:19:41.031,1.30003,1.30013
2013.03.10 22:19:43.593,1.30003,1.30013
2013.03.10 22:19:47.723,1.30003,1.30015
2013.03.10 22:19:51.364,1.30005,1.30011
2013.03.10 22:19:51.852,1.30005,1.30015
2013.03.10 22:19:52.833,1.30003,1.30015
2013.03.10 22:19:53.371,1.30003,1.30013
2013.03.10 22:19:53.465,1.30003,1.30015
2013.03.10 22:19:55.123,1.30003,1.30013
2013.03.10 22:19:55.244,1.30003,1.30015
2013.03.10 22:19:55.304,1.30005,1.30015
2013.03.10 22:19:55.484,1.30002,1.30011
2013.03.10 22:19:55.665,1.29995,1.30009
2013.03.10 22:19:56.213,1.29997,1.30005
2013.03.10 22:19:56.754,1.29997,1.30005
2013.03.10 22:19:57.265,1.29997,1.30006
2013.03.10 22:19:57.814,1.29997,1.30009
2013.03.10 22:20:00.315,1.29997,1.30009
2013.03.10 22:20:02.214,1.29997,1.30007
2013.03.10 22:20:02.795,1.29997,1.30006
2013.03.10 22:20:03.154,1.29997,1.30006
2013.03.10 22:20:08.176,1.29997,1.30009
2013.03.10 22:20:14.575,1.29996,1.30005
2013.03.10 22:20:15.654,1.29996,1.30006
2013.03.10 22:20:15.975,1.29996,1.30006
2013.03.10 22:20:16.775,1.29994,1.30005
2013.03.10 22:20:18.734,1.29994,1.30003
2013.03.10 22:20:22.345,1.29994,1.30003
2013.03.10 22:20:23.996,1.29994,1.3
2013.03.10 22:20:24.123,1.29994,1.30006
2013.03.10 22:20:24.675,1.29994,1.30006
2013.03.10 22:20:25.066,1.29994,1.30006
2013.03.10 22:20:25.624,1.29996,1.30006
2013.03.10 22:20:29.684,1.29996,1.30005
2013.03.10 22:20:30.894,1.29996,1.30004
2013.03.10 22:20:31.433,1.29996,1.30006
2013.03.10 22:20:32.027,1.29996,1.30006
2013.03.10 22:20:32.274,1.29994,1.30004
2013.03.10 22:20:32.453,1.29994,1.30004
2013.03.10 22:20:32.704,1.29994,1.30003
2013.03.10 22:20:33.214,1.29994,1.30004
2013.03.10 22:20:33.933,1.29994,1.30004
2013.03.10 22:20:34.175,1.29994,1.30004
2013.03.10 22:20:34.886,1.29994,1.30004
2013.03.10 22:20:36.724,1.29996,1.30004
2013.03.10 22:20:36.904,1.29994,1.30004
2013.03.10 22:20:39.415,1.29994,1.30001
2013.03.10 22:20:39.953,1.29994,1.30004
2013.03.10 22:20:40.014,1.29994,1.30002
2013.03.10 22:20:41.153,1.29992,1.29999
2013.03.10 22:20:41.974,1.29992,1.29998
2013.03.10 22:20:49.339,1.29992,1.29997
2013.03.10 22:20:49.784,1.29992,1.29999
2013.03.10 22:20:51.894,1.29992,1.29997
2013.03.10 22:20:52.396,1.29992,1.29998
2013.03.10 22:20:55.003,1.29992,1.29999
2013.03.10 22:20:56.463,1.29992,1.29999
2013.03.10 22:20:57.964,1.29991,1.29998
2013.03.10 22:20:58.154,1.29988,1.29998
2013.03.10 22:20:59.344,1.29986,1.29995
2013.03.10 22:20:59.404,1.29988,1.29998
2013.03.10 22:21:03.373,1.29988,1.29997
2013.03.10 22:21:06.064,1.29985,1.29997
2013.03.10 22:21:06.133,1.29985,1.29995
2013.03.10 22:21:06.564,1.29985,1.29995
2013.03.10 22:21:09.117,1.29985,1.29995
2013.03.10 22:21:10.553,1.29984,1.29995
2013.03.10 22:21:10.674,1.29985,1.29995
2013.03.10 22:21:17.044,1.29985,1.29995
2013.03.10 22:21:21.924,1.29984,1.29995
2013.03.10 22:21:22.103,1.29984,1.29995
2013.03.10 22:21:22.893,1.29984,1.29994
2013.03.10 22:21:23.694,1.29983,1.29992
2013.03.10 22:21:24.235,1.2998,1.29989
2013.03.10 22:21:28.335,1.29979,1.29989
2013.03.10 22:21:28.514,1.29981,1.29989
2013.03.10 22:21:29.754,1.29979,1.29989
2013.03.10 22:21:29.813,1.29979,1.2999
2013.03.10 22:21:31.624,1.29981,1.29991
2013.03.10 22:21:34.765,1.29982,1.29995
2013.03.10 22:21:34.954,1.29983,1.29995
2013.03.10 22:21:36.170,1.29983,1.29993
2013.03.10 22:21:36.365,1.29983,1.3
2013.03.10 22:21:38.145,1.29983,1.29993
2013.03.10 22:21:38.514,1.29983,1.29993
2013.03.10 22:21:42.047,1.29984,1.29991
2013.03.10 22:21:45.207,1.29984,1.29993
2013.03.10 22:21:45.516,1.29979,1.2999
2013.03.10 22:21:48.613,1.29979,1.29986
2013.03.10 22:21:54.893,1.29979,1.29988
2013.03.10 22:21:54.954,1.29979,1.29986
2013.03.10 22:21:55.324,1.29979,1.29989
2013.03.10 22:21:55.826,1.29979,1.29988
2013.03.10 22:21:55.894,1.29979,1.29986
2013.03.10 22:22:00.624,1.29979,1.29987
2013.03.10 22:22:01.693,1.29979,1.29986
2013.03.10 22:22:06.374,1.29979,1.29985
2013.03.10 22:22:06.493,1.29979,1.29986
2013.03.10 22:22:07.006,1.29979,1.29986
2013.03.10 22:22:07.683,1.29979,1.29986
2013.03.10 22:22:11.723,1.29979,1.29986
2013.03.10 22:22:12.225,1.29979,1.29986
2013.03.10 22:22:12.765,1.29979,1.29988
2013.03.10 22:22:13.325,1.29981,1.29989
2013.03.10 22:22:13.954,1.2998,1.29989
2013.03.10 22:22:14.494,1.29981,1.29989
2013.03.10 22:22:15.013,1.29981,1.29988
2013.03.10 22:22:16.055,1.29981,1.29988
2013.03.10 22:22:21.585,1.29979,1.29991
2013.03.10 22:22:22.676,1.29979,1.29986
2013.03.10 22:22:24.524,1.29979,1.29987
2013.03.10 22:22:27.095,1.29979,1.29987
2013.03.10 22:22:28.804,1.29978,1.2999
2013.03.10 22:22:30.315,1.29978,1.29986
2013.03.10 22:22:30.835,1.29978,1.29986
2013.03.10 22:22:30.985,1.29978,1.29986
2013.03.10 22:22:31.076,1.29978,1.29986
2013.03.10 22:22:34.855,1.29978,1.29986
2013.03.10 22:22:35.844,1.29978,1.29986
2013.03.10 22:22:36.365,1.29978,1.29986
2013.03.10 22:22:39.274,1.29979,1.29987
2013.03.10 22:22:39.805,1.29978,1.29987
2013.03.10 22:22:40.686,1.29978,1.29987
2013.03.10 22:22:41.726,1.29976,1.29981
2013.03.10 22:22:41.795,1.29971,1.29981
2013.03.10 22:22:41.975,1.2997,1.29977
2013.03.10 22:22:42.106,1.29967,1.29975
2013.03.10 22:22:42.175,1.29967,1.29975
2013.03.10 22:22:42.295,1.29969,1.29981
2013.03.10 22:22:42.475,1.29969,1.29976
2013.03.10 22:22:42.535,1.29969,1.29976
2013.03.10 22:22:42.655,1.29969,1.29976
2013.03.10 22:22:42.714,1.29969,1.29981
2013.03.10 22:22:43.254,1.29969,1.29981
2013.03.10 22:22:44.905,1.29969,1.2998
2013.03.10 22:22:45.026,1.29968,1.29976
2013.03.10 22:22:45.094,1.29968,1.29976
2013.03.10 22:22:45.565,1.29968,1.29975
2013.03.10 22:22:45.914,1.29967,1.29975
2013.03.10 22:22:46.704,1.29967,1.29974
2013.03.10 22:22:47.346,1.29967,1.29974
2013.03.10 22:22:48.024,1.29966,1.29974
2013.03.10 22:22:49.104,1.29966,1.29974
2013.03.10 22:22:50.005,1.29965,1.29974
2013.03.10 22:22:50.415,1.29965,1.29976
2013.03.10 22:22:50.593,1.29951,1.29976
2013.03.10 22:22:50.723,1.29962,1.29967
2013.03.10 22:22:50.843,1.29951,1.29975
2013.03.10 22:22:51.393,1.29951,1.29971
2013.03.10 22:22:52.223,1.29951,1.29971
2013.03.10 22:22:52.603,1.2995,1.29968
2013.03.10 22:22:52.666,1.29959,1.29967
2013.03.10 22:22:52.734,1.2996,1.29965
2013.03.10 22:22:52.794,1.29959,1.29965
2013.03.10 22:22:53.045,1.2996,1.2997
2013.03.10 22:22:53.474,1.29958,1.29968
2013.03.10 22:22:53.736,1.29958,1.29968
2013.03.10 22:22:54.094,1.29958,1.29964
2013.03.10 22:22:56.547,1.29958,1.29969
2013.03.10 22:22:56.674,1.29958,1.29969
2013.03.10 22:22:57.184,1.29958,1.2997
2013.03.10 22:23:04.244,1.29957,1.29967
2013.03.10 22:23:04.822,1.29957,1.29967
2013.03.10 22:23:05.333,1.29957,1.29968
2013.03.10 22:23:05.954,1.29957,1.29968
2013.03.10 22:23:06.195,1.29959,1.2997
2013.03.10 22:23:13.235,1.29959,1.29971
2013.03.10 22:23:13.848,1.29959,1.29971
2013.03.10 22:23:14.555,1.29959,1.29972
2013.03.10 22:23:14.615,1.29959,1.29972
2013.03.10 22:23:14.974,1.29962,1.29973
2013.03.10 22:23:16.014,1.29962,1.2997
2013.03.10 22:23:16.214,1.29962,1.29972
2013.03.10 22:23:21.044,1.2996,1.29971
2013.03.10 22:23:22.194,1.29962,1.29971
2013.03.10 22:23:22.845,1.29962,1.29972
2013.03.10 22:23:30.235,1.29961,1.29973
2013.03.10 22:23:34.157,1.2996,1.29969
2013.03.10 22:23:34.475,1.29959,1.29969
2013.03.10 22:23:34.656,1.29958,1.29965
2013.03.10 22:23:35.074,1.29958,1.29966
2013.03.10 22:23:35.768,1.29953,1.29963
2013.03.10 22:23:35.898,1.29952,1.29963
2013.03.10 22:23:36.025,1.29953,1.29963
2013.03.10 22:23:36.385,1.29949,1.29958
2013.03.10 22:23:36.909,1.29951,1.29958
2013.03.10 22:23:37.354,1.29951,1.29962
2013.03.10 22:23:42.724,1.29948,1.29959
2013.03.10 22:23:43.264,1.29948,1.29959
2013.03.10 22:23:43.814,1.29948,1.29959
2013.03.10 22:23:43.874,1.29949,1.29959
2013.03.10 22:23:44.640,1.29949,1.29959
2013.03.10 22:23:48.885,1.29951,1.29961
2013.03.10 22:23:50.724,1.2995,1.29961
2013.03.10 22:23:53.225,1.2995,1.29961
2013.03.10 22:23:53.772,1.2995,1.29961
2013.03.10 22:23:56.246,1.2995,1.29961
2013.03.10 22:23:57.355,1.29949,1.29959
2013.03.10 22:23:57.416,1.29947,1.29959
2013.03.10 22:23:57.477,1.29945,1.29959
2013.03.10 22:23:57.544,1.29944,1.29956
2013.03.10 22:23:58.104,1.29944,1.29954
2013.03.10 22:24:00.922,1.29943,1.29955
2013.03.10 22:24:03.354,1.29943,1.29955
2013.03.10 22:24:03.534,1.29942,1.29952
2013.03.10 22:24:04.854,1.29942,1.29952
2013.03.10 22:24:06.704,1.29942,1.29952
2013.03.10 22:24:06.765,1.2994,1.29952
2013.03.10 22:24:07.309,1.29942,1.29952
2013.03.10 22:24:09.714,1.29942,1.29952
2013.03.10 22:24:23.917,1.2994,1.29952
2013.03.10 22:24:25.446,1.29941,1.29949
2013.03.10 22:24:25.574,1.29941,1.29954
2013.03.10 22:24:27.715,1.29943,1.29952
2013.03.10 22:24:32.249,1.29936,1.29949
2013.03.10 22:24:32.555,1.29938,1.29949
2013.03.10 22:24:32.615,1.29939,1.29949
2013.03.10 22:24:32.996,1.2994,1.29951
2013.03.10 22:24:33.766,1.2994,1.29952
2013.03.10 22:24:37.306,1.29939,1.29949
2013.03.10 22:24:37.365,1.29935,1.29947
2013.03.10 22:24:37.604,1.29935,1.29945
2013.03.10 22:24:37.664,1.29935,1.29945
2013.03.10 22:24:38.010,1.29935,1.29947
2013.03.10 22:24:38.134,1.29937,1.29947
2013.03.10 22:24:39.322,1.29935,1.29948
2013.03.10 22:24:39.505,1.29937,1.29947
2013.03.10 22:24:51.485,1.29937,1.29949
2013.03.10 22:24:57.364,1.29937,1.29948
2013.03.10 22:24:57.996,1.29937,1.29946
2013.03.10 22:25:00.527,1.29935,1.29948
2013.03.10 22:25:04.084,1.29935,1.29947
2013.03.10 22:25:07.656,1.29938,1.29949
2013.03.10 22:25:07.729,1.29947,1.29951
2013.03.10 22:25:07.795,1.29949,1.29955
2013.03.10 22:25:08.334,1.29948,1.29955
2013.03.10 22:25:09.524,1.29949,1.29957
2013.03.10 22:25:09.944,1.29949,1.29959
2013.03.10 22:25:10.067,1.2995,1.2996
2013.03.10 22:25:12.685,1.29951,1.29961
2013.03.10 22:25:15.134,1.29951,1.29961
2013.03.10 22:25:17.998,1.29945,1.29958
2013.03.10 22:25:20.594,1.29946,1.29959
2013.03.10 22:25:22.795,1.29945,1.29958
2013.03.10 22:25:23.392,1.29945,1.29957
2013.03.10 22:25:32.944,1.29948,1.29962
2013.03.10 22:25:33.004,1.2995,1.29967
2013.03.10 22:25:33.546,1.29954,1.29964
2013.03.10 22:25:33.855,1.29958,1.29967
2013.03.10 22:25:35.609,1.29958,1.29967
2013.03.10 22:25:37.413,1.29959,1.29967
2013.03.10 22:25:38.886,1.29959,1.29965
2013.03.10 22:25:39.066,1.29953,1.29963
2013.03.10 22:25:39.135,1.29951,1.29961
2013.03.10 22:25:39.837,1.29952,1.29959
2013.03.10 22:25:43.185,1.29953,1.29959
2013.03.10 22:25:43.556,1.29953,1.29961
2013.03.10 22:25:44.086,1.29953,1.29961
2013.03.10 22:25:46.205,1.29955,1.29962
2013.03.10 22:25:47.115,1.29955,1.29964
2013.03.10 22:25:48.794,1.29955,1.29965
2013.03.10 22:25:48.914,1.29955,1.29963
2013.03.10 22:25:49.704,1.29955,1.29962
2013.03.10 22:25:49.944,1.29958,1.29962
2013.03.10 22:25:50.498,1.29955,1.29965
2013.03.10 22:25:50.624,1.29956,1.29965
2013.03.10 22:25:51.184,1.29955,1.29965
2013.03.10 22:25:51.664,1.29961,1.29965
2013.03.10 22:25:52.174,1.29955,1.29965
2013.03.10 22:25:52.235,1.29955,1.29965
2013.03.10 22:25:52.295,1.29955,1.29965
2013.03.10 22:25:52.455,1.29955,1.29965
2013.03.10 22:25:52.875,1.2996,1.29965
2013.03.10 22:25:55.278,1.29961,1.29967
2013.03.10 22:25:56.914,1.2996,1.29967
2013.03.10 22:26:00.738,1.2996,1.29966
2013.03.10 22:26:02.017,1.29959,1.29966
2013.03.10 22:26:02.264,1.29955,1.29966
2013.03.10 22:26:03.144,1.29955,1.29964
2013.03.10 22:26:04.385,1.29955,1.29963
2013.03.10 22:26:05.177,1.2996,1.29963
2013.03.10 22:26:06.281,1.29959,1.29966
2013.03.10 22:26:06.685,1.29959,1.29963
2013.03.10 22:26:10.046,1.2996,1.29965
2013.03.10 22:26:16.279,1.29961,1.29965
2013.03.10 22:26:17.197,1.2996,1.29966
2013.03.10 22:26:18.278,1.29959,1.29966
2013.03.10 22:26:18.819,1.29959,1.29966
2013.03.10 22:26:19.519,1.29959,1.29965
2013.03.10 22:26:24.552,1.2996,1.29966
2013.03.10 22:26:25.573,1.29954,1.29966
2013.03.10 22:26:26.135,1.29959,1.29966
2013.03.10 22:26:26.314,1.29955,1.29966
2013.03.10 22:26:27.026,1.29959,1.29966
2013.03.10 22:26:28.525,1.29959,1.29966
2013.03.10 22:26:30.009,1.29959,1.29966
2013.03.10 22:26:35.586,1.29961,1.29965
2013.03.10 22:26:35.661,1.29956,1.29966
2013.03.10 22:26:35.866,1.29961,1.29966
2013.03.10 22:26:36.233,1.29961,1.29966
2013.03.10 22:26:37.075,1.2996,1.29966
2013.03.10 22:26:38.075,1.29961,1.29966
2013.03.10 22:26:38.316,1.29955,1.29966
2013.03.10 22:26:38.385,1.29955,1.29964
2013.03.10 22:26:38.915,1.29958,1.29964
2013.03.10 22:26:41.126,1.29956,1.29964
2013.03.10 22:26:43.145,1.29958,1.29964
2013.03.10 22:26:44.340,1.29961,1.29964
2013.03.10 22:26:45.404,1.29958,1.29964
2013.03.10 22:26:46.066,1.2996,1.29964
2013.03.10 22:26:46.205,1.29959,1.29967
2013.03.10 22:26:47.939,1.2996,1.29967
2013.03.10 22:26:48.069,1.2996,1.29967
2013.03.10 22:26:48.591,1.29959,1.29967
2013.03.10 22:26:48.984,1.29957,1.29967
2013.03.10 22:26:49.664,1.29957,1.29967
2013.03.10 22:26:50.215,1.29959,1.29964
2013.03.10 22:26:50.334,1.29957,1.29964
2013.03.10 22:26:50.576,1.29958,1.29964
2013.03.10 22:26:51.354,1.29961,1.29964
2013.03.10 22:26:51.825,1.29959,1.29964
2013.03.10 22:26:52.444,1.29961,1.29964
2013.03.10 22:26:52.834,1.29959,1.29964
2013.03.10 22:26:53.693,1.29959,1.29964
2013.03.10 22:26:54.219,1.29958,1.29964
2013.03.10 22:26:57.525,1.29961,1.29964
2013.03.10 22:26:58.293,1.2996,1.29964
2013.03.10 22:27:01.425,1.29959,1.29964
2013.03.10 22:27:01.967,1.29956,1.29965
2013.03.10 22:27:02.474,1.29956,1.29964
2013.03.10 22:27:03.350,1.29956,1.29963
2013.03.10 22:27:04.354,1.29957,1.29962
2013.03.10 22:27:04.738,1.29955,1.29962
2013.03.10 22:27:05.545,1.29955,1.29962
2013.03.10 22:27:05.604,1.29955,1.29962
2013.03.10 22:27:05.929,1.29955,1.2996
2013.03.10 22:27:07.359,1.29955,1.2996
2013.03.10 22:27:10.714,1.29951,1.29961
2013.03.10 22:27:21.004,1.29958,1.29963
2013.03.10 22:27:23.610,1.29953,1.29963
2013.03.10 22:27:24.894,1.29955,1.29965
2013.03.10 22:27:29.640,1.29955,1.29965
2013.03.10 22:27:31.452,1.2996,1.29965
2013.03.10 22:27:33.466,1.29959,1.29965
2013.03.10 22:27:34.145,1.29959,1.29964
2013.03.10 22:27:36.384,1.29957,1.29964
2013.03.10 22:27:36.744,1.29957,1.29963
2013.03.10 22:27:37.367,1.29953,1.29963
2013.03.10 22:27:42.334,1.29956,1.29961
2013.03.10 22:27:43.104,1.29958,1.29965
2013.03.10 22:27:43.164,1.2996,1.29966
2013.03.10 22:27:43.875,1.29959,1.29966
2013.03.10 22:27:44.174,1.29959,1.29965
2013.03.10 22:27:45.794,1.29959,1.29965
2013.03.10 22:27:48.624,1.2996,1.29965
2013.03.10 22:27:51.671,1.2996,1.29966
2013.03.10 22:27:52.197,1.29959,1.29966
2013.03.10 22:27:52.644,1.29959,1.29965
2013.03.10 22:27:53.484,1.29959,1.29965
2013.03.10 22:27:55.064,1.29956,1.29965
2013.03.10 22:27:55.244,1.29955,1.29963
2013.03.10 22:27:55.783,1.29954,1.29963
2013.03.10 22:27:56.584,1.29955,1.29963
2013.03.10 22:27:57.295,1.29955,1.29963
2013.03.10 22:27:57.745,1.29954,1.29963
2013.03.10 22:27:58.503,1.29955,1.29963
2013.03.10 22:27:59.306,1.29956,1.29963
2013.03.10 22:28:00.266,1.29955,1.29963
2013.03.10 22:28:03.246,1.29956,1.29963
2013.03.10 22:28:03.804,1.29957,1.29963
2013.03.10 22:28:04.696,1.29958,1.29963
2013.03.10 22:28:07.955,1.29958,1.29963
2013.03.10 22:28:08.535,1.29956,1.29963
2013.03.10 22:28:09.044,1.29956,1.29963
2013.03.10 22:28:09.638,1.29956,1.29966
2013.03.10 22:28:10.016,1.2996,1.29967
2013.03.10 22:28:10.544,1.29956,1.29965
2013.03.10 22:28:11.024,1.29957,1.29965
2013.03.10 22:28:11.264,1.2996,1.29967
2013.03.10 22:28:12.105,1.2996,1.29965
2013.03.10 22:28:12.649,1.29959,1.29965
2013.03.10 22:28:12.715,1.29959,1.29968
2013.03.10 22:28:12.775,1.29955,1.29964
2013.03.10 22:28:12.894,1.29955,1.29966
2013.03.10 22:28:13.084,1.29957,1.29966
2013.03.10 22:28:13.504,1.2996,1.29966
2013.03.10 22:28:13.564,1.2996,1.29968
2013.03.10 22:28:14.285,1.29959,1.29968
2013.03.10 22:28:16.064,1.29959,1.29966
2013.03.10 22:28:16.618,1.2996,1.29966
2013.03.10 22:28:16.804,1.29958,1.29966
2013.03.10 22:28:17.283,1.29955,1.29965
2013.03.10 22:28:17.940,1.29957,1.29964
2013.03.10 22:28:27.874,1.29959,1.29964
2013.03.10 22:28:29.334,1.29957,1.29964
2013.03.10 22:28:30.196,1.29958,1.29965
2013.03.10 22:28:31.704,1.29958,1.29963
2013.03.10 22:28:32.207,1.2996,1.29965
2013.03.10 22:28:33.336,1.29958,1.29965
2013.03.10 22:28:33.895,1.2996,1.29965
2013.03.10 22:28:34.134,1.29955,1.29964
2013.03.10 22:28:34.194,1.29954,1.29962
2013.03.10 22:28:35.435,1.29955,1.29964
2013.03.10 22:28:35.494,1.29955,1.29965
2013.03.10 22:28:35.554,1.2996,1.29965
2013.03.10 22:28:36.084,1.2996,1.29966
2013.03.10 22:28:39.065,1.29957,1.29964
2013.03.10 22:28:39.135,1.29959,1.29964
2013.03.10 22:28:39.854,1.29959,1.29964
2013.03.10 22:28:41.656,1.2996,1.29964
2013.03.10 22:28:42.054,1.29953,1.29964
2013.03.10 22:28:42.756,1.29953,1.29964
2013.03.10 22:28:42.945,1.29953,1.2996
2013.03.10 22:28:45.975,1.29953,1.29961
2013.03.10 22:28:46.105,1.29957,1.29963
2013.03.10 22:28:46.615,1.29958,1.29963
2013.03.10 22:28:50.767,1.29958,1.29963
2013.03.10 22:28:50.894,1.29957,1.29963
2013.03.10 22:28:51.743,1.29957,1.29965
2013.03.10 22:28:52.285,1.29956,1.29965
2013.03.10 22:28:52.880,1.29961,1.29965
2013.03.10 22:28:55.297,1.29962,1.29965
2013.03.10 22:29:00.185,1.29961,1.29965
2013.03.10 22:29:00.246,1.2996,1.29965
2013.03.10 22:29:00.427,1.29956,1.29965
2013.03.10 22:29:00.618,1.29955,1.29963
2013.03.10 22:29:00.925,1.29956,1.29964
2013.03.10 22:29:01.135,1.29956,1.29964
2013.03.10 22:29:01.554,1.29953,1.29963
2013.03.10 22:29:01.935,1.29953,1.29961
2013.03.10 22:29:03.267,1.29956,1.29961
2013.03.10 22:29:03.396,1.29958,1.29961
2013.03.10 22:29:04.004,1.29955,1.29962
2013.03.10 22:29:05.855,1.29954,1.29962
2013.03.10 22:29:05.984,1.29956,1.29964
2013.03.10 22:29:06.285,1.2996,1.29964
2013.03.10 22:29:08.325,1.2996,1.29964
2013.03.10 22:29:08.445,1.2996,1.29962
2013.03.10 22:29:08.965,1.2996,1.29962
2013.03.10 22:29:09.384,1.29956,1.29962
2013.03.10 22:29:09.826,1.29959,1.29963
2013.03.10 22:29:12.285,1.2995,1.29963
2013.03.10 22:29:13.208,1.2995,1.29963
2013.03.10 22:29:13.335,1.2995,1.29961
2013.03.10 22:29:13.637,1.29959,1.29963
2013.03.10 22:29:13.980,1.29953,1.29963
2013.03.10 22:29:14.318,1.29957,1.29963
2013.03.10 22:29:14.980,1.29953,1.29963
2013.03.10 22:29:20.274,1.29953,1.29963
2013.03.10 22:29:23.384,1.29953,1.29964
2013.03.10 22:29:24.155,1.29953,1.29964
2013.03.10 22:29:24.324,1.29956,1.29964
2013.03.10 22:29:24.837,1.2996,1.29967
2013.03.10 22:29:25.955,1.29962,1.29967
2013.03.10 22:29:29.265,1.29963,1.29967
2013.03.10 22:29:34.315,1.29956,1.29967
2013.03.10 22:29:34.375,1.29956,1.29967
2013.03.10 22:29:34.435,1.29956,1.29967
2013.03.10 22:29:34.936,1.29963,1.29967
2013.03.10 22:29:35.505,1.29963,1.29967
2013.03.10 22:29:35.625,1.29963,1.29967
2013.03.10 22:29:36.247,1.29963,1.29967
2013.03.10 22:29:37.207,1.29962,1.29967
2013.03.10 22:29:39.819,1.29962,1.29967
2013.03.10 22:29:43.214,1.29962,1.29967
2013.03.10 22:29:43.335,1.29962,1.29967
2013.03.10 22:29:48.165,1.29956,1.29967
2013.03.10 22:29:48.785,1.29963,1.29967
2013.03.10 22:29:49.117,1.29964,1.29969
2013.03.10 22:29:49.187,1.29966,1.29974
2013.03.10 22:29:49.307,1.29968,1.29977
2013.03.10 22:29:50.386,1.29968,1.29975
2013.03.10 22:29:51.282,1.29965,1.29974
2013.03.10 22:29:51.416,1.29959,1.29972
2013.03.10 22:29:51.715,1.29959,1.29965
2013.03.10 22:29:53.705,1.2996,1.29966
2013.03.10 22:29:54.697,1.2996,1.29964
2013.03.10 22:29:57.016,1.2996,1.29966
2013.03.10 22:30:00.555,1.2996,1.29966
2013.03.10 22:30:01.238,1.29958,1.29966
2013.03.10 22:30:01.545,1.29958,1.2997
2013.03.10 22:30:01.785,1.2996,1.29974
2013.03.10 22:30:02.426,1.29962,1.29972
2013.03.10 22:30:02.556,1.29963,1.29975
2013.03.10 22:30:03.145,1.29963,1.29976
2013.03.10 22:30:06.225,1.29964,1.29976
2013.03.10 22:30:07.305,1.29969,1.29976
2013.03.10 22:30:08.089,1.29968,1.29976
2013.03.10 22:30:08.925,1.29965,1.29976
2013.03.10 22:30:09.706,1.29966,1.29976
2013.03.10 22:30:10.247,1.29966,1.29978
2013.03.10 22:30:10.317,1.29972,1.29984
2013.03.10 22:30:10.386,1.29972,1.29984
2013.03.10 22:30:11.435,1.29974,1.29984
2013.03.10 22:30:12.157,1.29974,1.29984
2013.03.10 22:30:13.075,1.29975,1.29985
2013.03.10 22:30:15.116,1.29974,1.29985
2013.03.10 22:30:16.626,1.29974,1.29985
2013.03.10 22:30:17.596,1.29972,1.29984
2013.03.10 22:30:18.199,1.29973,1.29984
2013.03.10 22:30:24.615,1.29973,1.29984
2013.03.10 22:30:25.930,1.29974,1.29986
2013.03.10 22:30:27.234,1.29973,1.29984
2013.03.10 22:30:27.716,1.29974,1.29984
2013.03.10 22:30:27.965,1.29974,1.29984
2013.03.10 22:30:28.315,1.29974,1.29984
2013.03.10 22:30:30.128,1.29975,1.29984
2013.03.10 22:30:30.857,1.29972,1.29984
2013.03.10 22:30:33.608,1.29973,1.29986
2013.03.10 22:30:34.238,1.29974,1.29984
2013.03.10 22:30:35.767,1.29972,1.29984
2013.03.10 22:30:39.427,1.29974,1.29986
2013.03.10 22:30:39.846,1.29976,1.2999
2013.03.10 22:30:40.206,1.29983,1.2999
2013.03.10 22:30:40.276,1.29981,1.2999
2013.03.10 22:30:41.604,1.29979,1.29991
2013.03.10 22:30:41.786,1.29978,1.29988
2013.03.10 22:30:42.025,1.2998,1.29988
2013.03.10 22:30:42.148,1.29978,1.29988
2013.03.10 22:30:42.281,1.29978,1.2999
2013.03.10 22:30:42.346,1.29978,1.2999
2013.03.10 22:30:42.525,1.29979,1.2999
2013.03.10 22:30:42.827,1.29976,1.29989
2013.03.10 22:30:42.895,1.29975,1.29988
2013.03.10 22:30:43.256,1.29976,1.29988
2013.03.10 22:30:43.319,1.29976,1.29988
2013.03.10 22:30:43.388,1.29978,1.2999
2013.03.10 22:30:43.635,1.29981,1.29993
2013.03.10 22:30:44.656,1.29983,1.29995
2013.03.10 22:30:44.717,1.29981,1.29994
2013.03.10 22:30:44.787,1.29982,1.29995
2013.03.10 22:30:45.326,1.29984,1.29996
2013.03.10 22:30:46.056,1.29984,1.29996
2013.03.10 22:30:46.697,1.29983,1.29996
2013.03.10 22:30:47.386,1.29982,1.29995
2013.03.10 22:30:48.496,1.29982,1.29993
2013.03.10 22:30:49.599,1.29981,1.29994
2013.03.10 22:30:50.158,1.29982,1.29992
2013.03.10 22:30:50.956,1.29981,1.29993
2013.03.10 22:30:51.136,1.29983,1.29993
2013.03.10 22:30:52.019,1.29981,1.29993
2013.03.10 22:30:52.146,1.29983,1.29993
2013.03.10 22:30:52.512,1.29981,1.29993
2013.03.10 22:30:52.576,1.29983,1.29993
2013.03.10 22:30:55.175,1.29982,1.29993
2013.03.10 22:30:55.886,1.29983,1.29993
2013.03.10 22:30:55.946,1.29983,1.29993
2013.03.10 22:31:00.516,1.29983,1.29993
2013.03.10 22:31:00.947,1.29981,1.29993
2013.03.10 22:31:01.077,1.29981,1.29991
2013.03.10 22:31:01.601,1.29983,1.29991
2013.03.10 22:31:02.468,1.29983,1.29993
2013.03.10 22:31:03.266,1.29982,1.29993
2013.03.10 22:31:05.186,1.29982,1.29992
2013.03.10 22:31:05.527,1.29983,1.29992
2013.03.10 22:31:06.308,1.29983,1.29995
2013.03.10 22:31:06.857,1.29983,1.29995
2013.03.10 22:31:10.160,1.29983,1.29993
2013.03.10 22:31:12.677,1.29984,1.29992
2013.03.10 22:31:13.197,1.29984,1.2999
2013.03.10 22:31:14.187,1.29985,1.2999
2013.03.10 22:31:14.315,1.29986,1.29998
2013.03.10 22:31:14.436,1.29986,1.29998
2013.03.10 22:31:14.796,1.29989,1.29998
2013.03.10 22:31:18.135,1.29988,1.29998
2013.03.10 22:31:18.685,1.29987,1.29998
2013.03.10 22:31:19.399,1.29988,1.29998
2013.03.10 22:31:22.826,1.29987,1.29998
2013.03.10 22:31:23.400,1.29987,1.29997
2013.03.10 22:31:23.916,1.29988,1.29997
2013.03.10 22:31:24.616,1.29991,1.29998
2013.03.10 22:31:24.746,1.29992,1.3
2013.03.10 22:31:25.285,1.29991,1.3
2013.03.10 22:31:28.334,1.29991,1.3
2013.03.10 22:31:28.407,1.2999,1.29999
2013.03.10 22:31:29.048,1.2999,1.29999
2013.03.10 22:31:29.929,1.2999,1.29999
2013.03.10 22:31:30.479,1.2999,1.29999
2013.03.10 22:31:32.435,1.29992,1.3
2013.03.10 22:31:34.305,1.29992,1.3
2013.03.10 22:31:39.381,1.2999,1.3
2013.03.10 22:31:42.165,1.2999,1.29997
2013.03.10 22:31:42.465,1.29981,1.29993
2013.03.10 22:31:42.648,1.29986,1.29996
2013.03.10 22:31:42.717,1.29987,1.29997
2013.03.10 22:31:43.268,1.29985,1.29995
2013.03.10 22:31:43.906,1.29985,1.29996
2013.03.10 22:31:44.376,1.29983,1.29995
2013.03.10 22:31:44.966,1.29983,1.29995
2013.03.10 22:31:45.555,1.29984,1.29996
2013.03.10 22:31:46.277,1.29984,1.29996
2013.03.10 22:31:47.347,1.29987,1.29999
2013.03.10 22:31:49.045,1.29986,1.29997
2013.03.10 22:31:49.575,1.29986,1.29995
2013.03.10 22:31:50.207,1.29986,1.29998
2013.03.10 22:31:50.265,1.29986,1.29998
2013.03.10 22:31:52.125,1.29986,1.29998
2013.03.10 22:31:52.665,1.29989,1.29999
2013.03.10 22:31:53.026,1.29989,1.29999
2013.03.10 22:31:53.825,1.2999,1.29999
2013.03.10 22:31:54.621,1.29987,1.29997
2013.03.10 22:31:56.277,1.29987,1.29997
2013.03.10 22:31:56.891,1.29986,1.29998
2013.03.10 22:31:57.735,1.29987,1.29998
2013.03.10 22:31:58.236,1.29985,1.29998
2013.03.10 22:32:00.918,1.29985,1.29998
2013.03.10 22:32:02.802,1.29985,1.29996
2013.03.10 22:32:03.356,1.29985,1.29995
2013.03.10 22:32:04.915,1.29985,1.29995
2013.03.10 22:32:05.097,1.29988,1.29999
2013.03.10 22:32:05.689,1.29988,1.29997
2013.03.10 22:32:06.404,1.29988,1.29997
2013.03.10 22:32:07.378,1.29987,1.29997
2013.03.10 22:32:08.585,1.29989,1.29999
2013.03.10 22:32:09.126,1.29989,1.29997
2013.03.10 22:32:09.485,1.2999,1.29997
2013.03.10 22:32:14.365,1.29989,1.29996
2013.03.10 22:32:15.245,1.29989,1.29996
2013.03.10 22:32:15.966,1.29989,1.29996
2013.03.10 22:32:17.276,1.29987,1.29996
2013.03.10 22:32:18.012,1.29987,1.29996
2013.03.10 22:32:18.570,1.29987,1.29996
2013.03.10 22:32:19.675,1.29987,1.29996
2013.03.10 22:32:20.225,1.29987,1.29996
2013.03.10 22:32:20.855,1.29987,1.29995
2013.03.10 22:32:21.985,1.29987,1.29995
2013.03.10 22:32:22.739,1.29987,1.29995
2013.03.10 22:32:22.865,1.29987,1.29997
2013.03.10 22:32:23.225,1.29987,1.29997
2013.03.10 22:32:23.601,1.29986,1.29996
2013.03.10 22:32:24.136,1.29986,1.29996
2013.03.10 22:32:24.375,1.29988,1.29997
2013.03.10 22:32:24.616,1.29987,1.29995
2013.03.10 22:32:25.182,1.29987,1.29997
2013.03.10 22:32:25.866,1.29987,1.29997
2013.03.10 22:32:27.075,1.29988,1.29997
2013.03.10 22:32:27.199,1.29987,1.29996
2013.03.10 22:32:27.745,1.29985,1.29995
2013.03.10 22:32:29.116,1.29987,1.29995
2013.03.10 22:32:29.656,1.29983,1.29995
2013.03.10 22:32:30.026,1.29981,1.29994
2013.03.10 22:32:30.221,1.29983,1.29995
2013.03.10 22:32:30.977,1.29983,1.29994
2013.03.10 22:32:32.466,1.29983,1.29995
2013.03.10 22:32:32.586,1.29984,1.29994
2013.03.10 22:32:33.219,1.29983,1.29995
2013.03.10 22:32:33.966,1.29983,1.29995
2013.03.10 22:32:35.177,1.29983,1.29993
2013.03.10 22:32:35.716,1.29984,1.29994
2013.03.10 22:32:36.278,1.29984,1.29995
2013.03.10 22:32:36.837,1.29982,1.29995
2013.03.10 22:32:36.966,1.29984,1.29995
2013.03.10 22:32:37.856,1.29983,1.29995
2013.03.10 22:32:38.405,1.29983,1.29995
2013.03.10 22:32:39.267,1.29983,1.29994
2013.03.10 22:32:39.815,1.29983,1.29995
2013.03.10 22:32:40.376,1.29983,1.29995
2013.03.10 22:32:40.615,1.29983,1.29993
2013.03.10 22:32:40.856,1.29983,1.29994
2013.03.10 22:32:40.917,1.29979,1.29988
2013.03.10 22:32:40.977,1.29981,1.29993
2013.03.10 22:32:41.096,1.29982,1.29994
2013.03.10 22:32:41.704,1.29982,1.29994
2013.03.10 22:32:43.057,1.29982,1.29994
2013.03.10 22:32:48.630,1.29983,1.29991
2013.03.10 22:32:48.816,1.29979,1.29989
2013.03.10 22:32:48.876,1.2998,1.29989
2013.03.10 22:32:48.936,1.2998,1.29989
2013.03.10 22:32:48.995,1.29981,1.29995
2013.03.10 22:32:49.055,1.29982,1.29996
2013.03.10 22:32:49.357,1.29979,1.29989
2013.03.10 22:32:49.477,1.29981,1.29991
2013.03.10 22:32:49.606,1.29982,1.29994
2013.03.10 22:32:49.736,1.29982,1.29991
2013.03.10 22:32:49.916,1.29977,1.29986
2013.03.10 22:32:49.975,1.29976,1.29986
2013.03.10 22:32:50.336,1.29976,1.29985
2013.03.10 22:32:52.506,1.29978,1.29987
2013.03.10 22:32:53.116,1.29977,1.29986
2013.03.10 22:32:53.186,1.29976,1.29984
2013.03.10 22:32:54.240,1.29978,1.29984
2013.03.10 22:32:54.769,1.29976,1.29985
2013.03.10 22:32:55.438,1.29976,1.29983
2013.03.10 22:32:56.296,1.29978,1.29986
2013.03.10 22:32:56.357,1.29978,1.29988
2013.03.10 22:32:56.416,1.29979,1.29988
2013.03.10 22:32:56.945,1.29979,1.29987
2013.03.10 22:32:58.442,1.2998,1.29987
2013.03.10 22:32:59.177,1.29979,1.29986
2013.03.10 22:32:59.716,1.2998,1.29986
2013.03.10 22:33:01.995,1.2998,1.29986
2013.03.10 22:33:03.885,1.29978,1.29989
2013.03.10 22:33:04.046,1.29978,1.29989
2013.03.10 22:33:06.038,1.29978,1.29989
2013.03.10 22:33:12.049,1.29977,1.29989
2013.03.10 22:33:12.836,1.29979,1.29989
2013.03.10 22:33:13.376,1.2998,1.29989
2013.03.10 22:33:13.736,1.29981,1.29989
2013.03.10 22:33:14.038,1.29982,1.29989
2013.03.10 22:33:14.226,1.29983,1.29995
2013.03.10 22:33:14.545,1.29983,1.29995
2013.03.10 22:33:14.926,1.29983,1.29995
2013.03.10 22:33:14.985,1.29984,1.29995
2013.03.10 22:33:15.526,1.29987,1.29997
2013.03.10 22:33:16.085,1.29987,1.29997
2013.03.10 22:33:17.195,1.29985,1.29997
2013.03.10 22:33:19.256,1.29985,1.29997
2013.03.10 22:33:21.135,1.29985,1.29997
2013.03.10 22:33:21.446,1.29983,1.29995
2013.03.10 22:33:21.994,1.29984,1.29995
2013.03.10 22:33:22.515,1.29984,1.29997
2013.03.10 22:33:22.635,1.29984,1.29995
2013.03.10 22:33:22.816,1.29984,1.29995
2013.03.10 22:33:22.934,1.29984,1.29995
2013.03.10 22:33:23.295,1.29985,1.29997
2013.03.10 22:33:25.105,1.29985,1.29995
2013.03.10 22:33:25.225,1.29985,1.29995
2013.03.10 22:33:25.699,1.29985,1.29995
2013.03.10 22:33:26.246,1.29985,1.29995
2013.03.10 22:33:26.745,1.29985,1.29994
2013.03.10 22:33:31.225,1.29985,1.29995
2013.03.10 22:33:32.715,1.29985,1.29995
2013.03.10 22:33:34.127,1.29985,1.29995
2013.03.10 22:33:34.305,1.29985,1.29995
2013.03.10 22:33:34.546,1.29985,1.29995
2013.03.10 22:33:35.085,1.29985,1.29995
2013.03.10 22:33:36.816,1.29985,1.29995
2013.03.10 22:33:38.386,1.29985,1.29993
2013.03.10 22:33:38.695,1.29985,1.29993
2013.03.10 22:33:40.026,1.29985,1.29993
2013.03.10 22:33:40.366,1.29985,1.29993
2013.03.10 22:33:43.215,1.29985,1.29993
2013.03.10 22:33:46.895,1.29983,1.29993
2013.03.10 22:33:47.347,1.29983,1.29991
2013.03.10 22:33:47.866,1.29983,1.29991
2013.03.10 22:33:53.317,1.29983,1.29991
2013.03.10 22:33:56.527,1.29983,1.29992
2013.03.10 22:33:56.668,1.29985,1.29993
2013.03.10 22:33:56.984,1.29985,1.29993
2013.03.10 22:33:57.746,1.29985,1.29995
2013.03.10 22:33:57.806,1.29988,1.29995
2013.03.10 22:33:58.335,1.29988,1.29995
2013.03.10 22:33:59.765,1.29985,1.29993
2013.03.10 22:33:59.825,1.29987,1.29993
2013.03.10 22:34:00.917,1.29989,1.29995
2013.03.10 22:34:01.275,1.29989,1.29993
2013.03.10 22:34:01.805,1.29989,1.29993
2013.03.10 22:34:06.045,1.2999,1.29995
2013.03.10 22:34:06.575,1.2999,1.29995
2013.03.10 22:34:13.585,1.2999,1.29995
2013.03.10 22:34:13.706,1.2999,1.29995
2013.03.10 22:34:16.369,1.29989,1.29995
2013.03.10 22:34:16.675,1.29986,1.29995
2013.03.10 22:34:16.916,1.29991,1.29997
2013.03.10 22:34:17.095,1.29986,1.29995
2013.03.10 22:34:20.217,1.29986,1.29995
2013.03.10 22:34:20.736,1.29986,1.29995
2013.03.10 22:34:24.576,1.29984,1.29992
2013.03.10 22:34:26.185,1.29987,1.29994
2013.03.10 22:34:26.305,1.29987,1.29996
2013.03.10 22:34:26.365,1.29986,1.29994
2013.03.10 22:34:30.116,1.29986,1.29994
2013.03.10 22:34:32.606,1.29985,1.2999
2013.03.10 22:34:34.955,1.29985,1.2999
2013.03.10 22:34:35.016,1.29983,1.29991
2013.03.10 22:34:35.798,1.29983,1.29991
2013.03.10 22:34:38.272,1.29983,1.29991
2013.03.10 22:34:38.457,1.29982,1.2999
2013.03.10 22:34:38.526,1.29978,1.2999
2013.03.10 22:34:38.587,1.29975,1.29985
2013.03.10 22:34:38.706,1.29973,1.29985
2013.03.10 22:34:38.976,1.29973,1.29983
2013.03.10 22:34:39.336,1.29973,1.29983
2013.03.10 22:34:39.755,1.29973,1.29983
2013.03.10 22:34:39.816,1.29973,1.29983
2013.03.10 22:34:39.936,1.29972,1.29981
2013.03.10 22:34:40.116,1.29971,1.29981
2013.03.10 22:34:40.296,1.29973,1.29983
2013.03.10 22:34:40.418,1.29971,1.29982
2013.03.10 22:34:42.857,1.29973,1.29983
2013.03.10 22:34:50.037,1.29973,1.29983
2013.03.10 22:34:50.566,1.29975,1.29984
2013.03.10 22:34:51.748,1.29975,1.29982
2013.03.10 22:34:51.876,1.2997,1.29982
2013.03.10 22:34:51.996,1.29972,1.29982
2013.03.10 22:34:52.417,1.29973,1.2998
2013.03.10 22:34:52.536,1.29971,1.29979
2013.03.10 22:34:52.596,1.29968,1.29979
2013.03.10 22:34:52.777,1.29967,1.29977
2013.03.10 22:34:56.385,1.29969,1.29979
2013.03.10 22:34:56.926,1.29969,1.29977
2013.03.10 22:35:07.916,1.2997,1.29977
2013.03.10 22:35:09.095,1.29969,1.29977
2013.03.10 22:35:09.909,1.29969,1.29977
2013.03.10 22:35:12.977,1.29966,1.29976
2013.03.10 22:35:17.229,1.29968,1.29976
2013.03.10 22:35:18.679,1.29966,1.29976
2013.03.10 22:35:20.019,1.29966,1.29976
2013.03.10 22:35:20.206,1.29969,1.29978
2013.03.10 22:35:20.765,1.29971,1.29977
2013.03.10 22:35:24.009,1.29971,1.29977
2013.03.10 22:35:24.572,1.29971,1.29978
2013.03.10 22:35:25.574,1.29971,1.29978
2013.03.10 22:35:28.199,1.29971,1.29977
2013.03.10 22:35:28.716,1.29971,1.29977
2013.03.10 22:35:29.263,1.2997,1.29975
2013.03.10 22:35:32.712,1.29971,1.29977
2013.03.10 22:35:36.344,1.29972,1.29977
2013.03.10 22:35:36.464,1.29972,1.29978
2013.03.10 22:35:38.433,1.29971,1.29978
2013.03.10 22:35:38.493,1.29971,1.29978
2013.03.10 22:35:38.555,1.29971,1.29978
2013.03.10 22:35:39.465,1.29971,1.29975
2013.03.10 22:35:39.534,1.29971,1.29973
2013.03.10 22:35:39.594,1.29963,1.29973
2013.03.10 22:35:39.713,1.29962,1.29973
2013.03.10 22:35:40.379,1.29962,1.29972
2013.03.10 22:35:41.034,1.29962,1.29968
2013.03.10 22:35:41.553,1.2996,1.29967
2013.03.10 22:35:49.123,1.29962,1.29967
2013.03.10 22:35:50.653,1.29962,1.29968
2013.03.10 22:35:53.068,1.29962,1.29967
2013.03.10 22:35:54.215,1.29962,1.29968
2013.03.10 22:35:58.883,1.29962,1.29966
2013.03.10 22:35:59.064,1.29959,1.29968
2013.03.10 22:36:00.143,1.2996,1.29965
2013.03.10 22:36:01.001,1.29958,1.29964
2013.03.10 22:36:02.299,1.29956,1.29963
2013.03.10 22:36:05.303,1.29949,1.29957
2013.03.10 22:36:11.543,1.29947,1.29955
2013.03.10 22:36:12.257,1.29949,1.29957
2013.03.10 22:36:19.144,1.29949,1.29956
2013.03.10 22:36:19.266,1.29949,1.29956
2013.03.10 22:36:19.393,1.29949,1.29957
2013.03.10 22:36:21.215,1.29949,1.29958
2013.03.10 22:36:21.634,1.29949,1.29957
2013.03.10 22:36:25.513,1.29949,1.29957
2013.03.10 22:36:26.613,1.29949,1.29957
2013.03.10 22:36:28.603,1.29949,1.29957
2013.03.10 22:36:31.263,1.29949,1.29957
2013.03.10 22:36:31.803,1.2995,1.29957
2013.03.10 22:36:35.056,1.2995,1.29957
2013.03.10 22:36:43.275,1.2995,1.29957
2013.03.10 22:36:44.323,1.2995,1.29958
2013.03.10 22:36:45.344,1.29951,1.29958
2013.03.10 22:36:45.984,1.29953,1.29958
2013.03.10 22:36:53.202,1.29949,1.29958
2013.03.10 22:36:55.496,1.2995,1.29957
2013.03.10 22:36:57.607,1.2995,1.29957
2013.03.10 22:36:58.305,1.29949,1.29957
2013.03.10 22:37:01.103,1.29949,1.29957
2013.03.10 22:37:28.982,1.29951,1.29958
2013.03.10 22:37:30.952,1.29948,1.29957
2013.03.10 22:37:33.372,1.29948,1.29958
2013.03.10 22:37:34.664,1.29953,1.2996
2013.03.10 22:37:34.845,1.29957,1.29962
2013.03.10 22:37:34.975,1.29957,1.29963
2013.03.10 22:37:40.383,1.29953,1.29961
2013.03.10 22:37:40.443,1.29953,1.29961
2013.03.10 22:37:45.613,1.29952,1.29956
2013.03.10 22:37:45.805,1.29951,1.29956
2013.03.10 22:37:45.924,1.29949,1.29954
2013.03.10 22:37:46.047,1.29949,1.29954
2013.03.10 22:37:46.533,1.2995,1.29957
2013.03.10 22:37:47.074,1.2995,1.29957
2013.03.10 22:37:47.134,1.2995,1.29957
2013.03.10 22:37:47.373,1.2995,1.29957
2013.03.10 22:37:47.515,1.2995,1.29957
2013.03.10 22:37:48.053,1.29949,1.29957
2013.03.10 22:37:49.393,1.29949,1.29956
2013.03.10 22:37:49.944,1.29949,1.29955
2013.03.10 22:37:52.824,1.29949,1.29957
2013.03.10 22:37:53.004,1.29951,1.29958
2013.03.10 22:38:13.365,1.29949,1.29958
2013.03.10 22:38:15.053,1.29949,1.29957
2013.03.10 22:38:21.254,1.29949,1.29957
2013.03.10 22:38:30.823,1.29949,1.29957
2013.03.10 22:38:31.711,1.29949,1.29957
2013.03.10 22:38:35.065,1.29949,1.29957
2013.03.10 22:38:37.563,1.29947,1.29955
2013.03.10 22:38:40.833,1.29948,1.29955
2013.03.10 22:38:42.783,1.29949,1.29957
2013.03.10 22:38:46.893,1.2995,1.29957
2013.03.10 22:38:47.013,1.29949,1.29957
2013.03.10 22:38:47.333,1.29949,1.29958
2013.03.10 22:38:58.463,1.2995,1.29958
2013.03.10 22:38:58.643,1.2995,1.29958
2013.03.10 22:39:03.783,1.2995,1.29957
2013.03.10 22:39:26.245,1.29949,1.29957
2013.03.10 22:39:27.983,1.2995,1.29957
2013.03.10 22:39:28.584,1.29949,1.29957
2013.03.10 22:39:28.884,1.29946,1.29951
2013.03.10 22:39:29.183,1.29944,1.29951
2013.03.10 22:39:29.603,1.29944,1.29952
2013.03.10 22:39:29.724,1.29944,1.29952
2013.03.10 22:39:29.964,1.29948,1.29954
2013.03.10 22:39:30.144,1.29949,1.29957
2013.03.10 22:39:30.994,1.29951,1.29958
2013.03.10 22:39:32.003,1.29951,1.29958
2013.03.10 22:39:35.409,1.2995,1.29958
2013.03.10 22:39:36.502,1.29952,1.29958
2013.03.10 22:39:36.684,1.29952,1.29958
2013.03.10 22:39:36.804,1.29956,1.29962
2013.03.10 22:39:38.673,1.29956,1.29964
2013.03.10 22:39:44.925,1.29955,1.29961
2013.03.10 22:39:45.637,1.29954,1.29961
2013.03.10 22:39:50.486,1.29951,1.29959
2013.03.10 22:39:50.554,1.29951,1.29956
2013.03.10 22:39:52.223,1.29949,1.29956
2013.03.10 22:40:13.963,1.2995,1.29957
2013.03.10 22:40:14.493,1.2995,1.29957
2013.03.10 22:40:14.891,1.2995,1.29957
2013.03.10 22:40:21.615,1.29948,1.29956
2013.03.10 22:40:22.154,1.29945,1.29956
2013.03.10 22:40:24.351,1.29946,1.29956
2013.03.10 22:40:31.972,1.29946,1.29954
2013.03.10 22:40:33.158,1.29947,1.29954
2013.03.10 22:40:34.503,1.29946,1.29954
