Time,Bid,Ask
2013.03.21 00:00:00.467,1.29391,1.29396
2013.03.21 00:00:00.768,1.29393,1.29397
2013.03.21 00:00:00.828,1.29395,1.29398
2013.03.21 00:00:01.067,1.29393,1.29398
2013.03.21 00:00:01.128,1.29394,1.29398
2013.03.21 00:00:01.677,1.29393,1.29398
2013.03.21 00:00:02.186,1.29393,1.29398
2013.03.21 00:00:02.847,1.29393,1.29398
2013.03.21 00:00:03.207,1.29395,1.29398
2013.03.21 00:00:03.687,1.29392,1.29395
2013.03.21 00:00:04.227,1.29392,1.29395
2013.03.21 00:00:05.243,1.29392,1.29395
2013.03.21 00:00:06.736,1.29391,1.29396
2013.03.21 00:00:06.796,1.29391,1.29396
2013.03.21 00:00:08.737,1.29391,1.29397
2013.03.21 00:00:09.048,1.2939,1.29396
2013.03.21 00:00:09.614,1.29388,1.29394
2013.03.21 00:00:10.167,1.29388,1.29394
2013.03.21 00:00:11.787,1.29387,1.29392
2013.03.21 00:00:19.716,1.29388,1.29393
2013.03.21 00:00:20.256,1.29389,1.29394
2013.03.21 00:00:20.757,1.29389,1.29394
2013.03.21 00:00:21.688,1.29389,1.29394
2013.03.21 00:00:22.003,1.2939,1.29395
2013.03.21 00:00:22.518,1.29389,1.29394
2013.03.21 00:00:23.187,1.29387,1.29394
2013.03.21 00:00:24.117,1.29387,1.29394
2013.03.21 00:00:27.386,1.29387,1.29394
2013.03.21 00:00:27.926,1.29388,1.29394
2013.03.21 00:00:28.598,1.29388,1.29394
2013.03.21 00:00:31.416,1.29388,1.29394
2013.03.21 00:00:31.939,1.29388,1.29394
2013.03.21 00:00:39.257,1.29389,1.29394
2013.03.21 00:00:39.498,1.29387,1.29393
2013.03.21 00:00:39.817,1.29386,1.2939
2013.03.21 00:00:39.938,1.29386,1.29389
2013.03.21 00:00:40.298,1.29384,1.29388
2013.03.21 00:00:40.538,1.29382,1.29386
2013.03.21 00:00:41.437,1.29382,1.29385
2013.03.21 00:00:41.748,1.29381,1.29384
2013.03.21 00:00:42.288,1.29378,1.29381
2013.03.21 00:00:42.410,1.29376,1.2938
2013.03.21 00:00:42.477,1.29375,1.29379
2013.03.21 00:00:43.017,1.29375,1.29379
2013.03.21 00:00:43.557,1.29375,1.29379
2013.03.21 00:00:44.101,1.29375,1.29379
2013.03.21 00:00:44.347,1.29374,1.29377
2013.03.21 00:00:44.900,1.29375,1.2938
2013.03.21 00:00:45.078,1.29377,1.2938
2013.03.21 00:00:45.438,1.2938,1.29382
2013.03.21 00:00:45.977,1.2938,1.29383
2013.03.21 00:00:46.497,1.29381,1.29385
2013.03.21 00:00:47.399,1.29381,1.29384
2013.03.21 00:00:47.938,1.2938,1.29384
2013.03.21 00:00:48.719,1.29382,1.29385
2013.03.21 00:00:49.079,1.29382,1.29386
2013.03.21 00:00:49.268,1.29383,1.29387
2013.03.21 00:00:49.388,1.29386,1.29391
2013.03.21 00:00:49.508,1.29386,1.2939
2013.03.21 00:00:49.868,1.29385,1.2939
2013.03.21 00:00:50.109,1.29385,1.29389
2013.03.21 00:00:50.227,1.29384,1.29389
2013.03.21 00:00:50.767,1.29384,1.29388
2013.03.21 00:00:52.524,1.29383,1.29387
2013.03.21 00:00:52.829,1.29382,1.29386
2013.03.21 00:00:53.368,1.29381,1.29385
2013.03.21 00:00:53.789,1.2938,1.29384
2013.03.21 00:00:54.338,1.2938,1.29384
2013.03.21 00:00:55.558,1.2938,1.29384
2013.03.21 00:00:56.758,1.29379,1.29383
2013.03.21 00:01:00.727,1.29378,1.29382
2013.03.21 00:01:05.642,1.29377,1.29381
2013.03.21 00:01:05.957,1.29376,1.29381
2013.03.21 00:01:06.489,1.29375,1.29381
2013.03.21 00:01:07.028,1.29374,1.2938
2013.03.21 00:01:07.207,1.29374,1.29378
2013.03.21 00:01:07.858,1.29373,1.29378
2013.03.21 00:01:09.248,1.29372,1.29377
2013.03.21 00:01:09.367,1.29371,1.29376
2013.03.21 00:01:09.918,1.29368,1.29373
2013.03.21 00:01:10.458,1.29368,1.29373
2013.03.21 00:01:10.998,1.2937,1.29374
2013.03.21 00:01:11.477,1.2937,1.29373
2013.03.21 00:01:13.887,1.2937,1.29374
2013.03.21 00:01:15.229,1.29373,1.29378
2013.03.21 00:01:15.360,1.29374,1.29379
2013.03.21 00:01:15.429,1.29375,1.29379
2013.03.21 00:01:15.908,1.29376,1.29383
2013.03.21 00:01:16.449,1.29377,1.29383
2013.03.21 00:01:16.988,1.29377,1.29382
2013.03.21 00:01:17.528,1.29377,1.2938
2013.03.21 00:01:18.628,1.29377,1.2938
2013.03.21 00:01:27.288,1.29375,1.29381
2013.03.21 00:01:28.078,1.29376,1.29381
2013.03.21 00:01:28.638,1.29376,1.2938
2013.03.21 00:01:28.817,1.29376,1.2938
2013.03.21 00:01:29.838,1.29376,1.2938
2013.03.21 00:01:30.368,1.29377,1.29382
2013.03.21 00:01:30.938,1.29378,1.29382
2013.03.21 00:01:32.777,1.29377,1.29382
2013.03.21 00:01:33.089,1.2938,1.29383
2013.03.21 00:01:33.608,1.2938,1.29385
2013.03.21 00:01:34.138,1.29381,1.29385
2013.03.21 00:01:34.928,1.2938,1.29384
2013.03.21 00:01:34.991,1.29379,1.29382
2013.03.21 00:01:35.613,1.29375,1.29379
2013.03.21 00:01:35.680,1.29375,1.2938
2013.03.21 00:01:36.218,1.29375,1.2938
2013.03.21 00:01:37.909,1.29376,1.29382
2013.03.21 00:01:38.457,1.29377,1.29382
2013.03.21 00:01:40.478,1.29377,1.29382
2013.03.21 00:01:42.099,1.29378,1.29384
2013.03.21 00:01:42.878,1.29379,1.29383
2013.03.21 00:01:44.339,1.29379,1.29385
2013.03.21 00:01:45.501,1.2938,1.29385
2013.03.21 00:01:46.988,1.29379,1.29385
2013.03.21 00:01:47.944,1.2938,1.29385
2013.03.21 00:01:48.790,1.2938,1.29385
2013.03.21 00:01:49.148,1.29384,1.29386
2013.03.21 00:01:49.509,1.29386,1.29391
2013.03.21 00:01:50.060,1.29388,1.29391
2013.03.21 00:01:50.127,1.29388,1.29393
2013.03.21 00:01:50.688,1.29388,1.29393
2013.03.21 00:01:51.172,1.29389,1.29395
2013.03.21 00:01:51.687,1.29388,1.29394
2013.03.21 00:01:53.008,1.29388,1.29395
2013.03.21 00:01:54.388,1.29388,1.29395
2013.03.21 00:01:55.949,1.29388,1.29395
2013.03.21 00:01:56.507,1.2939,1.29395
2013.03.21 00:01:59.239,1.29387,1.29393
2013.03.21 00:01:59.549,1.29388,1.29393
2013.03.21 00:02:00.058,1.29388,1.29394
2013.03.21 00:02:02.017,1.29389,1.29395
2013.03.21 00:02:02.568,1.29388,1.29395
2013.03.21 00:02:02.688,1.29386,1.29393
2013.03.21 00:02:02.749,1.29387,1.29392
2013.03.21 00:02:03.288,1.29386,1.2939
2013.03.21 00:02:03.837,1.29386,1.2939
2013.03.21 00:02:04.878,1.29386,1.2939
2013.03.21 00:02:05.442,1.29386,1.2939
2013.03.21 00:02:06.946,1.29386,1.29389
2013.03.21 00:02:07.068,1.29385,1.29388
2013.03.21 00:02:07.128,1.29384,1.29386
2013.03.21 00:02:07.369,1.29382,1.29385
2013.03.21 00:02:07.908,1.29381,1.29383
2013.03.21 00:02:09.148,1.29378,1.29383
2013.03.21 00:02:09.898,1.29378,1.29382
2013.03.21 00:02:10.028,1.29374,1.29379
2013.03.21 00:02:10.358,1.29374,1.29378
2013.03.21 00:02:11.218,1.29374,1.29379
2013.03.21 00:02:11.838,1.29374,1.29378
2013.03.21 00:02:12.138,1.29373,1.29375
2013.03.21 00:02:12.618,1.29371,1.29374
2013.03.21 00:02:13.889,1.29369,1.29375
2013.03.21 00:02:14.268,1.29369,1.29373
2013.03.21 00:02:15.859,1.29367,1.29372
2013.03.21 00:02:16.459,1.29369,1.29372
2013.03.21 00:02:16.980,1.29371,1.29374
2013.03.21 00:02:17.717,1.29371,1.29374
2013.03.21 00:02:18.258,1.29369,1.29374
2013.03.21 00:02:18.824,1.29368,1.29372
2013.03.21 00:02:21.099,1.29369,1.29375
2013.03.21 00:02:21.878,1.29372,1.29374
2013.03.21 00:02:23.258,1.29372,1.29374
2013.03.21 00:02:23.498,1.29369,1.29374
2013.03.21 00:02:23.678,1.29372,1.29375
2013.03.21 00:02:23.739,1.29374,1.29376
2013.03.21 00:02:23.858,1.29375,1.29378
2013.03.21 00:02:23.918,1.29375,1.2938
2013.03.21 00:02:24.472,1.29376,1.2938
2013.03.21 00:02:25.131,1.29377,1.29383
2013.03.21 00:02:26.168,1.29376,1.29383
2013.03.21 00:02:26.228,1.29376,1.2938
2013.03.21 00:02:26.803,1.29376,1.2938
2013.03.21 00:02:28.132,1.29376,1.29381
2013.03.21 00:02:28.498,1.29376,1.29379
2013.03.21 00:02:28.618,1.29375,1.29378
2013.03.21 00:02:28.918,1.29374,1.29378
2013.03.21 00:02:30.738,1.29372,1.29375
2013.03.21 00:02:31.048,1.29373,1.29374
2013.03.21 00:02:31.168,1.29374,1.29377
2013.03.21 00:02:31.288,1.29375,1.29377
2013.03.21 00:02:31.469,1.29376,1.2938
2013.03.21 00:02:31.708,1.29378,1.29384
2013.03.21 00:02:31.888,1.29377,1.29381
2013.03.21 00:02:32.497,1.29377,1.29382
2013.03.21 00:02:32.767,1.29377,1.29381
2013.03.21 00:02:33.087,1.29377,1.29382
2013.03.21 00:02:33.798,1.29377,1.29382
2013.03.21 00:02:34.161,1.29376,1.2938
2013.03.21 00:02:34.798,1.29375,1.29379
2013.03.21 00:02:35.403,1.29375,1.29379
2013.03.21 00:02:39.558,1.29375,1.29379
2013.03.21 00:02:40.488,1.29375,1.29378
2013.03.21 00:02:43.498,1.29375,1.29378
2013.03.21 00:02:44.011,1.29374,1.29378
2013.03.21 00:02:50.806,1.29374,1.29378
2013.03.21 00:02:51.328,1.29375,1.29378
2013.03.21 00:02:52.149,1.29375,1.29378
2013.03.21 00:03:00.237,1.29375,1.29378
2013.03.21 00:03:04.257,1.29375,1.29379
2013.03.21 00:03:04.798,1.29375,1.29379
2013.03.21 00:03:09.387,1.29375,1.29378
2013.03.21 00:03:13.748,1.29375,1.29378
2013.03.21 00:03:14.467,1.29376,1.29378
2013.03.21 00:03:15.838,1.29376,1.29378
2013.03.21 00:03:16.258,1.29376,1.2938
2013.03.21 00:03:16.377,1.29376,1.2938
2013.03.21 00:03:18.848,1.29377,1.2938
2013.03.21 00:03:22.888,1.29376,1.29379
2013.03.21 00:03:26.429,1.29377,1.2938
2013.03.21 00:03:26.668,1.29379,1.29382
2013.03.21 00:03:27.472,1.29379,1.29382
2013.03.21 00:03:28.588,1.2938,1.29383
2013.03.21 00:03:28.709,1.29381,1.29384
2013.03.21 00:03:29.449,1.29382,1.29385
2013.03.21 00:03:29.526,1.29381,1.29387
2013.03.21 00:03:31.048,1.29385,1.2939
2013.03.21 00:03:31.408,1.29384,1.29387
2013.03.21 00:03:31.929,1.29385,1.29387
2013.03.21 00:03:32.478,1.29385,1.29388
2013.03.21 00:03:34.499,1.29384,1.29388
2013.03.21 00:03:34.678,1.29386,1.29391
2013.03.21 00:03:34.738,1.29386,1.29392
2013.03.21 00:03:35.335,1.29387,1.29392
2013.03.21 00:03:35.864,1.29387,1.29392
2013.03.21 00:03:36.948,1.29387,1.2939
2013.03.21 00:03:37.249,1.29386,1.2939
2013.03.21 00:03:37.488,1.29384,1.2939
2013.03.21 00:03:37.668,1.29383,1.2939
2013.03.21 00:03:38.208,1.29383,1.29388
2013.03.21 00:03:38.718,1.29383,1.29387
2013.03.21 00:03:39.768,1.29382,1.29386
2013.03.21 00:03:39.830,1.29382,1.29384
2013.03.21 00:03:40.009,1.29381,1.29383
2013.03.21 00:03:40.187,1.29378,1.29385
2013.03.21 00:03:40.740,1.29378,1.29383
2013.03.21 00:03:41.297,1.29377,1.29382
2013.03.21 00:03:43.098,1.29377,1.2938
2013.03.21 00:03:43.379,1.29376,1.2938
2013.03.21 00:03:43.438,1.29375,1.2938
2013.03.21 00:03:43.978,1.29374,1.2938
2013.03.21 00:03:45.359,1.29374,1.29379
2013.03.21 00:03:45.982,1.29373,1.29379
2013.03.21 00:03:46.958,1.29373,1.29378
2013.03.21 00:03:47.828,1.29373,1.29377
2013.03.21 00:03:52.049,1.29372,1.29377
2013.03.21 00:03:54.458,1.29371,1.29376
2013.03.21 00:03:54.987,1.29371,1.29375
2013.03.21 00:03:56.308,1.2937,1.29375
2013.03.21 00:03:56.847,1.29367,1.29373
2013.03.21 00:03:57.209,1.29367,1.29373
2013.03.21 00:03:57.329,1.29369,1.29372
2013.03.21 00:03:57.881,1.29367,1.29373
2013.03.21 00:03:58.427,1.29367,1.29372
2013.03.21 00:03:58.489,1.2937,1.29375
2013.03.21 00:03:58.548,1.2937,1.29374
2013.03.21 00:03:58.612,1.29369,1.29372
2013.03.21 00:03:58.741,1.29368,1.29372
2013.03.21 00:03:58.812,1.2937,1.29375
2013.03.21 00:03:58.881,1.29374,1.29375
2013.03.21 00:03:59.009,1.29375,1.29377
2013.03.21 00:03:59.198,1.29376,1.2938
2013.03.21 00:03:59.737,1.29377,1.29383
2013.03.21 00:04:00.308,1.29378,1.29383
2013.03.21 00:04:00.817,1.29377,1.29383
2013.03.21 00:04:01.538,1.29377,1.29382
2013.03.21 00:04:04.977,1.29377,1.29381
2013.03.21 00:04:08.868,1.29377,1.29382
2013.03.21 00:04:08.988,1.29377,1.29383
2013.03.21 00:04:11.898,1.29377,1.29381
2013.03.21 00:04:12.438,1.29376,1.29381
2013.03.21 00:04:13.153,1.29376,1.2938
2013.03.21 00:04:20.458,1.29376,1.2938
2013.03.21 00:04:22.710,1.29375,1.2938
2013.03.21 00:04:23.208,1.29375,1.29378
2013.03.21 00:04:23.509,1.29371,1.29376
2013.03.21 00:04:24.058,1.2937,1.29375
2013.03.21 00:04:26.311,1.2937,1.29375
2013.03.21 00:04:31.148,1.2937,1.29375
2013.03.21 00:04:31.667,1.2937,1.29374
2013.03.21 00:04:32.191,1.2937,1.29374
2013.03.21 00:04:33.968,1.2937,1.29374
2013.03.21 00:04:37.008,1.29371,1.29375
2013.03.21 00:04:37.940,1.29371,1.29375
2013.03.21 00:04:38.298,1.29372,1.29376
2013.03.21 00:04:38.959,1.29375,1.29379
2013.03.21 00:04:39.628,1.29375,1.2938
2013.03.21 00:04:39.689,1.29375,1.2938
2013.03.21 00:04:40.227,1.29377,1.2938
2013.03.21 00:04:45.173,1.29377,1.29381
2013.03.21 00:04:45.978,1.29378,1.29382
2013.03.21 00:04:46.519,1.2938,1.29384
2013.03.21 00:04:49.778,1.29379,1.29384
2013.03.21 00:04:52.279,1.29379,1.29384
2013.03.21 00:04:54.194,1.2938,1.29385
2013.03.21 00:04:54.501,1.29384,1.29385
2013.03.21 00:04:54.570,1.29385,1.29388
2013.03.21 00:04:54.688,1.29386,1.29392
2013.03.21 00:04:55.168,1.2939,1.29395
2013.03.21 00:04:55.717,1.2939,1.29394
2013.03.21 00:04:57.458,1.2939,1.29395
2013.03.21 00:04:57.579,1.29392,1.29395
2013.03.21 00:04:57.758,1.29392,1.29395
2013.03.21 00:04:58.297,1.29392,1.29396
2013.03.21 00:04:58.663,1.29393,1.29397
2013.03.21 00:04:58.921,1.29394,1.29398
2013.03.21 00:04:58.991,1.29395,1.29399
2013.03.21 00:04:59.238,1.29395,1.294
2013.03.21 00:04:59.718,1.29397,1.294
2013.03.21 00:04:59.837,1.29397,1.29402
2013.03.21 00:05:00.387,1.29397,1.29403
2013.03.21 00:05:01.111,1.29398,1.29404
2013.03.21 00:05:01.728,1.29398,1.29405
2013.03.21 00:05:02.267,1.29401,1.29403
2013.03.21 00:05:02.568,1.29401,1.29404
2013.03.21 00:05:02.690,1.29405,1.29407
2013.03.21 00:05:02.810,1.29403,1.29406
2013.03.21 00:05:03.048,1.29401,1.29405
2013.03.21 00:05:03.169,1.29399,1.29404
2013.03.21 00:05:03.470,1.29398,1.29404
2013.03.21 00:05:04.160,1.29397,1.29404
2013.03.21 00:05:04.629,1.29397,1.29402
2013.03.21 00:05:06.701,1.29396,1.294
2013.03.21 00:05:06.889,1.29395,1.29398
2013.03.21 00:05:07.128,1.29392,1.29395
2013.03.21 00:05:07.189,1.29392,1.29394
2013.03.21 00:05:07.429,1.2939,1.29394
2013.03.21 00:05:07.609,1.29389,1.29393
2013.03.21 00:05:07.670,1.29388,1.29392
2013.03.21 00:05:07.849,1.29388,1.29391
2013.03.21 00:05:07.968,1.29386,1.29391
2013.03.21 00:05:08.208,1.29386,1.2939
2013.03.21 00:05:08.568,1.29386,1.29389
2013.03.21 00:05:08.868,1.29384,1.29389
2013.03.21 00:05:09.288,1.29384,1.29388
2013.03.21 00:05:10.467,1.29383,1.29388
2013.03.21 00:05:12.807,1.29383,1.29387
2013.03.21 00:05:14.889,1.29382,1.29386
2013.03.21 00:05:15.371,1.29381,1.29385
2013.03.21 00:05:15.502,1.2938,1.29384
2013.03.21 00:05:15.569,1.2938,1.29383
2013.03.21 00:05:16.209,1.29379,1.29382
2013.03.21 00:05:16.629,1.29378,1.29382
2013.03.21 00:05:17.539,1.29378,1.29381
2013.03.21 00:05:17.841,1.29377,1.29381
2013.03.21 00:05:17.908,1.29376,1.2938
2013.03.21 00:05:18.268,1.29375,1.2938
2013.03.21 00:05:18.570,1.29376,1.2938
2013.03.21 00:05:18.639,1.29377,1.2938
2013.03.21 00:05:19.178,1.29377,1.29381
2013.03.21 00:05:19.772,1.29377,1.29381
2013.03.21 00:05:20.318,1.29377,1.29381
2013.03.21 00:05:20.678,1.29377,1.29382
2013.03.21 00:05:20.738,1.29377,1.29382
2013.03.21 00:05:21.279,1.2938,1.29383
2013.03.21 00:05:21.529,1.2938,1.29384
2013.03.21 00:05:22.132,1.2938,1.29384
2013.03.21 00:05:24.112,1.29378,1.29381
2013.03.21 00:05:24.238,1.29376,1.29381
2013.03.21 00:05:24.358,1.29376,1.29381
2013.03.21 00:05:24.897,1.29377,1.29382
2013.03.21 00:05:30.019,1.29379,1.29384
2013.03.21 00:05:30.078,1.2938,1.29384
2013.03.21 00:05:30.617,1.2938,1.29384
2013.03.21 00:05:33.058,1.29383,1.29386
2013.03.21 00:05:33.181,1.29384,1.29387
2013.03.21 00:05:33.842,1.29384,1.29389
2013.03.21 00:05:34.028,1.29386,1.29391
2013.03.21 00:05:34.837,1.29385,1.2939
2013.03.21 00:05:35.389,1.29384,1.29389
2013.03.21 00:05:35.931,1.29384,1.29389
2013.03.21 00:05:40.617,1.29384,1.29389
2013.03.21 00:05:41.460,1.29386,1.29389
2013.03.21 00:05:41.530,1.29386,1.2939
2013.03.21 00:05:41.588,1.29386,1.29392
2013.03.21 00:05:41.708,1.29386,1.29389
2013.03.21 00:05:42.247,1.29385,1.29388
2013.03.21 00:05:42.877,1.29385,1.29391
2013.03.21 00:05:44.768,1.29385,1.2939
2013.03.21 00:05:47.389,1.29386,1.2939
2013.03.21 00:05:52.108,1.29387,1.29392
2013.03.21 00:05:56.827,1.29387,1.29391
2013.03.21 00:06:00.619,1.29387,1.29391
2013.03.21 00:06:00.859,1.29385,1.2939
2013.03.21 00:06:01.399,1.29384,1.29389
2013.03.21 00:06:01.989,1.29385,1.2939
2013.03.21 00:06:03.888,1.29385,1.2939
2013.03.21 00:06:04.068,1.29385,1.2939
2013.03.21 00:06:05.408,1.29385,1.2939
2013.03.21 00:06:07.667,1.29385,1.2939
2013.03.21 00:06:07.968,1.29386,1.29391
2013.03.21 00:06:08.394,1.29389,1.29393
2013.03.21 00:06:08.639,1.2939,1.29395
2013.03.21 00:06:09.177,1.2939,1.29394
2013.03.21 00:06:09.638,1.29393,1.29396
2013.03.21 00:06:09.697,1.29393,1.29396
2013.03.21 00:06:09.758,1.29394,1.29397
2013.03.21 00:06:10.119,1.29395,1.29398
2013.03.21 00:06:10.481,1.29392,1.29397
2013.03.21 00:06:10.550,1.29392,1.29394
2013.03.21 00:06:10.668,1.29391,1.29393
2013.03.21 00:06:10.728,1.29389,1.29393
2013.03.21 00:06:11.237,1.29388,1.29393
2013.03.21 00:06:11.935,1.29388,1.29393
2013.03.21 00:06:20.348,1.29388,1.29392
2013.03.21 00:06:20.590,1.29386,1.29391
2013.03.21 00:06:20.768,1.29385,1.2939
2013.03.21 00:06:21.657,1.29384,1.29389
2013.03.21 00:06:24.728,1.29385,1.2939
2013.03.21 00:06:25.268,1.29385,1.2939
2013.03.21 00:06:25.627,1.29385,1.2939
2013.03.21 00:06:26.238,1.29385,1.2939
2013.03.21 00:06:27.498,1.29385,1.2939
2013.03.21 00:06:28.337,1.29385,1.2939
2013.03.21 00:06:30.359,1.29386,1.2939
2013.03.21 00:06:30.718,1.29388,1.29392
2013.03.21 00:06:30.780,1.29388,1.29393
2013.03.21 00:06:30.959,1.29388,1.29394
2013.03.21 00:06:31.498,1.2939,1.29394
2013.03.21 00:06:32.860,1.29388,1.29394
2013.03.21 00:06:32.919,1.29388,1.29394
2013.03.21 00:06:33.535,1.2939,1.29394
2013.03.21 00:06:35.168,1.2939,1.29394
2013.03.21 00:06:35.708,1.2939,1.29395
2013.03.21 00:06:43.939,1.2939,1.29394
2013.03.21 00:06:44.299,1.29389,1.29393
2013.03.21 00:06:44.864,1.29388,1.29392
2013.03.21 00:06:45.501,1.29385,1.29389
2013.03.21 00:06:52.918,1.29385,1.29389
2013.03.21 00:06:53.485,1.29385,1.29389
2013.03.21 00:06:54.959,1.29385,1.29389
2013.03.21 00:07:00.719,1.29384,1.29388
2013.03.21 00:07:00.898,1.29384,1.29388
2013.03.21 00:07:01.460,1.29385,1.29388
2013.03.21 00:07:02.290,1.29385,1.29388
2013.03.21 00:07:03.029,1.29384,1.29388
2013.03.21 00:07:03.557,1.29384,1.29388
2013.03.21 00:07:05.077,1.29384,1.29388
2013.03.21 00:07:06.000,1.29384,1.29388
2013.03.21 00:07:06.420,1.29381,1.29385
2013.03.21 00:07:06.542,1.29381,1.29384
2013.03.21 00:07:06.668,1.2938,1.29385
2013.03.21 00:07:07.210,1.2938,1.29384
2013.03.21 00:07:07.758,1.2938,1.29384
2013.03.21 00:07:09.969,1.2938,1.29384
2013.03.21 00:07:10.609,1.2938,1.29384
2013.03.21 00:07:10.979,1.29382,1.29384
2013.03.21 00:07:11.398,1.29381,1.29385
2013.03.21 00:07:11.539,1.29381,1.29384
2013.03.21 00:07:12.069,1.29381,1.29384
2013.03.21 00:07:12.639,1.29379,1.29382
2013.03.21 00:07:13.198,1.29379,1.29382
2013.03.21 00:07:14.529,1.29379,1.29382
2013.03.21 00:07:15.398,1.2938,1.29384
2013.03.21 00:07:16.045,1.2938,1.29384
2013.03.21 00:07:19.228,1.2938,1.29384
2013.03.21 00:07:20.459,1.2938,1.29384
2013.03.21 00:07:20.998,1.2938,1.29383
2013.03.21 00:07:21.518,1.2938,1.29384
2013.03.21 00:07:22.729,1.29381,1.29384
2013.03.21 00:07:23.328,1.29381,1.29384
2013.03.21 00:07:26.317,1.29381,1.29384
2013.03.21 00:07:26.620,1.29381,1.29385
2013.03.21 00:07:26.680,1.29383,1.29384
2013.03.21 00:07:27.219,1.29385,1.29389
2013.03.21 00:07:28.670,1.29385,1.2939
2013.03.21 00:07:28.908,1.29386,1.2939
2013.03.21 00:07:29.440,1.29387,1.29392
2013.03.21 00:07:30.140,1.29387,1.2939
2013.03.21 00:07:30.498,1.29387,1.29391
2013.03.21 00:07:32.413,1.29386,1.29389
2013.03.21 00:07:32.759,1.29384,1.2939
2013.03.21 00:07:32.939,1.29384,1.29389
2013.03.21 00:07:35.478,1.29384,1.29388
2013.03.21 00:07:37.818,1.29383,1.29387
2013.03.21 00:07:38.478,1.29381,1.29386
2013.03.21 00:07:38.539,1.29382,1.29386
2013.03.21 00:07:38.778,1.29383,1.29388
2013.03.21 00:07:39.198,1.29382,1.29387
2013.03.21 00:07:39.947,1.29382,1.29386
2013.03.21 00:07:40.018,1.29381,1.29386
2013.03.21 00:07:40.548,1.29381,1.29385
2013.03.21 00:07:41.260,1.29381,1.29385
2013.03.21 00:07:45.428,1.29381,1.29386
2013.03.21 00:07:45.488,1.29381,1.29386
2013.03.21 00:07:47.761,1.29384,1.29388
2013.03.21 00:07:48.308,1.29385,1.29388
2013.03.21 00:07:48.371,1.29385,1.29388
2013.03.21 00:07:49.368,1.29385,1.29388
2013.03.21 00:07:49.979,1.29382,1.29386
2013.03.21 00:07:50.400,1.2938,1.29385
2013.03.21 00:07:50.952,1.2938,1.29383
2013.03.21 00:07:52.378,1.29382,1.29387
2013.03.21 00:07:52.738,1.29385,1.29389
2013.03.21 00:07:53.218,1.29384,1.29387
2013.03.21 00:07:55.008,1.29383,1.29387
2013.03.21 00:07:55.749,1.29383,1.29387
2013.03.21 00:07:57.190,1.29383,1.29387
2013.03.21 00:07:57.561,1.29385,1.2939
2013.03.21 00:07:57.869,1.29385,1.29389
2013.03.21 00:07:58.378,1.29386,1.2939
2013.03.21 00:07:59.118,1.29386,1.2939
2013.03.21 00:07:59.646,1.29386,1.2939
2013.03.21 00:07:59.771,1.29385,1.29388
2013.03.21 00:07:59.959,1.29384,1.29387
2013.03.21 00:08:00.198,1.29384,1.29388
2013.03.21 00:08:00.499,1.29383,1.29387
2013.03.21 00:08:00.619,1.29381,1.29385
2013.03.21 00:08:00.860,1.2938,1.29384
2013.03.21 00:08:01.338,1.29379,1.29383
2013.03.21 00:08:01.632,1.2938,1.29384
2013.03.21 00:08:02.018,1.29379,1.29383
2013.03.21 00:08:02.807,1.29377,1.29383
2013.03.21 00:08:03.318,1.2938,1.29383
2013.03.21 00:08:04.488,1.2938,1.29384
2013.03.21 00:08:04.610,1.29382,1.29385
2013.03.21 00:08:04.672,1.29384,1.29388
2013.03.21 00:08:04.980,1.29385,1.2939
2013.03.21 00:08:05.049,1.29386,1.29391
2013.03.21 00:08:05.590,1.29385,1.29388
2013.03.21 00:08:06.286,1.29384,1.29388
2013.03.21 00:08:07.098,1.29381,1.29385
2013.03.21 00:08:07.401,1.29385,1.29388
2013.03.21 00:08:08.120,1.29386,1.2939
2013.03.21 00:08:09.619,1.29386,1.2939
2013.03.21 00:08:09.680,1.29386,1.2939
2013.03.21 00:08:12.508,1.29384,1.29388
2013.03.21 00:08:13.039,1.29385,1.29389
2013.03.21 00:08:18.319,1.29383,1.29388
2013.03.21 00:08:19.984,1.29384,1.29389
2013.03.21 00:08:27.150,1.29386,1.29389
2013.03.21 00:08:28.317,1.29385,1.29389
2013.03.21 00:08:28.881,1.29385,1.29389
2013.03.21 00:08:35.208,1.29385,1.2939
2013.03.21 00:08:35.749,1.29385,1.2939
2013.03.21 00:08:36.308,1.29386,1.2939
2013.03.21 00:08:37.248,1.29386,1.2939
2013.03.21 00:08:40.119,1.29385,1.2939
2013.03.21 00:08:40.669,1.29385,1.2939
2013.03.21 00:08:41.209,1.29385,1.2939
2013.03.21 00:08:41.748,1.29385,1.2939
2013.03.21 00:08:43.599,1.29386,1.2939
2013.03.21 00:08:43.839,1.29386,1.2939
2013.03.21 00:08:44.610,1.29388,1.29393
2013.03.21 00:08:44.686,1.29388,1.2939
2013.03.21 00:08:44.751,1.29385,1.2939
2013.03.21 00:08:45.298,1.29385,1.2939
2013.03.21 00:08:45.818,1.29385,1.2939
2013.03.21 00:08:46.268,1.29386,1.2939
2013.03.21 00:08:46.388,1.29387,1.2939
2013.03.21 00:08:46.928,1.29388,1.29392
2013.03.21 00:08:53.498,1.29388,1.29395
2013.03.21 00:08:53.918,1.29389,1.29393
2013.03.21 00:08:57.219,1.29388,1.29394
2013.03.21 00:08:57.758,1.29388,1.29394
2013.03.21 00:08:58.259,1.29389,1.29393
2013.03.21 00:08:59.508,1.29389,1.29393
2013.03.21 00:09:00.578,1.29388,1.29394
2013.03.21 00:09:01.040,1.29387,1.29392
2013.03.21 00:09:01.577,1.29387,1.29392
2013.03.21 00:09:04.108,1.29387,1.29392
2013.03.21 00:09:04.228,1.29387,1.2939
2013.03.21 00:09:04.962,1.29386,1.2939
2013.03.21 00:09:12.609,1.29384,1.29387
2013.03.21 00:09:17.391,1.29384,1.29388
2013.03.21 00:09:17.748,1.29384,1.29386
2013.03.21 00:09:18.269,1.29384,1.29386
2013.03.21 00:09:18.699,1.29384,1.29385
2013.03.21 00:09:18.880,1.29382,1.29384
2013.03.21 00:09:19.000,1.29378,1.29382
2013.03.21 00:09:19.239,1.29376,1.2938
2013.03.21 00:09:19.718,1.29375,1.2938
2013.03.21 00:09:19.958,1.29374,1.29378
2013.03.21 00:09:20.499,1.29373,1.29376
2013.03.21 00:09:21.795,1.29373,1.29375
2013.03.21 00:09:22.041,1.29371,1.29375
2013.03.21 00:09:22.399,1.29368,1.29373
2013.03.21 00:09:23.268,1.29368,1.29373
2013.03.21 00:09:23.350,1.29368,1.29373
2013.03.21 00:09:24.520,1.29367,1.29372
2013.03.21 00:09:27.338,1.29369,1.29371
2013.03.21 00:09:27.639,1.2937,1.29375
2013.03.21 00:09:27.699,1.29372,1.29375
2013.03.21 00:09:28.238,1.29371,1.29375
2013.03.21 00:09:28.298,1.29371,1.29375
2013.03.21 00:09:29.040,1.29372,1.29375
2013.03.21 00:09:29.111,1.29374,1.29375
2013.03.21 00:09:29.481,1.29374,1.29376
2013.03.21 00:09:29.609,1.29372,1.29376
2013.03.21 00:09:29.849,1.29374,1.29377
2013.03.21 00:09:29.910,1.29375,1.29379
2013.03.21 00:09:30.689,1.29375,1.2938
2013.03.21 00:09:31.469,1.29375,1.2938
2013.03.21 00:09:32.261,1.29375,1.2938
2013.03.21 00:09:32.809,1.29375,1.29378
2013.03.21 00:09:33.830,1.29376,1.29379
2013.03.21 00:09:34.009,1.29376,1.29381
2013.03.21 00:09:34.251,1.29379,1.29384
2013.03.21 00:09:34.799,1.29379,1.29385
2013.03.21 00:09:35.039,1.29379,1.29385
2013.03.21 00:09:40.038,1.29378,1.29384
2013.03.21 00:09:40.580,1.29378,1.29382
2013.03.21 00:09:40.638,1.29376,1.29381
2013.03.21 00:09:41.188,1.29376,1.29381
2013.03.21 00:09:41.428,1.29376,1.2938
2013.03.21 00:09:41.788,1.29375,1.29379
2013.03.21 00:09:42.208,1.29373,1.29376
2013.03.21 00:09:43.818,1.29373,1.29376
2013.03.21 00:09:44.359,1.29373,1.29376
2013.03.21 00:09:45.141,1.29373,1.29376
2013.03.21 00:09:47.758,1.29373,1.29376
2013.03.21 00:09:48.319,1.29373,1.29376
2013.03.21 00:09:48.868,1.29373,1.29376
2013.03.21 00:09:49.579,1.29375,1.29377
2013.03.21 00:09:49.880,1.29376,1.2938
2013.03.21 00:09:50.429,1.29376,1.29382
2013.03.21 00:09:50.979,1.29375,1.2938
2013.03.21 00:09:51.930,1.29376,1.2938
2013.03.21 00:09:52.839,1.29375,1.2938
2013.03.21 00:09:58.200,1.29376,1.29381
2013.03.21 00:09:58.718,1.29376,1.29381
2013.03.21 00:10:01.128,1.29376,1.29381
2013.03.21 00:10:08.468,1.29376,1.29381
2013.03.21 00:10:10.529,1.29377,1.29382
2013.03.21 00:10:13.348,1.29379,1.29382
2013.03.21 00:10:13.889,1.2938,1.29384
2013.03.21 00:10:15.518,1.2938,1.29383
2013.03.21 00:10:16.058,1.2938,1.29384
2013.03.21 00:10:17.309,1.2938,1.29384
2013.03.21 00:10:17.848,1.29378,1.29382
2013.03.21 00:10:18.712,1.29377,1.29382
2013.03.21 00:10:21.099,1.29377,1.29381
2013.03.21 00:10:21.720,1.29377,1.29382
2013.03.21 00:10:22.259,1.2938,1.29385
2013.03.21 00:10:25.829,1.2938,1.29384
2013.03.21 00:10:27.610,1.29383,1.29385
2013.03.21 00:10:27.849,1.29385,1.29387
2013.03.21 00:10:28.031,1.29386,1.2939
2013.03.21 00:10:30.029,1.29386,1.29388
2013.03.21 00:10:30.290,1.29382,1.29385
2013.03.21 00:10:30.349,1.2938,1.29383
2013.03.21 00:10:30.530,1.29379,1.29382
2013.03.21 00:10:30.711,1.29378,1.29381
2013.03.21 00:10:31.258,1.29377,1.2938
2013.03.21 00:10:31.779,1.29377,1.2938
2013.03.21 00:10:31.899,1.29377,1.2938
2013.03.21 00:10:32.140,1.29375,1.2938
2013.03.21 00:10:32.199,1.29374,1.2938
2013.03.21 00:10:32.259,1.29373,1.29379
2013.03.21 00:10:32.319,1.29372,1.29378
2013.03.21 00:10:32.679,1.29371,1.29377
2013.03.21 00:10:33.694,1.2937,1.29377
2013.03.21 00:10:33.999,1.2937,1.29376
2013.03.21 00:10:34.119,1.29369,1.29375
2013.03.21 00:10:34.778,1.29369,1.29374
2013.03.21 00:10:36.019,1.29368,1.29373
2013.03.21 00:10:36.520,1.29369,1.29371
2013.03.21 00:10:36.704,1.29367,1.29371
2013.03.21 00:10:36.774,1.29367,1.2937
2013.03.21 00:10:36.900,1.29366,1.2937
2013.03.21 00:10:38.189,1.29365,1.2937
2013.03.21 00:10:39.464,1.29364,1.2937
2013.03.21 00:10:39.529,1.29363,1.29369
2013.03.21 00:10:41.389,1.29364,1.29367
2013.03.21 00:10:41.929,1.29363,1.29367
2013.03.21 00:10:42.709,1.29363,1.29365
2013.03.21 00:10:43.539,1.29362,1.29365
2013.03.21 00:10:43.842,1.29361,1.29364
2013.03.21 00:10:43.971,1.2936,1.29363
2013.03.21 00:10:44.030,1.2936,1.29363
2013.03.21 00:10:44.089,1.29361,1.29365
2013.03.21 00:10:44.449,1.29361,1.29365
2013.03.21 00:10:44.652,1.2936,1.29367
2013.03.21 00:10:44.721,1.2936,1.29368
2013.03.21 00:10:45.488,1.29361,1.29369
2013.03.21 00:10:47.470,1.29363,1.29369
2013.03.21 00:10:51.441,1.29365,1.29368
2013.03.21 00:10:52.098,1.29366,1.29369
2013.03.21 00:10:52.175,1.29366,1.2937
2013.03.21 00:10:54.158,1.29366,1.29371
2013.03.21 00:10:54.458,1.29367,1.29371
2013.03.21 00:10:54.759,1.29367,1.29372
2013.03.21 00:10:56.548,1.29368,1.29372
2013.03.21 00:10:56.908,1.29368,1.29373
2013.03.21 00:10:57.148,1.29369,1.29374
2013.03.21 00:10:57.754,1.2937,1.29375
2013.03.21 00:10:58.550,1.29371,1.29376
2013.03.21 00:10:59.219,1.29374,1.29379
2013.03.21 00:10:59.280,1.29374,1.29378
2013.03.21 00:10:59.520,1.29373,1.29378
2013.03.21 00:10:59.699,1.29372,1.29378
2013.03.21 00:10:59.879,1.29371,1.29378
2013.03.21 00:11:00.499,1.2937,1.29377
2013.03.21 00:11:00.988,1.29366,1.29374
2013.03.21 00:11:01.489,1.29366,1.29374
2013.03.21 00:11:02.818,1.29366,1.29371
2013.03.21 00:11:03.389,1.29366,1.2937
2013.03.21 00:11:03.879,1.29364,1.29367
2013.03.21 00:11:04.419,1.29364,1.29366
2013.03.21 00:11:05.924,1.29362,1.29369
2013.03.21 00:11:05.988,1.29363,1.2937
2013.03.21 00:11:06.048,1.29366,1.29373
2013.03.21 00:11:06.288,1.29366,1.29373
2013.03.21 00:11:08.328,1.29366,1.29373
2013.03.21 00:11:09.347,1.29366,1.29372
2013.03.21 00:11:10.398,1.29366,1.2937
2013.03.21 00:11:11.010,1.29366,1.2937
2013.03.21 00:11:12.002,1.29365,1.2937
2013.03.21 00:11:12.359,1.29367,1.29372
2013.03.21 00:11:12.419,1.29367,1.29373
2013.03.21 00:11:12.780,1.29367,1.29374
2013.03.21 00:11:13.318,1.29367,1.29374
2013.03.21 00:11:56.580,1.29367,1.29372
2013.03.21 00:11:59.611,1.29366,1.29373
2013.03.21 00:12:02.779,1.29369,1.29373
2013.03.21 00:12:02.901,1.29372,1.29374
2013.03.21 00:12:03.212,1.29372,1.29376
2013.03.21 00:12:03.518,1.29373,1.29377
2013.03.21 00:12:07.559,1.29373,1.29378
2013.03.21 00:12:08.098,1.29374,1.29379
2013.03.21 00:12:10.799,1.29373,1.29375
2013.03.21 00:12:11.159,1.2937,1.29375
2013.03.21 00:12:11.929,1.29369,1.29374
2013.03.21 00:12:13.249,1.29368,1.29372
2013.03.21 00:12:13.550,1.29365,1.29369
2013.03.21 00:12:14.937,1.29365,1.29369
2013.03.21 00:12:15.309,1.29365,1.29369
2013.03.21 00:12:29.690,1.29365,1.29369
2013.03.21 00:12:29.811,1.29364,1.29369
2013.03.21 00:12:30.114,1.29362,1.29365
2013.03.21 00:12:30.239,1.29359,1.29365
2013.03.21 00:12:30.599,1.29358,1.29363
2013.03.21 00:12:32.980,1.29358,1.29363
2013.03.21 00:12:34.804,1.29359,1.29363
2013.03.21 00:12:36.468,1.29358,1.29363
2013.03.21 00:12:37.429,1.29358,1.29363
2013.03.21 00:12:37.669,1.29356,1.2936
2013.03.21 00:12:37.900,1.29356,1.2936
2013.03.21 00:12:39.578,1.29357,1.29362
2013.03.21 00:12:41.661,1.29361,1.29363
2013.03.21 00:12:41.841,1.29362,1.29365
2013.03.21 00:12:42.089,1.29361,1.29366
2013.03.21 00:12:42.209,1.29361,1.29366
2013.03.21 00:12:42.329,1.29359,1.29364
2013.03.21 00:12:44.849,1.2936,1.29365
2013.03.21 00:12:45.149,1.29363,1.29367
2013.03.21 00:12:45.269,1.29365,1.29368
2013.03.21 00:12:45.633,1.29365,1.29371
2013.03.21 00:12:46.178,1.29367,1.29373
2013.03.21 00:12:48.308,1.29369,1.29373
2013.03.21 00:12:48.943,1.29369,1.29373
2013.03.21 00:12:50.699,1.2937,1.29374
2013.03.21 00:12:51.239,1.2937,1.29374
2013.03.21 00:12:52.023,1.2937,1.29374
2013.03.21 00:12:52.710,1.2937,1.29373
2013.03.21 00:12:53.279,1.2937,1.29372
2013.03.21 00:12:58.600,1.29369,1.29373
2013.03.21 00:12:58.780,1.29369,1.29373
2013.03.21 00:12:59.289,1.29367,1.29371
2013.03.21 00:13:00.681,1.29367,1.29371
2013.03.21 00:13:03.319,1.29367,1.29371
2013.03.21 00:13:03.380,1.29367,1.29369
2013.03.21 00:13:03.448,1.29365,1.29369
2013.03.21 00:13:05.518,1.29366,1.29369
2013.03.21 00:13:07.510,1.29366,1.29369
2013.03.21 00:13:08.463,1.29366,1.2937
2013.03.21 00:13:08.989,1.29366,1.2937
2013.03.21 00:13:09.514,1.29366,1.2937
2013.03.21 00:13:11.050,1.29365,1.29369
2013.03.21 00:13:11.528,1.29365,1.29369
2013.03.21 00:13:12.038,1.29364,1.29369
2013.03.21 00:13:12.280,1.29364,1.29367
2013.03.21 00:13:12.579,1.29362,1.29366
2013.03.21 00:13:13.129,1.29361,1.29365
2013.03.21 00:13:15.328,1.29361,1.29365
2013.03.21 00:13:17.782,1.2936,1.29363
2013.03.21 00:13:17.909,1.29358,1.29362
2013.03.21 00:13:18.450,1.29358,1.29361
2013.03.21 00:13:19.095,1.29356,1.29361
2013.03.21 00:13:20.409,1.29356,1.29361
2013.03.21 00:13:24.699,1.29356,1.29361
2013.03.21 00:13:24.974,1.29358,1.29363
2013.03.21 00:13:26.858,1.29359,1.29365
2013.03.21 00:13:27.373,1.29359,1.29365
2013.03.21 00:13:28.930,1.29359,1.29365
2013.03.21 00:13:31.298,1.29359,1.29364
2013.03.21 00:13:32.118,1.29359,1.29364
2013.03.21 00:13:32.999,1.29358,1.29364
2013.03.21 00:13:33.538,1.29358,1.29363
2013.03.21 00:13:40.649,1.29359,1.29364
2013.03.21 00:13:41.308,1.29358,1.29364
2013.03.21 00:13:42.459,1.29358,1.29364
2013.03.21 00:13:42.960,1.29358,1.29364
2013.03.21 00:13:43.474,1.29359,1.29364
2013.03.21 00:13:45.658,1.2936,1.29364
2013.03.21 00:13:48.729,1.29359,1.29363
2013.03.21 00:13:50.499,1.29359,1.29364
2013.03.21 00:13:51.172,1.29359,1.29363
2013.03.21 00:13:51.299,1.29356,1.2936
2013.03.21 00:13:51.897,1.29356,1.2936
2013.03.21 00:13:52.510,1.29358,1.29363
2013.03.21 00:14:05.289,1.2936,1.29362
2013.03.21 00:14:06.498,1.2936,1.29364
2013.03.21 00:14:07.708,1.2936,1.29365
2013.03.21 00:14:08.988,1.2936,1.29365
2013.03.21 00:14:09.640,1.29359,1.29364
2013.03.21 00:14:10.869,1.29359,1.29364
2013.03.21 00:14:11.558,1.29359,1.29364
2013.03.21 00:14:12.099,1.29359,1.29364
2013.03.21 00:14:13.378,1.29359,1.29365
2013.03.21 00:14:18.578,1.29359,1.29364
2013.03.21 00:14:19.141,1.29359,1.29364
2013.03.21 00:14:24.153,1.29358,1.29363
2013.03.21 00:14:24.709,1.29357,1.29361
2013.03.21 00:14:28.818,1.29357,1.29362
2013.03.21 00:14:31.780,1.29357,1.29361
2013.03.21 00:14:38.469,1.29357,1.29362
2013.03.21 00:14:41.759,1.29358,1.29362
2013.03.21 00:14:55.830,1.29358,1.29361
2013.03.21 00:14:56.339,1.29358,1.29362
2013.03.21 00:15:01.369,1.29358,1.29363
2013.03.21 00:15:01.909,1.29358,1.29362
2013.03.21 00:15:08.580,1.29358,1.29363
2013.03.21 00:15:09.830,1.29358,1.29362
2013.03.21 00:15:19.899,1.29358,1.29362
2013.03.21 00:15:41.979,1.29359,1.29364
2013.03.21 00:15:51.749,1.29358,1.2936
2013.03.21 00:15:51.990,1.29355,1.29362
2013.03.21 00:15:52.049,1.29354,1.29361
2013.03.21 00:15:52.410,1.29355,1.29359
2013.03.21 00:15:52.771,1.29354,1.29358
2013.03.21 00:15:53.130,1.29353,1.29358
2013.03.21 00:15:53.669,1.29353,1.29357
2013.03.21 00:15:54.228,1.29353,1.29356
2013.03.21 00:15:55.259,1.29352,1.29355
2013.03.21 00:15:56.432,1.29352,1.29354
2013.03.21 00:15:56.861,1.29349,1.29356
2013.03.21 00:15:56.921,1.29349,1.29355
2013.03.21 00:15:56.980,1.2935,1.29353
2013.03.21 00:15:57.099,1.29348,1.29354
2013.03.21 00:15:57.639,1.29347,1.29353
2013.03.21 00:15:58.220,1.29347,1.29352
2013.03.21 00:16:00.398,1.29347,1.29351
2013.03.21 00:16:00.710,1.29346,1.29351
2013.03.21 00:16:01.459,1.29345,1.29351
2013.03.21 00:16:01.533,1.29345,1.29349
2013.03.21 00:16:01.661,1.29345,1.29347
2013.03.21 00:16:02.199,1.29343,1.29347
2013.03.21 00:16:02.260,1.29341,1.29345
2013.03.21 00:16:02.470,1.29341,1.29344
2013.03.21 00:16:02.981,1.2934,1.29343
2013.03.21 00:16:08.142,1.29338,1.29341
2013.03.21 00:16:08.811,1.29339,1.29342
2013.03.21 00:16:08.880,1.2934,1.29342
2013.03.21 00:16:08.940,1.2934,1.29345
2013.03.21 00:16:10.159,1.2934,1.29345
2013.03.21 00:16:10.790,1.29339,1.29345
2013.03.21 00:16:11.460,1.29339,1.29345
2013.03.21 00:16:11.819,1.29337,1.29341
2013.03.21 00:16:13.219,1.29337,1.2934
2013.03.21 00:16:13.520,1.29338,1.29342
2013.03.21 00:16:14.070,1.29339,1.29343
2013.03.21 00:16:14.640,1.2934,1.29344
2013.03.21 00:16:14.709,1.2934,1.29344
2013.03.21 00:16:15.253,1.29341,1.29345
2013.03.21 00:16:15.851,1.2934,1.29345
2013.03.21 00:16:17.938,1.2934,1.29345
2013.03.21 00:16:18.490,1.2934,1.29345
2013.03.21 00:16:19.021,1.2934,1.29345
2013.03.21 00:16:19.528,1.2934,1.29345
2013.03.21 00:16:24.009,1.29341,1.29345
2013.03.21 00:16:26.300,1.2934,1.29346
2013.03.21 00:16:31.300,1.2934,1.29345
2013.03.21 00:16:32.807,1.2934,1.29345
2013.03.21 00:16:33.300,1.29341,1.29346
2013.03.21 00:16:36.869,1.29341,1.29345
2013.03.21 00:16:42.721,1.2934,1.29345
2013.03.21 00:16:45.259,1.29341,1.29345
2013.03.21 00:16:47.049,1.29341,1.29345
2013.03.21 00:16:51.450,1.29341,1.29343
2013.03.21 00:16:51.989,1.29341,1.29343
2013.03.21 00:17:00.529,1.2934,1.29343
2013.03.21 00:17:01.309,1.2934,1.29344
2013.03.21 00:17:04.299,1.2934,1.29342
2013.03.21 00:17:05.539,1.29341,1.29344
2013.03.21 00:17:05.844,1.2934,1.29346
2013.03.21 00:17:05.972,1.29343,1.29344
2013.03.21 00:17:06.345,1.29342,1.29347
2013.03.21 00:17:06.410,1.29342,1.29348
2013.03.21 00:17:06.770,1.29345,1.29347
2013.03.21 00:17:07.309,1.29345,1.29348
2013.03.21 00:17:07.370,1.29346,1.29348
2013.03.21 00:17:08.398,1.29347,1.29349
2013.03.21 00:17:10.159,1.29347,1.29351
2013.03.21 00:17:10.529,1.29349,1.29351
2013.03.21 00:17:10.841,1.29349,1.29352
2013.03.21 00:17:10.959,1.2935,1.29352
2013.03.21 00:17:11.200,1.29352,1.29355
2013.03.21 00:17:11.739,1.29352,1.29355
2013.03.21 00:17:11.799,1.2935,1.29355
2013.03.21 00:17:12.339,1.2935,1.29355
2013.03.21 00:17:15.040,1.29349,1.29354
2013.03.21 00:17:15.716,1.29348,1.29352
2013.03.21 00:17:16.289,1.29348,1.29352
2013.03.21 00:17:16.532,1.29348,1.2935
2013.03.21 00:17:16.959,1.29348,1.29352
2013.03.21 00:17:20.410,1.2935,1.29353
2013.03.21 00:17:20.592,1.2935,1.29355
2013.03.21 00:17:21.510,1.29352,1.29355
2013.03.21 00:17:22.060,1.29352,1.29355
2013.03.21 00:17:23.599,1.29353,1.29355
2013.03.21 00:17:23.902,1.29355,1.2936
2013.03.21 00:17:24.149,1.29359,1.29363
2013.03.21 00:17:24.390,1.29359,1.29364
2013.03.21 00:17:25.531,1.29359,1.29364
2013.03.21 00:17:25.652,1.29359,1.29362
2013.03.21 00:17:25.721,1.29357,1.29362
2013.03.21 00:17:26.259,1.29357,1.29362
2013.03.21 00:17:26.810,1.29358,1.29362
2013.03.21 00:17:29.841,1.29358,1.2936
2013.03.21 00:17:30.020,1.29355,1.29358
2013.03.21 00:17:30.321,1.29355,1.29356
2013.03.21 00:17:30.500,1.29352,1.29356
2013.03.21 00:17:30.681,1.29351,1.29355
2013.03.21 00:17:31.349,1.2935,1.29355
2013.03.21 00:17:32.040,1.2935,1.29354
2013.03.21 00:17:32.100,1.29349,1.29354
2013.03.21 00:17:32.160,1.29349,1.29354
2013.03.21 00:17:32.470,1.29348,1.29352
2013.03.21 00:17:33.088,1.29348,1.29352
2013.03.21 00:17:34.420,1.29349,1.29352
2013.03.21 00:17:34.900,1.29351,1.29356
2013.03.21 00:17:35.019,1.29352,1.29357
2013.03.21 00:17:36.821,1.29352,1.29357
2013.03.21 00:17:37.360,1.29351,1.29356
2013.03.21 00:17:37.839,1.29349,1.29355
2013.03.21 00:17:40.319,1.2935,1.29355
2013.03.21 00:17:40.680,1.29352,1.29356
2013.03.21 00:17:40.979,1.29354,1.29359
2013.03.21 00:17:41.519,1.29355,1.29359
2013.03.21 00:17:41.790,1.29355,1.29358
2013.03.21 00:17:42.462,1.29355,1.29357
2013.03.21 00:17:43.011,1.29355,1.29357
2013.03.21 00:17:43.213,1.29353,1.29357
2013.03.21 00:17:43.520,1.29349,1.29354
2013.03.21 00:17:43.640,1.29349,1.29354
2013.03.21 00:17:44.181,1.29349,1.29351
2013.03.21 00:17:44.241,1.29348,1.29352
2013.03.21 00:17:44.823,1.29348,1.2935
2013.03.21 00:17:46.573,1.2935,1.29354
2013.03.21 00:17:46.699,1.29352,1.29355
2013.03.21 00:17:46.759,1.29352,1.29354
2013.03.21 00:17:46.944,1.29352,1.29355
2013.03.21 00:17:47.129,1.29355,1.29358
2013.03.21 00:17:47.980,1.29357,1.2936
2013.03.21 00:17:48.050,1.29358,1.29362
2013.03.21 00:17:48.349,1.2936,1.29362
2013.03.21 00:17:48.890,1.2936,1.29364
2013.03.21 00:17:52.900,1.2936,1.29364
2013.03.21 00:17:53.402,1.2936,1.29364
2013.03.21 00:17:54.000,1.2936,1.29365
2013.03.21 00:17:54.601,1.29361,1.29365
2013.03.21 00:17:56.330,1.29361,1.29365
2013.03.21 00:18:00.570,1.29362,1.29366
2013.03.21 00:18:00.691,1.29365,1.29367
2013.03.21 00:18:01.403,1.29365,1.29369
2013.03.21 00:18:01.481,1.29365,1.29371
2013.03.21 00:18:01.550,1.29365,1.29372
2013.03.21 00:18:01.850,1.29366,1.29372
2013.03.21 00:18:01.970,1.29366,1.29373
2013.03.21 00:18:02.030,1.29367,1.29374
2013.03.21 00:18:02.210,1.29368,1.29375
2013.03.21 00:18:02.750,1.29369,1.29375
2013.03.21 00:18:04.390,1.2937,1.29376
2013.03.21 00:18:04.460,1.29372,1.29376
2013.03.21 00:18:04.579,1.29373,1.29377
2013.03.21 00:18:05.129,1.29373,1.29378
2013.03.21 00:18:06.080,1.29374,1.29379
2013.03.21 00:18:07.039,1.29374,1.2938
2013.03.21 00:18:07.749,1.29375,1.2938
2013.03.21 00:18:08.459,1.29377,1.29384
2013.03.21 00:18:09.021,1.29376,1.29383
2013.03.21 00:18:10.439,1.29378,1.29383
2013.03.21 00:18:12.719,1.29379,1.29384
2013.03.21 00:18:12.899,1.29378,1.2938
2013.03.21 00:18:13.453,1.29376,1.29379
2013.03.21 00:18:16.278,1.29375,1.29379
2013.03.21 00:18:17.229,1.29376,1.29379
2013.03.21 00:18:17.349,1.29377,1.29382
2013.03.21 00:18:21.915,1.29376,1.2938
2013.03.21 00:18:21.997,1.29375,1.2938
2013.03.21 00:18:22.540,1.29374,1.29379
2013.03.21 00:18:23.090,1.29373,1.29378
2013.03.21 00:18:25.949,1.29372,1.29377
2013.03.21 00:18:29.164,1.29372,1.29376
2013.03.21 00:18:29.671,1.29372,1.29374
2013.03.21 00:18:30.220,1.29371,1.29374
2013.03.21 00:18:31.400,1.2937,1.29374
2013.03.21 00:18:31.760,1.29369,1.29374
2013.03.21 00:18:31.881,1.29365,1.29371
2013.03.21 00:18:34.200,1.29366,1.2937
2013.03.21 00:18:34.739,1.29366,1.29369
2013.03.21 00:18:35.600,1.29365,1.29369
2013.03.21 00:18:35.962,1.29366,1.29373
2013.03.21 00:18:36.032,1.29366,1.29373
2013.03.21 00:18:37.190,1.29367,1.29373
2013.03.21 00:18:37.750,1.29367,1.29372
2013.03.21 00:18:38.300,1.29366,1.29371
2013.03.21 00:18:38.839,1.29367,1.29371
2013.03.21 00:18:39.219,1.29366,1.2937
2013.03.21 00:18:39.399,1.29365,1.2937
2013.03.21 00:18:39.699,1.29365,1.2937
2013.03.21 00:18:40.122,1.29365,1.2937
2013.03.21 00:18:40.722,1.29366,1.29371
2013.03.21 00:18:41.239,1.29366,1.29371
2013.03.21 00:18:44.570,1.29367,1.29372
2013.03.21 00:18:48.139,1.29366,1.29372
2013.03.21 00:18:48.260,1.29367,1.29373
2013.03.21 00:18:48.799,1.29368,1.29373
2013.03.21 00:18:49.341,1.2937,1.29374
2013.03.21 00:18:49.790,1.29369,1.29374
2013.03.21 00:18:50.345,1.29368,1.29374
2013.03.21 00:18:50.989,1.29368,1.29373
2013.03.21 00:18:51.055,1.29368,1.29373
2013.03.21 00:18:51.599,1.29368,1.29372
2013.03.21 00:18:52.100,1.29366,1.29371
2013.03.21 00:18:52.219,1.29366,1.2937
2013.03.21 00:18:52.399,1.29366,1.2937
2013.03.21 00:18:53.139,1.29365,1.2937
2013.03.21 00:18:53.689,1.29365,1.2937
2013.03.21 00:18:54.980,1.29366,1.2937
2013.03.21 00:18:55.280,1.29367,1.29372
2013.03.21 00:18:55.461,1.29369,1.29373
2013.03.21 00:18:55.579,1.29369,1.29375
2013.03.21 00:18:56.247,1.29369,1.29375
2013.03.21 00:18:58.810,1.2937,1.29375
2013.03.21 00:18:59.387,1.29369,1.29375
2013.03.21 00:19:00.651,1.29369,1.29375
2013.03.21 00:19:03.691,1.29369,1.29374
2013.03.21 00:19:03.750,1.29369,1.29374
2013.03.21 00:19:03.989,1.29368,1.29373
2013.03.21 00:19:06.870,1.29369,1.29373
2013.03.21 00:19:08.914,1.29368,1.29373
2013.03.21 00:19:09.459,1.29369,1.29373
2013.03.21 00:19:09.760,1.29371,1.29375
2013.03.21 00:19:10.299,1.29371,1.29375
2013.03.21 00:19:12.191,1.29374,1.29376
2013.03.21 00:19:12.381,1.29376,1.29379
2013.03.21 00:19:12.501,1.29377,1.29381
2013.03.21 00:19:12.562,1.29377,1.29381
2013.03.21 00:19:12.621,1.29378,1.29382
2013.03.21 00:19:12.740,1.29379,1.29383
2013.03.21 00:19:12.801,1.29378,1.29384
2013.03.21 00:19:13.099,1.29379,1.29385
2013.03.21 00:19:13.610,1.29379,1.29385
2013.03.21 00:19:17.583,1.29383,1.29387
2013.03.21 00:19:17.710,1.29382,1.29385
2013.03.21 00:19:17.830,1.29382,1.29384
2013.03.21 00:19:17.951,1.29381,1.29383
2013.03.21 00:19:18.070,1.2938,1.29383
2013.03.21 00:19:18.130,1.29379,1.29383
2013.03.21 00:19:18.190,1.29376,1.29382
2013.03.21 00:19:18.312,1.29376,1.29381
2013.03.21 00:19:18.438,1.29375,1.29378
2013.03.21 00:19:18.800,1.29375,1.29378
2013.03.21 00:19:19.160,1.29375,1.29378
2013.03.21 00:19:20.239,1.29375,1.29378
2013.03.21 00:19:22.190,1.29374,1.29378
2013.03.21 00:19:26.319,1.29374,1.29377
2013.03.21 00:19:26.560,1.29372,1.29374
2013.03.21 00:19:26.743,1.29369,1.29373
2013.03.21 00:19:27.051,1.29368,1.29371
2013.03.21 00:19:27.639,1.29368,1.29371
2013.03.21 00:19:28.711,1.29368,1.2937
2013.03.21 00:19:28.830,1.29368,1.2937
2013.03.21 00:19:29.311,1.29366,1.2937
2013.03.21 00:19:29.831,1.29366,1.29368
2013.03.21 00:19:30.631,1.29366,1.29368
2013.03.21 00:19:31.159,1.29366,1.29369
2013.03.21 00:19:33.362,1.29365,1.29369
2013.03.21 00:19:33.870,1.29365,1.2937
2013.03.21 00:19:34.401,1.29364,1.29369
2013.03.21 00:19:34.964,1.29364,1.29368
2013.03.21 00:19:36.510,1.29365,1.2937
2013.03.21 00:19:37.250,1.29366,1.29371
2013.03.21 00:19:37.973,1.29367,1.29371
2013.03.21 00:19:40.556,1.29367,1.2937
2013.03.21 00:19:45.399,1.29367,1.2937
2013.03.21 00:19:45.520,1.29366,1.2937
2013.03.21 00:19:46.101,1.29366,1.2937
2013.03.21 00:19:46.761,1.29366,1.2937
2013.03.21 00:19:47.620,1.29368,1.2937
2013.03.21 00:19:47.740,1.29368,1.29373
2013.03.21 00:19:48.041,1.29368,1.29373
2013.03.21 00:19:48.969,1.29368,1.29374
2013.03.21 00:19:49.531,1.29368,1.29374
2013.03.21 00:19:50.199,1.29368,1.29374
2013.03.21 00:19:54.749,1.29368,1.29374
2013.03.21 00:19:56.299,1.29368,1.29373
2013.03.21 00:19:56.894,1.29368,1.29372
2013.03.21 00:19:58.840,1.29367,1.2937
2013.03.21 00:20:00.449,1.29367,1.2937
2013.03.21 00:20:01.580,1.29366,1.2937
2013.03.21 00:20:02.090,1.29366,1.2937
2013.03.21 00:20:03.340,1.29367,1.2937
2013.03.21 00:20:03.464,1.29369,1.29373
2013.03.21 00:20:03.769,1.2937,1.29374
2013.03.21 00:20:04.309,1.2937,1.29374
2013.03.21 00:20:04.814,1.2937,1.29374
2013.03.21 00:20:07.552,1.2937,1.29373
2013.03.21 00:20:07.859,1.29366,1.2937
2013.03.21 00:20:08.101,1.29366,1.2937
2013.03.21 00:20:08.520,1.29366,1.2937
2013.03.21 00:20:10.231,1.29368,1.29371
2013.03.21 00:20:10.589,1.2937,1.29375
2013.03.21 00:20:11.158,1.29371,1.29375
2013.03.21 00:20:12.820,1.29369,1.29374
2013.03.21 00:20:12.880,1.29367,1.29371
2013.03.21 00:20:13.240,1.29365,1.2937
2013.03.21 00:20:13.420,1.29365,1.29369
2013.03.21 00:20:13.730,1.29362,1.29365
2013.03.21 00:20:13.911,1.2936,1.29364
2013.03.21 00:20:14.029,1.29359,1.29364
2013.03.21 00:20:14.569,1.29358,1.29364
2013.03.21 00:20:15.071,1.29359,1.29365
2013.03.21 00:20:18.741,1.29363,1.29365
2013.03.21 00:20:19.571,1.2936,1.29365
2013.03.21 00:20:20.111,1.2936,1.29365
2013.03.21 00:20:20.649,1.2936,1.29365
2013.03.21 00:20:22.201,1.2936,1.29365
2013.03.21 00:20:22.442,1.29361,1.29365
2013.03.21 00:20:22.979,1.29361,1.29365
2013.03.21 00:20:23.219,1.2936,1.29365
2013.03.21 00:20:23.794,1.2936,1.29365
2013.03.21 00:20:27.259,1.29361,1.29365
2013.03.21 00:20:29.879,1.29361,1.29365
2013.03.21 00:20:40.185,1.2936,1.29365
2013.03.21 00:20:45.901,1.2936,1.29365
2013.03.21 00:21:01.231,1.29361,1.29365
2013.03.21 00:21:03.680,1.29362,1.29366
2013.03.21 00:21:04.281,1.29362,1.29366
2013.03.21 00:21:13.390,1.29364,1.29367
2013.03.21 00:21:13.934,1.29365,1.29368
2013.03.21 00:21:15.659,1.29365,1.29368
2013.03.21 00:21:16.289,1.29365,1.29368
2013.03.21 00:21:16.790,1.29365,1.29368
2013.03.21 00:21:17.604,1.29365,1.29368
2013.03.21 00:21:18.475,1.29365,1.29368
2013.03.21 00:21:19.040,1.29365,1.29368
2013.03.21 00:21:26.570,1.29365,1.29368
2013.03.21 00:21:26.929,1.29365,1.29368
2013.03.21 00:21:32.170,1.29365,1.29368
2013.03.21 00:21:32.891,1.29364,1.2937
2013.03.21 00:21:32.961,1.29366,1.2937
2013.03.21 00:21:33.580,1.29366,1.29371
2013.03.21 00:21:35.720,1.29367,1.29372
2013.03.21 00:21:37.710,1.29369,1.29372
2013.03.21 00:21:38.601,1.29371,1.29375
2013.03.21 00:21:40.320,1.2937,1.29375
2013.03.21 00:21:43.881,1.2937,1.29375
2013.03.21 00:21:44.421,1.2937,1.29375
2013.03.21 00:21:58.700,1.2937,1.29375
2013.03.21 00:22:04.850,1.2937,1.29374
2013.03.21 00:22:28.629,1.29369,1.29374
2013.03.21 00:22:40.549,1.29369,1.29374
2013.03.21 00:22:44.209,1.29369,1.29374
2013.03.21 00:22:46.939,1.29368,1.29374
2013.03.21 00:22:47.421,1.29368,1.29372
2013.03.21 00:22:49.573,1.29367,1.29372
2013.03.21 00:22:51.599,1.29367,1.29372
2013.03.21 00:22:53.042,1.2937,1.29372
2013.03.21 00:22:53.835,1.29368,1.29372
2013.03.21 00:22:54.380,1.29368,1.29373
2013.03.21 00:23:19.651,1.29368,1.29374
2013.03.21 00:23:20.199,1.29369,1.29375
2013.03.21 00:23:22.330,1.29368,1.29371
2013.03.21 00:23:22.390,1.29367,1.2937
2013.03.21 00:23:22.810,1.29365,1.29368
2013.03.21 00:23:24.940,1.29365,1.29368
2013.03.21 00:23:31.560,1.29365,1.29367
2013.03.21 00:23:33.110,1.29365,1.29367
2013.03.21 00:23:40.170,1.29364,1.29367
2013.03.21 00:23:40.701,1.29364,1.29367
2013.03.21 00:23:40.940,1.29361,1.29365
2013.03.21 00:23:41.479,1.29361,1.29365
2013.03.21 00:23:44.529,1.29361,1.29366
2013.03.21 00:23:51.951,1.29361,1.29365
2013.03.21 00:23:52.491,1.29361,1.29365
2013.03.21 00:23:54.741,1.29361,1.29365
2013.03.21 00:23:54.941,1.29361,1.29366
2013.03.21 00:23:55.182,1.29365,1.29369
2013.03.21 00:23:55.362,1.29366,1.29372
2013.03.21 00:23:55.491,1.29369,1.29374
2013.03.21 00:23:55.912,1.2937,1.29375
2013.03.21 00:23:56.272,1.29372,1.29378
2013.03.21 00:23:56.511,1.29373,1.29378
2013.03.21 00:23:57.050,1.29373,1.29378
2013.03.21 00:23:57.781,1.29373,1.29378
2013.03.21 00:24:02.601,1.29375,1.29378
2013.03.21 00:24:04.100,1.29375,1.29378
2013.03.21 00:24:04.639,1.29375,1.29378
2013.03.21 00:24:06.119,1.29373,1.29377
2013.03.21 00:24:09.150,1.29373,1.29377
2013.03.21 00:24:09.790,1.29373,1.29378
2013.03.21 00:24:12.170,1.29373,1.29378
2013.03.21 00:24:12.351,1.2937,1.29376
2013.03.21 00:24:12.770,1.29369,1.29375
2013.03.21 00:24:12.831,1.29368,1.29375
2013.03.21 00:24:32.849,1.29368,1.29374
2013.03.21 00:24:40.559,1.29368,1.29374
2013.03.21 00:24:41.150,1.29368,1.29374
2013.03.21 00:24:41.709,1.29368,1.29374
2013.03.21 00:24:42.920,1.29369,1.29374
2013.03.21 00:24:43.160,1.2937,1.29375
2013.03.21 00:24:43.460,1.2937,1.29378
2013.03.21 00:24:43.581,1.29371,1.29379
2013.03.21 00:24:44.120,1.29373,1.29379
2013.03.21 00:24:44.420,1.29371,1.29377
2013.03.21 00:24:44.540,1.29369,1.29375
2013.03.21 00:24:44.600,1.29369,1.29375
2013.03.21 00:24:48.358,1.29369,1.29374
2013.03.21 00:24:49.510,1.29368,1.29373
2013.03.21 00:24:50.051,1.29368,1.29372
2013.03.21 00:24:55.141,1.29369,1.29373
2013.03.21 00:24:56.850,1.29368,1.29373
2013.03.21 00:25:01.800,1.29369,1.29373
2013.03.21 00:25:12.110,1.29369,1.29374
2013.03.21 00:25:15.850,1.29369,1.29374
2013.03.21 00:25:17.070,1.29369,1.29375
2013.03.21 00:25:17.610,1.29369,1.29374
2013.03.21 00:25:21.939,1.29369,1.29374
2013.03.21 00:25:24.129,1.29369,1.29374
2013.03.21 00:25:33.710,1.29369,1.29374
2013.03.21 00:25:51.183,1.29369,1.29374
2013.03.21 00:25:51.241,1.29369,1.29374
2013.03.21 00:25:51.602,1.29372,1.29375
2013.03.21 00:25:51.961,1.29373,1.29375
2013.03.21 00:25:52.263,1.29373,1.29377
2013.03.21 00:25:53.641,1.29373,1.29378
2013.03.21 00:25:53.760,1.29374,1.29379
2013.03.21 00:25:53.942,1.29375,1.29379
2013.03.21 00:25:54.001,1.29375,1.29379
2013.03.21 00:25:54.121,1.29372,1.29377
2013.03.21 00:25:54.360,1.2937,1.29375
2013.03.21 00:25:54.480,1.2937,1.29374
2013.03.21 00:25:55.020,1.29369,1.29373
2013.03.21 00:26:00.143,1.29368,1.29372
2013.03.21 00:26:07.831,1.29368,1.29373
2013.03.21 00:26:08.381,1.29368,1.29373
2013.03.21 00:26:09.381,1.29368,1.29373
2013.03.21 00:26:09.800,1.29368,1.29373
2013.03.21 00:26:10.340,1.29368,1.29373
2013.03.21 00:26:12.230,1.29368,1.29374
2013.03.21 00:26:13.950,1.29368,1.29374
2013.03.21 00:26:14.509,1.29368,1.29373
2013.03.21 00:26:17.822,1.29369,1.29374
2013.03.21 00:26:18.361,1.29368,1.29374
2013.03.21 00:26:18.920,1.29368,1.29373
2013.03.21 00:26:20.530,1.29368,1.29373
2013.03.21 00:26:21.070,1.29368,1.29374
2013.03.21 00:26:27.464,1.2937,1.29374
2013.03.21 00:26:28.010,1.2937,1.29375
2013.03.21 00:26:28.561,1.2937,1.29375
2013.03.21 00:26:32.349,1.29371,1.29375
2013.03.21 00:26:35.090,1.2937,1.29375
2013.03.21 00:26:35.891,1.2937,1.29375
2013.03.21 00:26:36.440,1.2937,1.29375
2013.03.21 00:26:37.000,1.29372,1.29375
2013.03.21 00:26:39.080,1.29372,1.29375
2013.03.21 00:26:39.620,1.29372,1.29375
2013.03.21 00:26:40.169,1.29372,1.29375
2013.03.21 00:26:43.242,1.29371,1.29375
2013.03.21 00:26:43.551,1.2937,1.29373
2013.03.21 00:26:45.360,1.29369,1.29373
2013.03.21 00:26:48.340,1.29369,1.29373
2013.03.21 00:26:58.940,1.29369,1.29373
2013.03.21 00:26:59.480,1.29369,1.29374
2013.03.21 00:27:04.989,1.29369,1.29374
2013.03.21 00:27:05.806,1.29369,1.29374
2013.03.21 00:27:27.330,1.2937,1.29374
2013.03.21 00:27:41.729,1.2937,1.29374
2013.03.21 00:28:05.106,1.29369,1.29375
2013.03.21 00:28:16.121,1.29369,1.29375
2013.03.21 00:28:25.770,1.2937,1.29375
2013.03.21 00:28:34.239,1.2937,1.29375
2013.03.21 00:28:38.680,1.2937,1.29375
2013.03.21 00:28:39.220,1.29369,1.29374
2013.03.21 00:28:43.490,1.29369,1.29374
2013.03.21 00:28:44.029,1.2937,1.29375
2013.03.21 00:28:53.543,1.29371,1.29375
2013.03.21 00:29:40.620,1.29371,1.29375
2013.03.21 00:30:14.110,1.2937,1.29375
2013.03.21 00:30:14.790,1.2937,1.29374
2013.03.21 00:30:28.639,1.29371,1.29375
2013.03.21 00:30:29.282,1.29371,1.29375
2013.03.21 00:30:37.905,1.29371,1.29375
2013.03.21 00:30:43.100,1.29371,1.29375
2013.03.21 00:30:47.690,1.29371,1.29375
2013.03.21 00:30:51.781,1.29371,1.29375
2013.03.21 00:30:56.920,1.29371,1.29375
2013.03.21 00:31:14.760,1.29371,1.29375
2013.03.21 00:31:18.690,1.29371,1.29375
2013.03.21 00:31:20.530,1.29371,1.29375
2013.03.21 00:31:21.040,1.29371,1.29375
2013.03.21 00:31:21.101,1.29369,1.29374
2013.03.21 00:31:21.161,1.29369,1.29374
2013.03.21 00:31:21.341,1.29369,1.29373
2013.03.21 00:31:21.880,1.29371,1.29375
2013.03.21 00:31:35.804,1.29372,1.29376
2013.03.21 00:31:38.760,1.29372,1.29375
2013.03.21 00:31:43.481,1.29372,1.29375
2013.03.21 00:31:55.220,1.29371,1.29375
2013.03.21 00:31:55.760,1.29371,1.29375
2013.03.21 00:32:06.631,1.29371,1.29375
2013.03.21 00:32:07.170,1.29371,1.29375
2013.03.21 00:32:07.531,1.2937,1.29375
2013.03.21 00:32:08.133,1.29371,1.29375
2013.03.21 00:32:08.832,1.29371,1.29375
2013.03.21 00:32:09.461,1.29371,1.29375
2013.03.21 00:32:09.973,1.29372,1.29375
2013.03.21 00:32:10.531,1.29371,1.29375
2013.03.21 00:32:13.341,1.29371,1.29375
2013.03.21 00:32:13.462,1.29371,1.29375
2013.03.21 00:32:15.980,1.29371,1.29375
2013.03.21 00:32:24.361,1.29371,1.29375
2013.03.21 00:32:27.050,1.29371,1.29375
2013.03.21 00:32:35.878,1.29371,1.29375
2013.03.21 00:32:38.180,1.2937,1.29374
2013.03.21 00:32:51.770,1.2937,1.29374
2013.03.21 00:33:01.651,1.29371,1.29375
2013.03.21 00:33:01.831,1.29371,1.29376
2013.03.21 00:33:02.370,1.29371,1.29375
2013.03.21 00:33:12.912,1.29372,1.29375
2013.03.21 00:33:13.450,1.2937,1.29375
2013.03.21 00:33:14.262,1.2937,1.29375
2013.03.21 00:33:21.400,1.29369,1.29373
2013.03.21 00:33:21.940,1.29369,1.29374
2013.03.21 00:33:27.861,1.29369,1.29374
2013.03.21 00:33:28.372,1.29369,1.29373
2013.03.21 00:33:35.349,1.29369,1.29374
2013.03.21 00:33:48.710,1.29369,1.29375
2013.03.21 00:33:49.424,1.29369,1.29375
2013.03.21 00:33:54.790,1.2937,1.29375
2013.03.21 00:33:55.790,1.2937,1.29375
2013.03.21 00:34:23.031,1.29369,1.29374
2013.03.21 00:34:47.140,1.2937,1.29374
2013.03.21 00:34:47.560,1.29369,1.29373
2013.03.21 00:34:52.760,1.2937,1.29374
2013.03.21 00:34:53.310,1.2937,1.29375
2013.03.21 00:35:00.824,1.2937,1.29375
2013.03.21 00:35:07.091,1.2937,1.29375
2013.03.21 00:35:08.400,1.2937,1.29375
2013.03.21 00:35:17.287,1.29369,1.29375
2013.03.21 00:35:51.870,1.2937,1.29375
2013.03.21 00:35:52.505,1.2937,1.29375
2013.03.21 00:36:04.751,1.29369,1.29373
2013.03.21 00:36:10.401,1.2937,1.29374
2013.03.21 00:36:10.641,1.2937,1.29374
2013.03.21 00:36:10.761,1.2937,1.29375
2013.03.21 00:36:11.300,1.2937,1.29375
2013.03.21 00:36:11.850,1.29369,1.29373
2013.03.21 00:36:12.565,1.29369,1.29373
2013.03.21 00:36:15.850,1.29369,1.29374
2013.03.21 00:36:16.461,1.29369,1.29374
2013.03.21 00:36:17.639,1.29369,1.29374
2013.03.21 00:36:20.892,1.29369,1.29372
2013.03.21 00:36:21.072,1.29368,1.29372
2013.03.21 00:36:21.750,1.29367,1.29371
2013.03.21 00:36:21.827,1.29366,1.2937
2013.03.21 00:36:22.331,1.29365,1.2937
2013.03.21 00:36:22.890,1.29364,1.29369
2013.03.21 00:36:36.284,1.29362,1.29366
2013.03.21 00:36:54.571,1.29362,1.29366
2013.03.21 00:36:54.752,1.29364,1.29368
2013.03.21 00:36:54.992,1.29367,1.29371
2013.03.21 00:36:55.051,1.29367,1.29372
2013.03.21 00:36:55.590,1.29368,1.29373
2013.03.21 00:36:55.772,1.29369,1.29375
2013.03.21 00:36:56.310,1.29369,1.29373
2013.03.21 00:36:56.861,1.29369,1.29373
2013.03.21 00:36:59.652,1.29369,1.29373
2013.03.21 00:37:00.010,1.29367,1.29374
2013.03.21 00:37:00.191,1.29367,1.29373
2013.03.21 00:37:00.941,1.29367,1.29372
2013.03.21 00:37:01.695,1.29367,1.29372
2013.03.21 00:37:01.891,1.29366,1.29371
2013.03.21 00:37:02.431,1.29366,1.29372
2013.03.21 00:37:03.036,1.29366,1.29372
2013.03.21 00:37:06.864,1.29367,1.2937
2013.03.21 00:37:11.152,1.29366,1.29372
2013.03.21 00:37:12.210,1.29367,1.29373
2013.03.21 00:37:12.992,1.29367,1.29373
2013.03.21 00:37:41.800,1.29369,1.29374
2013.03.21 00:37:42.161,1.29369,1.29375
2013.03.21 00:37:53.691,1.29371,1.29375
2013.03.21 00:38:01.912,1.29371,1.29375
2013.03.21 00:38:03.971,1.2937,1.29375
2013.03.21 00:38:06.431,1.2937,1.29375
2013.03.21 00:38:08.660,1.2937,1.29375
2013.03.21 00:38:10.291,1.29369,1.29375
2013.03.21 00:38:15.921,1.2937,1.29374
2013.03.21 00:38:17.371,1.2937,1.29376
2013.03.21 00:38:17.682,1.29371,1.29377
2013.03.21 00:38:17.863,1.29373,1.29378
2013.03.21 00:38:19.661,1.29373,1.29379
2013.03.21 00:38:20.201,1.29372,1.29377
2013.03.21 00:38:21.331,1.29373,1.29377
2013.03.21 00:38:22.301,1.29372,1.29377
2013.03.21 00:38:23.393,1.29371,1.29376
2013.03.21 00:38:23.631,1.29371,1.29375
2013.03.21 00:38:24.190,1.2937,1.29374
2013.03.21 00:38:25.251,1.2937,1.29375
2013.03.21 00:38:25.816,1.29369,1.29375
2013.03.21 00:38:26.361,1.2937,1.29375
2013.03.21 00:38:27.371,1.29369,1.29374
2013.03.21 00:38:27.911,1.29369,1.29375
2013.03.21 00:38:28.151,1.29368,1.29375
2013.03.21 00:38:29.101,1.29368,1.29373
2013.03.21 00:38:29.641,1.29368,1.29374
2013.03.21 00:38:30.115,1.29368,1.29371
2013.03.21 00:38:30.245,1.29366,1.29369
2013.03.21 00:38:30.552,1.29362,1.29367
2013.03.21 00:38:30.791,1.29362,1.29367
2013.03.21 00:38:31.292,1.29363,1.29367
2013.03.21 00:38:33.831,1.29363,1.29368
2013.03.21 00:38:34.371,1.29364,1.29368
2013.03.21 00:38:34.611,1.29364,1.29368
2013.03.21 00:38:35.271,1.29363,1.29368
2013.03.21 00:38:36.540,1.29364,1.29368
2013.03.21 00:38:36.962,1.29366,1.29369
2013.03.21 00:38:37.491,1.29365,1.2937
2013.03.21 00:38:38.031,1.29364,1.29369
2013.03.21 00:38:38.601,1.29364,1.29368
2013.03.21 00:38:38.912,1.29364,1.29367
2013.03.21 00:38:39.332,1.2936,1.29365
2013.03.21 00:38:39.880,1.2936,1.29366
2013.03.21 00:38:42.222,1.2936,1.29366
2013.03.21 00:38:43.021,1.29361,1.29367
2013.03.21 00:38:44.632,1.29361,1.29367
2013.03.21 00:38:45.160,1.29361,1.29367
2013.03.21 00:38:47.131,1.29362,1.29367
2013.03.21 00:38:48.823,1.29363,1.29368
2013.03.21 00:38:49.405,1.29364,1.29368
2013.03.21 00:38:49.960,1.29364,1.29368
2013.03.21 00:38:52.441,1.29364,1.29369
2013.03.21 00:38:53.002,1.29363,1.29368
2013.03.21 00:38:55.779,1.29364,1.29368
2013.03.21 00:38:58.722,1.29364,1.29368
2013.03.21 00:39:03.511,1.29363,1.29367
2013.03.21 00:39:04.060,1.29362,1.29367
2013.03.21 00:39:04.980,1.29362,1.29367
2013.03.21 00:39:07.150,1.29362,1.29367
2013.03.21 00:39:08.561,1.29363,1.29366
2013.03.21 00:39:09.101,1.29362,1.29366
2013.03.21 00:39:11.260,1.29361,1.29366
2013.03.21 00:39:11.865,1.29361,1.29365
2013.03.21 00:39:11.975,1.2936,1.29364
2013.03.21 00:39:12.545,1.29357,1.29361
2013.03.21 00:39:14.741,1.29357,1.2936
2013.03.21 00:39:24.361,1.29358,1.29362
2013.03.21 00:39:25.522,1.29358,1.29363
2013.03.21 00:39:26.452,1.29358,1.29362
2013.03.21 00:39:26.991,1.29357,1.29362
2013.03.21 00:39:30.980,1.29357,1.29362
2013.03.21 00:39:33.514,1.29357,1.29362
2013.03.21 00:39:34.283,1.29357,1.29362
2013.03.21 00:39:35.314,1.29357,1.29362
2013.03.21 00:39:36.165,1.29357,1.29362
2013.03.21 00:39:37.263,1.2936,1.29363
2013.03.21 00:39:37.382,1.2936,1.29364
2013.03.21 00:39:37.921,1.29361,1.29364
2013.03.21 00:39:41.071,1.2936,1.29364
2013.03.21 00:39:41.252,1.29358,1.29364
2013.03.21 00:39:41.372,1.29358,1.29364
2013.03.21 00:39:44.511,1.29358,1.29362
2013.03.21 00:39:50.580,1.29357,1.29362
2013.03.21 00:39:54.301,1.29357,1.29362
2013.03.21 00:39:56.771,1.29357,1.29361
2013.03.21 00:39:57.372,1.29357,1.29361
2013.03.21 00:39:58.753,1.29357,1.29361
2013.03.21 00:40:00.221,1.29357,1.29361
2013.03.21 00:40:00.761,1.29357,1.29361
2013.03.21 00:40:01.361,1.29356,1.29361
2013.03.21 00:40:02.101,1.29356,1.29361
2013.03.21 00:40:02.732,1.29356,1.2936
2013.03.21 00:40:04.061,1.29355,1.2936
2013.03.21 00:40:04.482,1.29354,1.29358
2013.03.21 00:40:04.904,1.2935,1.29355
2013.03.21 00:40:04.974,1.2935,1.29354
2013.03.21 00:40:05.522,1.2935,1.29355
2013.03.21 00:40:06.431,1.2935,1.29355
2013.03.21 00:40:06.971,1.2935,1.29355
2013.03.21 00:40:08.750,1.2935,1.29355
2013.03.21 00:40:09.251,1.29352,1.29357
2013.03.21 00:40:09.371,1.29355,1.29359
2013.03.21 00:40:09.671,1.29356,1.2936
2013.03.21 00:40:10.300,1.29358,1.29362
2013.03.21 00:40:10.842,1.29359,1.29363
2013.03.21 00:40:11.381,1.29358,1.29363
2013.03.21 00:40:12.632,1.29359,1.29364
2013.03.21 00:40:14.841,1.29359,1.29364
2013.03.21 00:40:18.491,1.2936,1.29365
2013.03.21 00:40:19.971,1.2936,1.29365
2013.03.21 00:40:20.091,1.29361,1.29366
2013.03.21 00:40:20.331,1.29363,1.29367
2013.03.21 00:40:20.861,1.29363,1.29367
2013.03.21 00:40:23.032,1.29363,1.29367
2013.03.21 00:40:23.932,1.29365,1.29367
2013.03.21 00:40:23.991,1.29365,1.29367
2013.03.21 00:40:24.291,1.29365,1.29369
2013.03.21 00:40:24.412,1.29366,1.29372
2013.03.21 00:40:24.651,1.29367,1.29372
2013.03.21 00:40:25.233,1.29364,1.29369
2013.03.21 00:40:25.858,1.29364,1.29369
2013.03.21 00:40:27.402,1.29365,1.29369
2013.03.21 00:40:27.764,1.29365,1.2937
2013.03.21 00:40:34.352,1.29365,1.29369
2013.03.21 00:40:34.653,1.29362,1.29366
2013.03.21 00:40:34.844,1.29362,1.29366
2013.03.21 00:40:34.963,1.29362,1.29365
2013.03.21 00:40:35.321,1.2936,1.29364
2013.03.21 00:40:35.501,1.2936,1.29363
2013.03.21 00:40:36.045,1.29359,1.29362
2013.03.21 00:40:38.481,1.29359,1.29362
2013.03.21 00:40:39.022,1.29357,1.29361
2013.03.21 00:40:39.082,1.29356,1.29361
2013.03.21 00:40:39.441,1.29355,1.2936
2013.03.21 00:40:39.981,1.29354,1.2936
2013.03.21 00:40:41.781,1.29352,1.29356
2013.03.21 00:40:42.571,1.29353,1.29358
2013.03.21 00:40:53.001,1.29352,1.29356
2013.03.21 00:40:53.541,1.29352,1.29357
2013.03.21 00:40:55.363,1.29353,1.29357
2013.03.21 00:40:56.851,1.29353,1.29357
2013.03.21 00:41:09.101,1.29353,1.29356
2013.03.21 00:41:09.641,1.29353,1.29355
2013.03.21 00:41:12.603,1.29353,1.29355
2013.03.21 00:41:14.123,1.29353,1.29355
2013.03.21 00:41:17.171,1.29353,1.29355
2013.03.21 00:41:17.421,1.29353,1.29356
2013.03.21 00:41:19.882,1.29353,1.29356
2013.03.21 00:41:20.422,1.29353,1.29357
2013.03.21 00:41:24.911,1.29352,1.29356
2013.03.21 00:41:28.692,1.29352,1.29356
2013.03.21 00:41:29.931,1.29352,1.29356
2013.03.21 00:41:34.840,1.29351,1.29356
2013.03.21 00:41:38.182,1.29351,1.29356
2013.03.21 00:41:39.351,1.29351,1.29356
2013.03.21 00:41:41.182,1.29351,1.29356
2013.03.21 00:41:46.149,1.29351,1.29356
2013.03.21 00:41:46.672,1.29351,1.29356
2013.03.21 00:41:51.081,1.29352,1.29356
2013.03.21 00:42:04.452,1.29351,1.29356
2013.03.21 00:42:04.992,1.29351,1.29356
2013.03.21 00:42:05.592,1.29351,1.29356
2013.03.21 00:42:08.274,1.29351,1.29356
2013.03.21 00:42:09.042,1.29351,1.29356
2013.03.21 00:42:09.606,1.29351,1.29356
2013.03.21 00:42:12.772,1.29351,1.29356
2013.03.21 00:42:20.101,1.29351,1.29356
2013.03.21 00:42:36.472,1.2935,1.29355
2013.03.21 00:42:36.594,1.29349,1.29355
2013.03.21 00:42:36.662,1.29348,1.29355
2013.03.21 00:42:37.222,1.29348,1.29353
2013.03.21 00:42:39.372,1.29348,1.29353
2013.03.21 00:42:39.911,1.29348,1.29354
2013.03.21 00:42:40.563,1.29349,1.29354
2013.03.21 00:42:41.497,1.29348,1.29355
2013.03.21 00:42:43.273,1.29348,1.29354
2013.03.21 00:42:59.821,1.2935,1.29355
2013.03.21 00:43:00.772,1.29351,1.29356
2013.03.21 00:43:01.012,1.29352,1.29357
2013.03.21 00:43:01.256,1.29355,1.29359
2013.03.21 00:43:02.166,1.29356,1.29362
2013.03.21 00:43:02.747,1.29356,1.29362
2013.03.21 00:43:03.822,1.29356,1.29362
2013.03.21 00:43:15.323,1.29355,1.29362
2013.03.21 00:43:16.102,1.29356,1.29362
2013.03.21 00:43:16.622,1.29357,1.29362
2013.03.21 00:43:20.562,1.29357,1.29362
2013.03.21 00:43:30.952,1.29356,1.29362
2013.03.21 00:43:34.492,1.29356,1.29361
2013.03.21 00:43:35.413,1.29356,1.29361
2013.03.21 00:43:42.568,1.29356,1.29359
2013.03.21 00:43:43.331,1.29354,1.29357
2013.03.21 00:43:43.409,1.29352,1.29354
2013.03.21 00:43:45.073,1.2935,1.29354
2013.03.21 00:43:45.612,1.29347,1.2935
2013.03.21 00:43:46.142,1.29347,1.2935
2013.03.21 00:43:47.025,1.29348,1.2935
2013.03.21 00:43:47.513,1.29349,1.29353
2013.03.21 00:43:52.637,1.2935,1.29354
2013.03.21 00:43:53.794,1.2935,1.29355
2013.03.21 00:44:06.574,1.2935,1.29354
2013.03.21 00:44:07.280,1.2935,1.29353
2013.03.21 00:44:10.303,1.2935,1.29353
2013.03.21 00:44:11.963,1.29349,1.29352
2013.03.21 00:44:31.764,1.29348,1.29352
2013.03.21 00:44:34.723,1.29348,1.29353
2013.03.21 00:44:35.322,1.29349,1.29352
2013.03.21 00:44:40.133,1.29348,1.29352
2013.03.21 00:44:43.773,1.29347,1.29351
2013.03.21 00:44:44.567,1.29348,1.29351
2013.03.21 00:44:44.963,1.29347,1.29351
2013.03.21 00:44:45.322,1.29347,1.2935
2013.03.21 00:44:45.952,1.29347,1.29351
2013.03.21 00:44:49.156,1.29347,1.29351
2013.03.21 00:44:49.693,1.29347,1.29351
2013.03.21 00:44:50.354,1.29347,1.29351
2013.03.21 00:44:51.203,1.29347,1.29351
2013.03.21 00:44:51.742,1.29348,1.29353
2013.03.21 00:44:52.283,1.29348,1.29352
2013.03.21 00:44:57.023,1.2935,1.29353
2013.03.21 00:44:57.143,1.2935,1.29354
2013.03.21 00:44:57.324,1.29352,1.29355
2013.03.21 00:44:57.864,1.29355,1.29359
2013.03.21 00:44:58.165,1.29356,1.29361
2013.03.21 00:44:58.705,1.29356,1.2936
2013.03.21 00:44:59.063,1.29357,1.29361
2013.03.21 00:44:59.568,1.29358,1.29363
2013.03.21 00:44:59.983,1.29358,1.29363
2013.03.21 00:45:00.544,1.29357,1.29362
2013.03.21 00:45:01.083,1.29358,1.29362
2013.03.21 00:45:04.204,1.29357,1.29359
2013.03.21 00:45:04.508,1.29356,1.29358
2013.03.21 00:45:04.634,1.29355,1.29358
2013.03.21 00:45:05.265,1.29353,1.29359
2013.03.21 00:45:05.333,1.29352,1.29359
2013.03.21 00:45:05.452,1.29352,1.29358
2013.03.21 00:45:06.292,1.29352,1.29357
2013.03.21 00:45:06.833,1.29351,1.29356
2013.03.21 00:45:07.323,1.29349,1.29354
2013.03.21 00:45:21.194,1.2935,1.29354
2013.03.21 00:45:24.474,1.2935,1.29354
2013.03.21 00:45:27.151,1.2935,1.29354
2013.03.21 00:45:28.193,1.2935,1.29354
2013.03.21 00:45:32.115,1.2935,1.29354
2013.03.21 00:45:33.024,1.2935,1.29354
2013.03.21 00:45:33.773,1.2935,1.29354
2013.03.21 00:45:34.074,1.29347,1.2935
2013.03.21 00:45:34.378,1.29345,1.2935
2013.03.21 00:45:34.684,1.29345,1.29349
2013.03.21 00:45:34.863,1.29341,1.29346
2013.03.21 00:45:34.984,1.29342,1.29348
2013.03.21 00:45:35.165,1.2934,1.29344
2013.03.21 00:45:35.702,1.2934,1.29344
2013.03.21 00:45:36.123,1.2934,1.29344
2013.03.21 00:45:36.663,1.2934,1.29342
2013.03.21 00:45:36.724,1.29335,1.2934
2013.03.21 00:45:37.202,1.29336,1.2934
2013.03.21 00:45:37.744,1.29336,1.29341
2013.03.21 00:45:38.453,1.29336,1.29341
2013.03.21 00:45:39.914,1.29337,1.29341
2013.03.21 00:45:41.873,1.29338,1.29341
2013.03.21 00:45:42.363,1.29338,1.29342
2013.03.21 00:45:43.314,1.29338,1.29341
2013.03.21 00:45:43.984,1.29336,1.29341
2013.03.21 00:45:44.965,1.29339,1.29343
2013.03.21 00:45:45.203,1.2934,1.29346
2013.03.21 00:45:45.814,1.29341,1.29347
2013.03.21 00:45:46.323,1.29341,1.29347
2013.03.21 00:45:46.863,1.2934,1.29346
2013.03.21 00:45:47.367,1.2934,1.29344
2013.03.21 00:45:47.675,1.2934,1.29344
2013.03.21 00:45:47.913,1.2934,1.29345
2013.03.21 00:45:48.094,1.29338,1.29342
2013.03.21 00:45:48.274,1.2934,1.29345
2013.03.21 00:45:48.514,1.29339,1.29342
2013.03.21 00:45:48.634,1.29339,1.29341
2013.03.21 00:45:48.703,1.29337,1.2934
2013.03.21 00:45:49.244,1.29337,1.29341
2013.03.21 00:45:49.814,1.29337,1.29341
2013.03.21 00:45:51.854,1.29337,1.29341
2013.03.21 00:45:52.974,1.29337,1.29341
2013.03.21 00:45:53.037,1.29339,1.29344
2013.03.21 00:45:53.585,1.29337,1.29343
2013.03.21 00:45:53.654,1.29338,1.29343
2013.03.21 00:45:53.953,1.2934,1.29343
2013.03.21 00:45:54.078,1.2934,1.29344
2013.03.21 00:45:54.583,1.29341,1.29345
2013.03.21 00:45:55.127,1.29341,1.29346
2013.03.21 00:45:56.303,1.29341,1.29346
2013.03.21 00:45:57.302,1.29342,1.29347
2013.03.21 00:45:57.842,1.29342,1.29347
2013.03.21 00:45:58.443,1.29342,1.29347
2013.03.21 00:45:59.153,1.29342,1.29346
2013.03.21 00:45:59.673,1.29341,1.29345
2013.03.21 00:46:00.263,1.29341,1.29345
2013.03.21 00:46:01.363,1.29341,1.29345
2013.03.21 00:46:01.962,1.2934,1.29345
2013.03.21 00:46:02.023,1.2934,1.29345
2013.03.21 00:46:02.503,1.29339,1.29344
2013.03.21 00:46:03.043,1.2934,1.29344
2013.03.21 00:46:03.584,1.2934,1.29344
2013.03.21 00:46:04.124,1.2934,1.29344
2013.03.21 00:46:04.642,1.29339,1.29344
2013.03.21 00:46:05.143,1.2934,1.29344
2013.03.21 00:46:08.604,1.29341,1.29344
2013.03.21 00:46:09.083,1.29341,1.29347
2013.03.21 00:46:09.732,1.29341,1.29346
2013.03.21 00:46:09.974,1.29341,1.29345
2013.03.21 00:46:11.829,1.29341,1.29345
2013.03.21 00:46:12.374,1.29342,1.29346
2013.03.21 00:46:15.123,1.29342,1.29346
2013.03.21 00:46:18.603,1.29341,1.29345
2013.03.21 00:46:19.143,1.2934,1.29345
2013.03.21 00:46:19.693,1.29339,1.29345
2013.03.21 00:46:20.664,1.29339,1.29344
2013.03.21 00:46:20.784,1.29337,1.29344
2013.03.21 00:46:21.334,1.29337,1.29342
2013.03.21 00:46:22.133,1.29336,1.2934
2013.03.21 00:46:25.786,1.29335,1.2934
2013.03.21 00:46:26.155,1.2933,1.29339
2013.03.21 00:46:26.453,1.29332,1.29336
2013.03.21 00:46:26.964,1.29332,1.29336
2013.03.21 00:46:27.524,1.29334,1.29337
2013.03.21 00:46:27.883,1.29335,1.29339
2013.03.21 00:46:28.064,1.29336,1.29339
2013.03.21 00:46:28.603,1.29335,1.29338
2013.03.21 00:46:29.630,1.29335,1.29338
2013.03.21 00:46:30.173,1.29335,1.29338
2013.03.21 00:46:30.473,1.29338,1.29341
2013.03.21 00:46:30.593,1.29338,1.29341
2013.03.21 00:46:30.654,1.29338,1.29343
2013.03.21 00:46:30.894,1.29339,1.29344
2013.03.21 00:46:30.953,1.29339,1.29345
2013.03.21 00:46:31.553,1.29339,1.29345
2013.03.21 00:46:40.453,1.29339,1.29344
2013.03.21 00:46:41.050,1.29339,1.29344
2013.03.21 00:46:41.603,1.29339,1.29344
2013.03.21 00:46:44.734,1.29339,1.29344
2013.03.21 00:46:52.263,1.29339,1.29345
2013.03.21 00:46:54.754,1.29339,1.29345
2013.03.21 00:46:58.073,1.2934,1.29345
2013.03.21 00:47:00.414,1.2934,1.29345
2013.03.21 00:47:03.184,1.2934,1.29345
2013.03.21 00:47:09.583,1.2934,1.29345
2013.03.21 00:47:10.814,1.2934,1.29345
2013.03.21 00:47:11.536,1.2934,1.29345
2013.03.21 00:47:12.324,1.2934,1.29345
2013.03.21 00:47:26.846,1.2934,1.29344
2013.03.21 00:47:27.214,1.29339,1.29344
2013.03.21 00:47:27.514,1.29339,1.29345
2013.03.21 00:47:27.764,1.29339,1.29345
2013.03.21 00:47:28.304,1.29339,1.29345
2013.03.21 00:47:29.010,1.29339,1.29344
2013.03.21 00:47:30.193,1.29339,1.29344
2013.03.21 00:47:31.152,1.29339,1.29344
2013.03.21 00:47:32.812,1.29339,1.29344
2013.03.21 00:47:45.323,1.29339,1.29345
2013.03.21 00:47:51.703,1.29339,1.29345
2013.03.21 00:47:52.442,1.29339,1.29345
2013.03.21 00:47:54.706,1.29339,1.29345
2013.03.21 00:47:58.493,1.29339,1.29345
2013.03.21 00:47:59.117,1.29339,1.29345
2013.03.21 00:47:59.424,1.29339,1.29343
2013.03.21 00:47:59.604,1.29337,1.29342
2013.03.21 00:47:59.663,1.29337,1.29342
2013.03.21 00:47:59.724,1.29337,1.29342
2013.03.21 00:48:04.593,1.29336,1.2934
2013.03.21 00:48:05.144,1.29336,1.2934
2013.03.21 00:48:05.704,1.29336,1.2934
2013.03.21 00:48:09.333,1.29337,1.2934
2013.03.21 00:48:10.473,1.29336,1.2934
2013.03.21 00:48:12.563,1.29336,1.2934
2013.03.21 00:48:14.254,1.29336,1.2934
2013.03.21 00:48:20.585,1.29335,1.29339
2013.03.21 00:48:26.553,1.29336,1.2934
2013.03.21 00:48:26.913,1.29339,1.29343
2013.03.21 00:48:26.973,1.2934,1.29344
2013.03.21 00:48:27.514,1.29339,1.29345
2013.03.21 00:48:28.062,1.29339,1.29345
2013.03.21 00:48:28.883,1.29339,1.29344
2013.03.21 00:48:30.386,1.29339,1.29343
2013.03.21 00:48:30.633,1.29337,1.29342
2013.03.21 00:48:36.459,1.29338,1.29342
2013.03.21 00:48:36.764,1.29342,1.29345
2013.03.21 00:48:37.303,1.29341,1.29345
2013.03.21 00:48:38.304,1.29342,1.29347
2013.03.21 00:48:38.544,1.29339,1.29345
2013.03.21 00:48:39.763,1.29338,1.29342
2013.03.21 00:48:40.312,1.29337,1.29342
2013.03.21 00:48:42.212,1.29337,1.29342
2013.03.21 00:48:43.851,1.29337,1.29343
2013.03.21 00:48:46.483,1.29337,1.29343
2013.03.21 00:48:48.123,1.29337,1.2934
2013.03.21 00:48:49.213,1.29336,1.29341
2013.03.21 00:48:49.573,1.29337,1.29343
2013.03.21 00:48:49.994,1.29337,1.29344
2013.03.21 00:48:50.114,1.29337,1.29342
2013.03.21 00:48:50.673,1.29336,1.29342
2013.03.21 00:48:51.279,1.29337,1.29341
2013.03.21 00:48:53.053,1.2934,1.29343
2013.03.21 00:48:53.233,1.2934,1.29343
2013.03.21 00:48:53.919,1.2934,1.29344
2013.03.21 00:48:54.565,1.29339,1.29344
2013.03.21 00:49:00.522,1.29339,1.29345
2013.03.21 00:49:01.290,1.29339,1.29345
2013.03.21 00:49:02.013,1.29338,1.29345
2013.03.21 00:49:02.193,1.29338,1.29344
2013.03.21 00:49:02.733,1.29337,1.29344
2013.03.21 00:49:07.203,1.29337,1.29342
2013.03.21 00:49:07.712,1.29337,1.29342
2013.03.21 00:49:08.335,1.29335,1.2934
2013.03.21 00:49:11.196,1.29334,1.29338
2013.03.21 00:49:11.377,1.29333,1.29337
2013.03.21 00:49:12.002,1.29332,1.29336
2013.03.21 00:49:12.604,1.29332,1.29336
2013.03.21 00:49:14.213,1.29332,1.29336
2013.03.21 00:49:14.862,1.29333,1.29336
2013.03.21 00:49:19.280,1.29333,1.29338
2013.03.21 00:49:21.843,1.29332,1.29338
2013.03.21 00:49:22.363,1.29334,1.29338
2013.03.21 00:49:25.723,1.29334,1.29338
2013.03.21 00:49:28.581,1.29334,1.29338
2013.03.21 00:49:29.123,1.29332,1.29338
2013.03.21 00:49:34.123,1.29332,1.29337
2013.03.21 00:49:36.562,1.29332,1.29337
2013.03.21 00:49:37.073,1.29332,1.29337
2013.03.21 00:49:52.943,1.29333,1.29337
2013.03.21 00:49:55.023,1.29332,1.29337
2013.03.21 00:49:57.542,1.29333,1.29337
2013.03.21 00:50:03.372,1.29334,1.29338
2013.03.21 00:50:05.123,1.29335,1.29338
2013.03.21 00:50:09.173,1.29335,1.29338
2013.03.21 00:50:12.514,1.29335,1.29338
2013.03.21 00:50:29.523,1.29335,1.29339
2013.03.21 00:50:33.615,1.29336,1.29339
2013.03.21 00:50:34.323,1.29337,1.29339
2013.03.21 00:50:34.404,1.29337,1.2934
2013.03.21 00:50:35.125,1.29337,1.29342
2013.03.21 00:50:40.334,1.29338,1.29342
2013.03.21 00:50:41.313,1.29339,1.29343
2013.03.21 00:50:42.844,1.29342,1.29347
2013.03.21 00:50:43.502,1.29342,1.29346
2013.03.21 00:50:45.774,1.29342,1.29346
2013.03.21 00:50:46.402,1.29342,1.29346
2013.03.21 00:50:52.274,1.29342,1.29346
2013.03.21 00:50:52.333,1.29343,1.29347
2013.03.21 00:50:52.452,1.29343,1.29347
2013.03.21 00:50:53.003,1.29344,1.29348
2013.03.21 00:50:58.733,1.29342,1.29347
2013.03.21 00:50:59.284,1.29342,1.29347
2013.03.21 00:51:06.313,1.29342,1.29346
2013.03.21 00:51:09.967,1.29342,1.29347
2013.03.21 00:51:10.313,1.29345,1.29348
2013.03.21 00:51:10.691,1.29347,1.29349
2013.03.21 00:51:10.955,1.2935,1.29352
2013.03.21 00:51:11.014,1.29349,1.29355
2013.03.21 00:51:11.493,1.29348,1.29354
2013.03.21 00:51:12.034,1.29348,1.29354
2013.03.21 00:51:12.813,1.29347,1.29352
2013.03.21 00:51:13.804,1.29346,1.29352
2013.03.21 00:51:16.663,1.29346,1.29352
2013.03.21 00:51:19.687,1.29347,1.29352
2013.03.21 00:51:19.874,1.29348,1.29354
2013.03.21 00:51:20.803,1.29348,1.29354
2013.03.21 00:51:22.023,1.29346,1.29349
2013.03.21 00:51:22.444,1.29346,1.2935
2013.03.21 00:51:22.505,1.29346,1.2935
2013.03.21 00:51:22.625,1.29348,1.29353
2013.03.21 00:51:23.334,1.29348,1.29353
2013.03.21 00:51:25.245,1.2935,1.29354
2013.03.21 00:51:25.798,1.29349,1.29355
2013.03.21 00:51:28.784,1.29349,1.29354
2013.03.21 00:51:28.847,1.29349,1.2935
2013.03.21 00:51:29.155,1.29345,1.29347
2013.03.21 00:51:29.693,1.29342,1.29345
2013.03.21 00:51:35.494,1.29341,1.29345
2013.03.21 00:51:40.173,1.29341,1.29346
2013.03.21 00:51:41.123,1.29341,1.29346
2013.03.21 00:51:44.532,1.29342,1.29346
2013.03.21 00:51:49.904,1.29344,1.29348
2013.03.21 00:51:53.152,1.29344,1.29348
2013.03.21 00:51:54.552,1.29344,1.29348
2013.03.21 00:52:00.324,1.29344,1.29348
2013.03.21 00:52:02.153,1.29343,1.29347
2013.03.21 00:52:02.274,1.29343,1.29347
2013.03.21 00:52:02.335,1.29345,1.29347
2013.03.21 00:52:02.634,1.29346,1.29352
2013.03.21 00:52:02.695,1.29348,1.29354
2013.03.21 00:52:02.755,1.29348,1.29354
2013.03.21 00:52:03.283,1.29348,1.29354
2013.03.21 00:52:03.954,1.29348,1.29354
2013.03.21 00:52:04.455,1.29348,1.29354
2013.03.21 00:52:05.683,1.29347,1.29354
2013.03.21 00:52:08.584,1.29346,1.29351
2013.03.21 00:52:09.076,1.29346,1.29351
2013.03.21 00:52:09.614,1.29345,1.2935
2013.03.21 00:52:10.283,1.29345,1.2935
2013.03.21 00:52:11.274,1.29346,1.2935
2013.03.21 00:52:11.803,1.29345,1.2935
2013.03.21 00:52:13.405,1.29345,1.29349
2013.03.21 00:52:13.763,1.29344,1.29348
2013.03.21 00:52:13.944,1.29341,1.29345
2013.03.21 00:52:14.528,1.29341,1.29345
2013.03.21 00:52:16.460,1.29341,1.29345
2013.03.21 00:52:20.143,1.29342,1.29347
2013.03.21 00:52:21.163,1.29342,1.29347
2013.03.21 00:52:22.284,1.29342,1.29345
2013.03.21 00:52:34.853,1.29342,1.29346
2013.03.21 00:52:34.973,1.29343,1.29346
2013.03.21 00:52:35.725,1.29343,1.29347
2013.03.21 00:52:36.954,1.29343,1.29348
2013.03.21 00:52:37.494,1.29345,1.29349
2013.03.21 00:52:38.007,1.29346,1.2935
2013.03.21 00:52:39.603,1.29345,1.2935
2013.03.21 00:52:40.503,1.29345,1.2935
2013.03.21 00:52:41.374,1.29345,1.2935
2013.03.21 00:52:49.915,1.29345,1.2935
2013.03.21 00:52:50.470,1.29345,1.2935
2013.03.21 00:52:52.624,1.29346,1.2935
2013.03.21 00:52:52.984,1.29348,1.29352
2013.03.21 00:52:53.531,1.29348,1.29354
2013.03.21 00:53:00.633,1.29348,1.29355
2013.03.21 00:53:01.644,1.29348,1.29355
2013.03.21 00:53:02.624,1.2935,1.29355
2013.03.21 00:53:02.984,1.29351,1.29357
2013.03.21 00:53:04.024,1.29354,1.29357
2013.03.21 00:53:04.084,1.29356,1.2936
2013.03.21 00:53:04.811,1.29358,1.2936
2013.03.21 00:53:04.889,1.29357,1.29362
2013.03.21 00:53:08.024,1.29361,1.29365
2013.03.21 00:53:08.084,1.29362,1.29365
2013.03.21 00:53:08.386,1.2936,1.29366
2013.03.21 00:53:08.455,1.29361,1.29364
2013.03.21 00:53:08.634,1.2936,1.29364
2013.03.21 00:53:11.664,1.2936,1.29363
2013.03.21 00:53:11.905,1.29357,1.2936
2013.03.21 00:53:12.144,1.29358,1.29363
2013.03.21 00:53:12.204,1.29358,1.29364
2013.03.21 00:53:12.743,1.2936,1.29365
2013.03.21 00:53:13.105,1.29361,1.29365
2013.03.21 00:53:13.793,1.29361,1.29365
2013.03.21 00:53:18.425,1.29358,1.29363
2013.03.21 00:53:18.548,1.29357,1.2936
2013.03.21 00:53:18.987,1.29356,1.29361
2013.03.21 00:53:19.533,1.29357,1.29364
2013.03.21 00:53:19.963,1.29357,1.29364
2013.03.21 00:53:21.744,1.2936,1.29365
2013.03.21 00:53:25.351,1.2936,1.29365
2013.03.21 00:53:26.593,1.29361,1.29365
2013.03.21 00:53:27.133,1.2936,1.29365
2013.03.21 00:53:27.916,1.2936,1.29365
2013.03.21 00:53:27.974,1.2936,1.29365
2013.03.21 00:53:28.784,1.29361,1.29365
2013.03.21 00:53:29.704,1.29361,1.29365
2013.03.21 00:53:30.263,1.29361,1.29365
2013.03.21 00:53:31.545,1.29361,1.29365
2013.03.21 00:53:32.090,1.29361,1.29365
2013.03.21 00:53:33.766,1.2936,1.29363
2013.03.21 00:53:33.944,1.29359,1.29363
2013.03.21 00:53:34.003,1.29357,1.29363
2013.03.21 00:53:34.543,1.29357,1.2936
2013.03.21 00:53:36.743,1.29356,1.2936
2013.03.21 00:53:37.059,1.29354,1.29358
2013.03.21 00:53:39.004,1.29355,1.29359
2013.03.21 00:53:40.163,1.29355,1.2936
2013.03.21 00:53:42.064,1.29355,1.2936
2013.03.21 00:53:52.873,1.29355,1.29359
2013.03.21 00:53:53.443,1.29355,1.29359
2013.03.21 00:53:54.403,1.29355,1.29359
2013.03.21 00:53:54.985,1.29355,1.29359
2013.03.21 00:54:00.575,1.29356,1.2936
2013.03.21 00:54:01.224,1.29356,1.2936
2013.03.21 00:54:01.404,1.29357,1.29361
2013.03.21 00:54:01.965,1.29356,1.2936
2013.03.21 00:54:02.571,1.29356,1.2936
2013.03.21 00:54:03.074,1.29356,1.2936
2013.03.21 00:54:03.613,1.29356,1.2936
2013.03.21 00:54:04.224,1.29356,1.2936
2013.03.21 00:54:09.823,1.29357,1.29361
2013.03.21 00:54:10.064,1.2936,1.29365
2013.03.21 00:54:10.124,1.2936,1.29364
2013.03.21 00:54:10.365,1.29361,1.29366
2013.03.21 00:54:10.874,1.29361,1.29367
2013.03.21 00:54:11.393,1.29361,1.29366
2013.03.21 00:54:11.943,1.29361,1.29367
2013.03.21 00:54:12.594,1.29361,1.29367
2013.03.21 00:54:14.366,1.29361,1.29367
2013.03.21 00:54:14.673,1.29365,1.2937
2013.03.21 00:54:14.975,1.29367,1.29372
2013.03.21 00:54:15.034,1.29367,1.29373
2013.03.21 00:54:15.334,1.29367,1.29373
2013.03.21 00:54:15.910,1.29367,1.29373
2013.03.21 00:54:16.988,1.29371,1.29375
2013.03.21 00:54:17.535,1.29371,1.29375
2013.03.21 00:54:17.844,1.29371,1.29375
2013.03.21 00:54:18.383,1.2937,1.29373
2013.03.21 00:54:19.193,1.2937,1.29373
2013.03.21 00:54:20.055,1.29368,1.29372
2013.03.21 00:54:20.235,1.29368,1.29372
2013.03.21 00:54:20.743,1.29368,1.29372
2013.03.21 00:54:21.303,1.29367,1.2937
2013.03.21 00:54:21.824,1.29367,1.29371
2013.03.21 00:54:22.366,1.29367,1.29372
2013.03.21 00:54:22.784,1.29369,1.29373
2013.03.21 00:54:23.323,1.29369,1.29373
2013.03.21 00:54:27.825,1.29369,1.29373
2013.03.21 00:54:28.186,1.29369,1.29374
2013.03.21 00:54:28.725,1.2937,1.29375
2013.03.21 00:54:29.274,1.2937,1.29375
2013.03.21 00:54:29.814,1.29371,1.29375
2013.03.21 00:54:30.604,1.29373,1.29378
2013.03.21 00:54:30.726,1.29373,1.29378
2013.03.21 00:54:34.244,1.29376,1.29379
2013.03.21 00:54:34.546,1.29377,1.29381
2013.03.21 00:54:34.725,1.29378,1.29383
2013.03.21 00:54:35.264,1.2938,1.29385
2013.03.21 00:54:35.953,1.2938,1.29385
2013.03.21 00:54:36.873,1.2938,1.29385
2013.03.21 00:54:37.533,1.2938,1.29385
2013.03.21 00:54:38.723,1.2938,1.29385
2013.03.21 00:54:39.834,1.29379,1.29383
2013.03.21 00:54:40.401,1.29378,1.29382
2013.03.21 00:54:40.944,1.29378,1.29382
2013.03.21 00:54:41.604,1.29377,1.29382
2013.03.21 00:54:42.704,1.29377,1.29381
2013.03.21 00:54:43.123,1.29376,1.2938
2013.03.21 00:54:43.933,1.29375,1.2938
2013.03.21 00:54:44.174,1.29375,1.29379
2013.03.21 00:54:44.536,1.29373,1.29377
2013.03.21 00:54:46.233,1.29373,1.29377
2013.03.21 00:54:47.333,1.29373,1.29378
2013.03.21 00:54:47.844,1.29372,1.29377
2013.03.21 00:54:48.384,1.29371,1.29375
2013.03.21 00:54:48.685,1.29371,1.29376
2013.03.21 00:54:49.808,1.29371,1.29377
2013.03.21 00:54:50.235,1.29371,1.29375
2013.03.21 00:54:50.474,1.29371,1.29376
2013.03.21 00:54:50.534,1.2937,1.29375
2013.03.21 00:54:51.074,1.2937,1.29374
2013.03.21 00:54:51.615,1.29372,1.29375
2013.03.21 00:54:52.154,1.29372,1.29376
2013.03.21 00:54:53.464,1.29372,1.29376
2013.03.21 00:54:53.589,1.2937,1.29373
2013.03.21 00:54:54.016,1.29372,1.29377
2013.03.21 00:54:54.565,1.29372,1.29377
2013.03.21 00:54:55.134,1.29372,1.29378
2013.03.21 00:54:55.254,1.29372,1.29378
2013.03.21 00:54:55.494,1.29374,1.29379
2013.03.21 00:54:55.796,1.29377,1.2938
2013.03.21 00:54:56.154,1.29377,1.29383
2013.03.21 00:54:56.714,1.29379,1.29383
2013.03.21 00:54:57.803,1.29379,1.29384
2013.03.21 00:54:58.479,1.29379,1.29384
2013.03.21 00:54:58.605,1.29379,1.29384
2013.03.21 00:54:59.435,1.29381,1.29385
2013.03.21 00:54:59.965,1.29381,1.29386
2013.03.21 00:55:00.278,1.2938,1.29386
2013.03.21 00:55:00.347,1.2938,1.29384
2013.03.21 00:55:00.415,1.2938,1.29383
2013.03.21 00:55:00.475,1.29379,1.29382
2013.03.21 00:55:00.613,1.29378,1.29381
2013.03.21 00:55:00.745,1.29377,1.29381
2013.03.21 00:55:01.466,1.29376,1.2938
2013.03.21 00:55:02.004,1.29376,1.29379
2013.03.21 00:55:02.424,1.29375,1.29378
2013.03.21 00:55:02.544,1.29374,1.29377
2013.03.21 00:55:03.064,1.29373,1.29376
2013.03.21 00:55:03.516,1.29371,1.29376
2013.03.21 00:55:03.576,1.29367,1.29374
2013.03.21 00:55:03.754,1.29368,1.29374
2013.03.21 00:55:04.305,1.29369,1.29375
2013.03.21 00:55:04.864,1.2937,1.29376
2013.03.21 00:55:04.925,1.2937,1.29377
2013.03.21 00:55:05.227,1.29372,1.29378
2013.03.21 00:55:05.904,1.29373,1.29377
2013.03.21 00:55:06.084,1.2937,1.29375
2013.03.21 00:55:06.624,1.29371,1.29375
2013.03.21 00:55:07.174,1.29372,1.29376
2013.03.21 00:55:07.713,1.29373,1.29376
2013.03.21 00:55:08.224,1.29371,1.29376
2013.03.21 00:55:08.344,1.29371,1.29375
2013.03.21 00:55:08.928,1.2937,1.29372
2013.03.21 00:55:09.645,1.2937,1.29373
2013.03.21 00:55:10.486,1.29371,1.29375
2013.03.21 00:55:11.045,1.2937,1.29375
2013.03.21 00:55:11.225,1.2937,1.29375
2013.03.21 00:55:13.174,1.29372,1.29375
2013.03.21 00:55:13.715,1.29371,1.29375
2013.03.21 00:55:14.134,1.29371,1.29376
2013.03.21 00:55:14.437,1.29375,1.29379
2013.03.21 00:55:14.505,1.29376,1.2938
2013.03.21 00:55:14.625,1.29377,1.29383
2013.03.21 00:55:14.865,1.29378,1.29385
2013.03.21 00:55:15.405,1.29378,1.29385
2013.03.21 00:55:16.186,1.29378,1.29384
2013.03.21 00:55:16.494,1.2938,1.29385
2013.03.21 00:55:16.914,1.2938,1.29385
2013.03.21 00:55:16.974,1.2938,1.29381
2013.03.21 00:55:17.274,1.2938,1.29385
2013.03.21 00:55:18.994,1.29377,1.29383
2013.03.21 00:55:19.054,1.29377,1.2938
2013.03.21 00:55:19.594,1.29376,1.2938
2013.03.21 00:55:20.156,1.29376,1.2938
2013.03.21 00:55:24.129,1.29377,1.29382
2013.03.21 00:55:24.675,1.29377,1.29383
2013.03.21 00:55:25.214,1.29377,1.29383
2013.03.21 00:55:25.724,1.29377,1.29383
2013.03.21 00:55:26.048,1.29377,1.29382
2013.03.21 00:55:26.237,1.29376,1.2938
2013.03.21 00:55:26.663,1.29376,1.2938
2013.03.21 00:55:27.211,1.29376,1.2938
2013.03.21 00:55:28.124,1.29377,1.2938
2013.03.21 00:55:28.484,1.29378,1.29384
2013.03.21 00:55:28.894,1.29378,1.29384
2013.03.21 00:55:29.556,1.29378,1.29383
2013.03.21 00:55:29.676,1.29377,1.2938
2013.03.21 00:55:29.855,1.29375,1.2938
2013.03.21 00:55:30.034,1.29375,1.29381
2013.03.21 00:55:30.153,1.29377,1.29384
2013.03.21 00:55:30.400,1.29378,1.29384
2013.03.21 00:55:30.464,1.29378,1.29384
2013.03.21 00:55:36.445,1.29379,1.29384
2013.03.21 00:55:37.195,1.2938,1.29384
2013.03.21 00:55:37.255,1.2938,1.29384
2013.03.21 00:55:37.615,1.29381,1.29385
2013.03.21 00:55:37.735,1.29382,1.29388
2013.03.21 00:55:38.541,1.29382,1.29388
2013.03.21 00:55:38.621,1.29384,1.29389
2013.03.21 00:55:39.174,1.29384,1.29388
2013.03.21 00:55:39.954,1.29386,1.29389
2013.03.21 00:55:41.474,1.29385,1.29389
2013.03.21 00:55:43.385,1.29385,1.29389
2013.03.21 00:55:44.795,1.29384,1.29389
2013.03.21 00:55:46.293,1.29384,1.29388
2013.03.21 00:55:50.185,1.29385,1.29388
2013.03.21 00:55:50.246,1.29385,1.29389
2013.03.21 00:55:52.785,1.29385,1.29389
2013.03.21 00:55:53.404,1.29385,1.29389
2013.03.21 00:55:54.204,1.29385,1.29389
2013.03.21 00:55:57.736,1.29388,1.29391
2013.03.21 00:55:58.036,1.29391,1.29395
2013.03.21 00:55:58.335,1.29392,1.29398
2013.03.21 00:55:58.524,1.29395,1.29399
2013.03.21 00:55:58.646,1.29396,1.29402
2013.03.21 00:55:58.706,1.29398,1.29402
2013.03.21 00:55:58.765,1.29399,1.29404
2013.03.21 00:55:59.185,1.294,1.29407
2013.03.21 00:55:59.725,1.29402,1.29408
2013.03.21 00:56:00.263,1.29402,1.29408
2013.03.21 00:56:00.625,1.29403,1.29408
2013.03.21 00:56:00.744,1.29405,1.29411
2013.03.21 00:56:01.066,1.29406,1.29414
2013.03.21 00:56:01.186,1.29406,1.29411
2013.03.21 00:56:01.316,1.29406,1.2941
2013.03.21 00:56:01.617,1.29406,1.29409
2013.03.21 00:56:02.106,1.29406,1.2941
2013.03.21 00:56:02.226,1.29407,1.29412
2013.03.21 00:56:02.404,1.29407,1.29414
2013.03.21 00:56:02.944,1.29407,1.29414
2013.03.21 00:56:03.125,1.29407,1.29412
2013.03.21 00:56:03.663,1.29407,1.29412
2013.03.21 00:56:04.265,1.29406,1.2941
2013.03.21 00:56:04.574,1.29404,1.29408
2013.03.21 00:56:04.875,1.29403,1.29407
2013.03.21 00:56:05.115,1.29403,1.29406
2013.03.21 00:56:05.235,1.29402,1.29406
2013.03.21 00:56:05.295,1.29402,1.29405
2013.03.21 00:56:05.417,1.29402,1.29404
2013.03.21 00:56:06.142,1.294,1.29405
2013.03.21 00:56:06.219,1.294,1.29403
2013.03.21 00:56:06.466,1.29398,1.29403
2013.03.21 00:56:06.705,1.29396,1.29403
2013.03.21 00:56:06.945,1.29397,1.29403
2013.03.21 00:56:07.125,1.29397,1.29403
2013.03.21 00:56:07.364,1.29394,1.294
2013.03.21 00:56:07.665,1.29395,1.294
2013.03.21 00:56:08.206,1.29395,1.29399
2013.03.21 00:56:08.745,1.29396,1.294
2013.03.21 00:56:10.597,1.29397,1.294
2013.03.21 00:56:12.306,1.29397,1.29401
2013.03.21 00:56:12.891,1.29397,1.29401
2013.03.21 00:56:13.414,1.29397,1.29401
2013.03.21 00:56:13.896,1.29397,1.29402
2013.03.21 00:56:14.794,1.294,1.29404
2013.03.21 00:56:15.034,1.29401,1.29406
2013.03.21 00:56:15.455,1.29402,1.29406
2013.03.21 00:56:16.234,1.29402,1.29406
2013.03.21 00:56:16.773,1.29402,1.29406
2013.03.21 00:56:18.784,1.29404,1.29406
2013.03.21 00:56:18.904,1.29404,1.29408
2013.03.21 00:56:19.143,1.29404,1.29406
2013.03.21 00:56:19.504,1.29403,1.29406
2013.03.21 00:56:20.850,1.294,1.29403
2013.03.21 00:56:21.044,1.29399,1.29402
2013.03.21 00:56:21.904,1.294,1.29403
2013.03.21 00:56:22.144,1.294,1.29402
2013.03.21 00:56:23.433,1.294,1.29402
2013.03.21 00:56:24.453,1.294,1.29402
2013.03.21 00:56:24.994,1.29398,1.29402
2013.03.21 00:56:25.533,1.29398,1.29402
2013.03.21 00:56:27.224,1.29397,1.29401
2013.03.21 00:56:28.833,1.29397,1.29403
2013.03.21 00:56:28.893,1.29397,1.29403
2013.03.21 00:56:29.433,1.29397,1.29402
2013.03.21 00:56:29.954,1.29398,1.29403
2013.03.21 00:56:30.514,1.29399,1.29404
2013.03.21 00:56:32.044,1.29398,1.29402
2013.03.21 00:56:32.285,1.29398,1.29402
2013.03.21 00:56:32.348,1.29397,1.29401
2013.03.21 00:56:32.717,1.29395,1.29399
2013.03.21 00:56:32.785,1.29395,1.29399
2013.03.21 00:56:33.265,1.29395,1.29399
2013.03.21 00:56:33.805,1.29394,1.29398
2013.03.21 00:56:34.344,1.29395,1.29398
2013.03.21 00:56:36.294,1.29394,1.29398
2013.03.21 00:56:37.155,1.29394,1.29397
2013.03.21 00:56:37.335,1.29391,1.29395
2013.03.21 00:56:37.455,1.29391,1.29395
2013.03.21 00:56:37.516,1.29389,1.29393
2013.03.21 00:56:37.696,1.29387,1.29393
2013.03.21 00:56:38.326,1.29387,1.29391
2013.03.21 00:56:38.874,1.29385,1.29391
2013.03.21 00:56:41.404,1.29385,1.2939
2013.03.21 00:56:41.974,1.29385,1.29389
2013.03.21 00:56:42.514,1.29386,1.2939
2013.03.21 00:56:43.499,1.29387,1.29391
2013.03.21 00:56:43.805,1.29389,1.29394
2013.03.21 00:56:43.985,1.2939,1.29393
2013.03.21 00:56:44.534,1.29388,1.29392
2013.03.21 00:56:45.074,1.29388,1.29394
2013.03.21 00:56:46.434,1.29388,1.29394
2013.03.21 00:56:47.088,1.29388,1.29391
2013.03.21 00:56:47.161,1.29388,1.29391
2013.03.21 00:56:47.406,1.29382,1.29396
2013.03.21 00:56:47.476,1.29386,1.29391
2013.03.21 00:56:48.243,1.29386,1.2939
2013.03.21 00:56:48.328,1.29386,1.29389
2013.03.21 00:56:48.874,1.29385,1.29389
2013.03.21 00:56:49.374,1.29384,1.29389
2013.03.21 00:56:49.975,1.29383,1.29388
2013.03.21 00:56:50.275,1.29382,1.29387
2013.03.21 00:56:50.635,1.29382,1.29385
2013.03.21 00:56:50.695,1.29381,1.29385
2013.03.21 00:56:50.935,1.2938,1.29384
2013.03.21 00:56:51.448,1.29377,1.2938
2013.03.21 00:56:52.005,1.29376,1.2938
2013.03.21 00:56:53.226,1.29377,1.2938
2013.03.21 00:56:53.586,1.29379,1.29382
2013.03.21 00:56:54.004,1.29376,1.2938
2013.03.21 00:56:54.505,1.29376,1.2938
2013.03.21 00:56:55.624,1.29377,1.2938
2013.03.21 00:56:56.806,1.29379,1.29384
2013.03.21 00:56:56.985,1.29381,1.29385
2013.03.21 00:56:57.346,1.29385,1.29388
2013.03.21 00:56:57.655,1.29384,1.2939
2013.03.21 00:56:58.194,1.29386,1.2939
2013.03.21 00:56:59.154,1.29387,1.29391
2013.03.21 00:56:59.984,1.2939,1.29394
2013.03.21 00:57:00.385,1.29391,1.29395
2013.03.21 00:57:00.744,1.29395,1.29398
2013.03.21 00:57:00.805,1.29395,1.29397
2013.03.21 00:57:00.924,1.29398,1.294
2013.03.21 00:57:01.045,1.29397,1.29403
2013.03.21 00:57:01.466,1.294,1.29403
2013.03.21 00:57:02.024,1.294,1.29404
2013.03.21 00:57:03.135,1.29398,1.29401
2013.03.21 00:57:03.436,1.29397,1.29401
2013.03.21 00:57:03.497,1.29396,1.294
2013.03.21 00:57:03.566,1.29395,1.29399
2013.03.21 00:57:03.747,1.29394,1.29399
2013.03.21 00:57:04.057,1.29394,1.29398
2013.03.21 00:57:04.116,1.29393,1.29397
2013.03.21 00:57:04.664,1.29392,1.29397
2013.03.21 00:57:06.479,1.29391,1.29396
2013.03.21 00:57:06.784,1.2939,1.29396
2013.03.21 00:57:07.385,1.29389,1.29395
2013.03.21 00:57:09.866,1.29388,1.29394
2013.03.21 00:57:10.413,1.29387,1.29393
2013.03.21 00:57:17.468,1.29386,1.29393
2013.03.21 00:57:18.014,1.29385,1.29392
2013.03.21 00:57:19.745,1.29384,1.29391
2013.03.21 00:57:20.543,1.29384,1.29389
2013.03.21 00:57:21.503,1.29381,1.29386
2013.03.21 00:57:22.615,1.29381,1.29386
2013.03.21 00:57:23.260,1.29381,1.29386
2013.03.21 00:57:24.685,1.29381,1.29388
2013.03.21 00:57:25.224,1.29381,1.29388
2013.03.21 00:57:26.283,1.29382,1.29387
2013.03.21 00:57:29.105,1.29381,1.29386
2013.03.21 00:57:32.633,1.29381,1.29385
2013.03.21 00:57:33.144,1.29381,1.29385
2013.03.21 00:57:33.443,1.29379,1.29385
2013.03.21 00:57:34.007,1.29379,1.29385
2013.03.21 00:57:34.795,1.29379,1.29385
2013.03.21 00:57:35.275,1.29379,1.29385
2013.03.21 00:57:35.793,1.29378,1.29384
2013.03.21 00:57:39.433,1.29377,1.29384
2013.03.21 00:57:41.597,1.29377,1.29381
2013.03.21 00:57:41.670,1.29377,1.29379
2013.03.21 00:57:42.764,1.29377,1.29382
2013.03.21 00:57:42.824,1.29377,1.29382
2013.03.21 00:57:45.004,1.2938,1.29383
2013.03.21 00:57:45.064,1.2938,1.29383
2013.03.21 00:57:45.483,1.29381,1.29385
2013.03.21 00:57:46.048,1.29381,1.29385
2013.03.21 00:57:47.378,1.29381,1.29385
2013.03.21 00:57:48.144,1.2938,1.29384
2013.03.21 00:57:48.564,1.29381,1.29384
2013.03.21 00:57:48.689,1.29382,1.29387
2013.03.21 00:57:48.815,1.29382,1.29387
2013.03.21 00:57:49.349,1.29382,1.29387
2013.03.21 00:57:50.155,1.29384,1.29388
2013.03.21 00:57:50.216,1.29385,1.29389
2013.03.21 00:57:50.475,1.29388,1.29391
2013.03.21 00:57:50.606,1.29388,1.29393
2013.03.21 00:57:50.965,1.2939,1.29395
2013.03.21 00:57:51.634,1.29391,1.29395
2013.03.21 00:57:52.564,1.2939,1.29395
2013.03.21 00:57:54.445,1.29389,1.29393
2013.03.21 00:57:54.564,1.29387,1.29391
2013.03.21 00:57:54.924,1.29384,1.29389
2013.03.21 00:57:55.227,1.29381,1.29387
2013.03.21 00:57:55.415,1.29379,1.29384
2013.03.21 00:57:56.725,1.29379,1.29384
2013.03.21 00:57:56.848,1.29379,1.29383
2013.03.21 00:57:58.866,1.29379,1.29383
2013.03.21 00:57:59.169,1.29381,1.29383
2013.03.21 00:57:59.475,1.2938,1.29385
2013.03.21 00:57:59.835,1.2938,1.29387
2013.03.21 00:58:00.533,1.29381,1.29388
2013.03.21 00:58:01.000,1.29383,1.29388
2013.03.21 00:58:01.625,1.29385,1.29388
2013.03.21 00:58:03.434,1.29385,1.29389
2013.03.21 00:58:03.854,1.29386,1.2939
2013.03.21 00:58:04.558,1.29388,1.2939
2013.03.21 00:58:05.106,1.29388,1.29392
2013.03.21 00:58:05.405,1.29388,1.29394
2013.03.21 00:58:05.464,1.29388,1.29395
2013.03.21 00:58:05.824,1.29392,1.29396
2013.03.21 00:58:06.195,1.2939,1.29395
2013.03.21 00:58:06.905,1.29389,1.29395
2013.03.21 00:58:07.834,1.29388,1.29394
2013.03.21 00:58:08.015,1.2939,1.29394
2013.03.21 00:58:08.196,1.2939,1.29396
2013.03.21 00:58:08.446,1.29392,1.29395
2013.03.21 00:58:08.684,1.29391,1.29397
2013.03.21 00:58:08.805,1.29392,1.29398
2013.03.21 00:58:09.374,1.29393,1.29399
2013.03.21 00:58:10.765,1.29396,1.29398
2013.03.21 00:58:11.244,1.29395,1.294
2013.03.21 00:58:11.784,1.29397,1.294
2013.03.21 00:58:12.744,1.294,1.29404
2013.03.21 00:58:13.284,1.294,1.29404
2013.03.21 00:58:13.826,1.294,1.29404
2013.03.21 00:58:14.305,1.29401,1.29405
2013.03.21 00:58:14.364,1.29402,1.29405
2013.03.21 00:58:14.545,1.29404,1.29408
2013.03.21 00:58:14.725,1.29405,1.29408
2013.03.21 00:58:14.845,1.29406,1.2941
2013.03.21 00:58:15.206,1.2941,1.29413
2013.03.21 00:58:15.514,1.29411,1.29415
2013.03.21 00:58:15.695,1.29413,1.29416
2013.03.21 00:58:16.654,1.29411,1.29415
2013.03.21 00:58:16.724,1.2941,1.29415
2013.03.21 00:58:16.919,1.29409,1.29411
2013.03.21 00:58:17.045,1.29406,1.29408
2013.03.21 00:58:17.225,1.29402,1.29405
2013.03.21 00:58:17.405,1.29402,1.29404
2013.03.21 00:58:18.249,1.29398,1.29403
2013.03.21 00:58:18.336,1.29398,1.29401
2013.03.21 00:58:18.465,1.29397,1.294
2013.03.21 00:58:18.584,1.29395,1.294
2013.03.21 00:58:18.646,1.29395,1.29399
2013.03.21 00:58:19.196,1.29394,1.29399
2013.03.21 00:58:19.254,1.29393,1.29399
2013.03.21 00:58:19.696,1.29393,1.29397
2013.03.21 00:58:20.354,1.29392,1.29397
2013.03.21 00:58:20.905,1.29388,1.29395
2013.03.21 00:58:22.465,1.29389,1.29395
2013.03.21 00:58:23.014,1.29388,1.29395
2013.03.21 00:58:23.525,1.29388,1.29393
2013.03.21 00:58:23.885,1.29387,1.2939
2013.03.21 00:58:24.433,1.29386,1.2939
2013.03.21 00:58:25.957,1.29386,1.29391
2013.03.21 00:58:26.495,1.29386,1.29391
2013.03.21 00:58:27.293,1.29386,1.29392
2013.03.21 00:58:27.864,1.29385,1.29388
2013.03.21 00:58:28.165,1.29384,1.29387
2013.03.21 00:58:28.224,1.29383,1.29385
2013.03.21 00:58:28.525,1.2938,1.29383
2013.03.21 00:58:28.765,1.29378,1.29381
2013.03.21 00:58:29.004,1.29377,1.29381
2013.03.21 00:58:29.614,1.29378,1.29381
2013.03.21 00:58:29.674,1.29379,1.29383
2013.03.21 00:58:29.794,1.29379,1.29383
2013.03.21 00:58:30.333,1.29381,1.29384
2013.03.21 00:58:31.103,1.2938,1.29384
2013.03.21 00:58:31.225,1.29383,1.29385
2013.03.21 00:58:31.404,1.29384,1.29387
2013.03.21 00:58:31.825,1.29382,1.29385
2013.03.21 00:58:33.084,1.29383,1.29387
2013.03.21 00:58:33.385,1.29385,1.29389
2013.03.21 00:58:33.686,1.29388,1.29392
2013.03.21 00:58:33.747,1.29388,1.29394
2013.03.21 00:58:34.267,1.2939,1.29395
2013.03.21 00:58:34.785,1.2939,1.29395
2013.03.21 00:58:37.655,1.29391,1.29397
2013.03.21 00:58:37.776,1.29392,1.29397
2013.03.21 00:58:38.076,1.29394,1.29397
2013.03.21 00:58:38.434,1.29394,1.29399
2013.03.21 00:58:38.995,1.29395,1.294
2013.03.21 00:58:39.175,1.29396,1.294
2013.03.21 00:58:39.726,1.29396,1.29401
2013.03.21 00:58:42.054,1.29397,1.29401
2013.03.21 00:58:42.174,1.29398,1.29401
2013.03.21 00:58:42.475,1.29398,1.29402
2013.03.21 00:58:42.714,1.29399,1.29403
2013.03.21 00:58:42.895,1.294,1.29403
2013.03.21 00:58:43.840,1.29401,1.29404
2013.03.21 00:58:43.905,1.29402,1.29404
2013.03.21 00:58:44.096,1.29405,1.29408
2013.03.21 00:58:44.214,1.29405,1.29407
2013.03.21 00:58:44.573,1.29401,1.29405
2013.03.21 00:58:44.935,1.29401,1.29404
2013.03.21 00:58:46.925,1.294,1.29404
2013.03.21 00:58:48.674,1.294,1.29404
2013.03.21 00:58:48.994,1.294,1.29405
2013.03.21 00:58:50.756,1.294,1.29402
2013.03.21 00:58:51.295,1.29397,1.294
2013.03.21 00:58:51.355,1.29397,1.294
2013.03.21 00:58:51.534,1.29397,1.29403
2013.03.21 00:58:52.073,1.29398,1.29402
2013.03.21 00:58:52.859,1.29398,1.29402
2013.03.21 00:58:53.377,1.29398,1.29402
2013.03.21 00:58:55.665,1.29398,1.29401
2013.03.21 00:58:55.725,1.29397,1.294
2013.03.21 00:58:56.144,1.29393,1.29397
2013.03.21 00:58:56.734,1.29392,1.29396
2013.03.21 00:58:57.275,1.29392,1.29397
2013.03.21 00:58:58.994,1.29393,1.29397
2013.03.21 00:59:01.726,1.2939,1.29394
2013.03.21 00:59:01.856,1.29388,1.29392
2013.03.21 00:59:01.974,1.29386,1.29392
2013.03.21 00:59:02.155,1.29386,1.29392
2013.03.21 00:59:02.685,1.29386,1.29392
2013.03.21 00:59:07.835,1.29386,1.29392
2013.03.21 00:59:10.344,1.29386,1.2939
2013.03.21 00:59:10.854,1.29386,1.29392
2013.03.21 00:59:11.444,1.29387,1.29393
2013.03.21 00:59:11.985,1.29388,1.29393
2013.03.21 00:59:12.516,1.29388,1.29393
2013.03.21 00:59:13.062,1.29389,1.29394
2013.03.21 00:59:13.615,1.29389,1.29394
2013.03.21 00:59:15.723,1.29389,1.29394
2013.03.21 00:59:18.384,1.29387,1.29392
2013.03.21 00:59:18.923,1.29387,1.29392
2013.03.21 00:59:19.225,1.29386,1.29389
2013.03.21 00:59:19.971,1.29384,1.29387
2013.03.21 00:59:20.044,1.29381,1.29385
2013.03.21 00:59:20.613,1.29381,1.29386
2013.03.21 00:59:21.309,1.29381,1.29386
2013.03.21 00:59:21.833,1.29381,1.29386
2013.03.21 00:59:23.553,1.29381,1.29386
2013.03.21 00:59:24.105,1.2938,1.29385
2013.03.21 00:59:24.405,1.29378,1.29385
2013.03.21 00:59:24.995,1.29378,1.29384
2013.03.21 00:59:25.555,1.29378,1.29384
2013.03.21 00:59:28.264,1.29378,1.29384
2013.03.21 00:59:32.594,1.29378,1.29384
2013.03.21 00:59:34.074,1.29378,1.29384
2013.03.21 00:59:34.874,1.29379,1.29385
2013.03.21 00:59:36.284,1.29378,1.2938
2013.03.21 00:59:36.465,1.29376,1.2938
2013.03.21 00:59:37.004,1.29375,1.2938
2013.03.21 00:59:37.513,1.29375,1.29379
2013.03.21 00:59:39.474,1.29374,1.29377
2013.03.21 00:59:39.786,1.2937,1.29374
2013.03.21 00:59:39.904,1.29368,1.29374
2013.03.21 00:59:40.145,1.29368,1.29374
2013.03.21 00:59:40.735,1.29368,1.29374
2013.03.21 00:59:41.784,1.29368,1.29374
2013.03.21 00:59:44.424,1.29369,1.29374
2013.03.21 00:59:48.195,1.29369,1.29374
2013.03.21 00:59:52.934,1.29368,1.29375
2013.03.21 00:59:53.355,1.2937,1.29375
2013.03.21 00:59:53.894,1.2937,1.29375
2013.03.21 00:59:54.436,1.29369,1.29375
2013.03.21 00:59:55.223,1.29368,1.29375
2013.03.21 00:59:55.764,1.29367,1.29373
2013.03.21 00:59:56.033,1.29366,1.29373
2013.03.21 00:59:56.585,1.29366,1.29372
2013.03.21 00:59:57.135,1.29366,1.29372
2013.03.21 00:59:59.614,1.29367,1.29373
2013.03.21 01:00:00.124,1.29367,1.29373
2013.03.21 01:00:00.885,1.29367,1.29372
2013.03.21 01:00:01.305,1.29365,1.29369
2013.03.21 01:00:01.665,1.29364,1.2937
2013.03.21 01:00:01.726,1.29365,1.2937
2013.03.21 01:00:03.284,1.29366,1.29372
2013.03.21 01:00:03.464,1.29367,1.29373
2013.03.21 01:00:03.904,1.29367,1.29373
2013.03.21 01:00:04.423,1.29369,1.29373
2013.03.21 01:00:10.225,1.29369,1.29373
2013.03.21 01:00:10.935,1.29369,1.29373
2013.03.21 01:00:11.443,1.2937,1.29373
2013.03.21 01:00:11.984,1.2937,1.29373
2013.03.21 01:00:12.345,1.29371,1.29375
2013.03.21 01:00:14.164,1.29372,1.29377
2013.03.21 01:00:14.741,1.29373,1.29377
2013.03.21 01:00:15.224,1.29374,1.29377
2013.03.21 01:00:16.058,1.29376,1.29379
2013.03.21 01:00:16.139,1.29377,1.29381
2013.03.21 01:00:16.577,1.29378,1.29381
2013.03.21 01:00:17.123,1.29379,1.29382
2013.03.21 01:00:17.457,1.29377,1.29382
2013.03.21 01:00:18.005,1.29377,1.29382
2013.03.21 01:00:18.244,1.29377,1.29382
2013.03.21 01:00:20.084,1.29377,1.29383
2013.03.21 01:00:20.625,1.29378,1.29382
2013.03.21 01:00:21.172,1.29378,1.29382
2013.03.21 01:00:26.255,1.29378,1.29382
2013.03.21 01:00:26.684,1.29378,1.29382
