Time,Bid,Ask
2013.03.20 00:00:00.235,1.28639,1.28644
2013.03.20 00:00:02.676,1.28639,1.28644
2013.03.20 00:00:03.916,1.28641,1.28645
2013.03.20 00:00:04.668,1.2864,1.28645
2013.03.20 00:00:06.999,1.28641,1.28645
2013.03.20 00:00:12.636,1.28641,1.2865
2013.03.20 00:00:13.196,1.28643,1.28646
2013.03.20 00:00:13.516,1.28644,1.28648
2013.03.20 00:00:13.636,1.28644,1.28648
2013.03.20 00:00:13.756,1.28643,1.28649
2013.03.20 00:00:13.996,1.28642,1.28647
2013.03.20 00:00:14.726,1.28644,1.28648
2013.03.20 00:00:14.846,1.28646,1.2865
2013.03.20 00:00:14.906,1.28646,1.28655
2013.03.20 00:00:14.966,1.28647,1.28653
2013.03.20 00:00:16.445,1.28647,1.28651
2013.03.20 00:00:16.985,1.28648,1.28652
2013.03.20 00:00:17.613,1.28647,1.28652
2013.03.20 00:00:18.480,1.28646,1.28652
2013.03.20 00:00:19.495,1.28646,1.28652
2013.03.20 00:00:20.055,1.28646,1.28653
2013.03.20 00:00:20.615,1.28649,1.28653
2013.03.20 00:00:21.036,1.28647,1.28651
2013.03.20 00:00:21.337,1.28644,1.28649
2013.03.20 00:00:21.876,1.28642,1.28647
2013.03.20 00:00:22.792,1.28641,1.28646
2013.03.20 00:00:28.155,1.28642,1.28646
2013.03.20 00:00:32.637,1.28642,1.28646
2013.03.20 00:00:34.185,1.28644,1.28648
2013.03.20 00:00:34.925,1.28644,1.28648
2013.03.20 00:00:45.810,1.28644,1.28649
2013.03.20 00:00:46.118,1.28647,1.28652
2013.03.20 00:00:46.480,1.28651,1.28653
2013.03.20 00:00:46.787,1.28652,1.28653
2013.03.20 00:00:46.907,1.28653,1.28657
2013.03.20 00:00:47.559,1.2865,1.28656
2013.03.20 00:00:47.926,1.2865,1.28656
2013.03.20 00:00:48.107,1.28651,1.28657
2013.03.20 00:00:49.017,1.28652,1.28657
2013.03.20 00:00:49.537,1.2865,1.28656
2013.03.20 00:00:49.956,1.28649,1.28656
2013.03.20 00:00:50.520,1.28649,1.28654
2013.03.20 00:00:51.126,1.28649,1.28654
2013.03.20 00:00:51.367,1.28649,1.28653
2013.03.20 00:00:52.211,1.28648,1.28651
2013.03.20 00:00:52.458,1.28645,1.28649
2013.03.20 00:00:52.529,1.28644,1.28647
2013.03.20 00:00:53.139,1.28641,1.28645
2013.03.20 00:00:53.258,1.28639,1.28644
2013.03.20 00:00:53.498,1.28638,1.28643
2013.03.20 00:00:53.677,1.28634,1.2864
2013.03.20 00:00:53.797,1.28634,1.2864
2013.03.20 00:00:53.918,1.28634,1.28638
2013.03.20 00:00:54.221,1.28635,1.2864
2013.03.20 00:00:54.288,1.28635,1.2864
2013.03.20 00:00:54.528,1.28635,1.2864
2013.03.20 00:00:55.067,1.28635,1.2864
2013.03.20 00:00:59.296,1.28636,1.2864
2013.03.20 00:00:59.537,1.28637,1.28641
2013.03.20 00:00:59.657,1.28637,1.28643
2013.03.20 00:00:59.967,1.28638,1.28643
2013.03.20 00:01:01.097,1.28639,1.28643
2013.03.20 00:01:01.218,1.2864,1.28644
2013.03.20 00:01:01.698,1.28643,1.28648
2013.03.20 00:01:01.997,1.28644,1.28648
2013.03.20 00:01:02.520,1.28644,1.28648
2013.03.20 00:01:05.727,1.28643,1.28648
2013.03.20 00:01:05.847,1.2864,1.28646
2013.03.20 00:01:06.722,1.28644,1.28649
2013.03.20 00:01:06.847,1.28643,1.28648
2013.03.20 00:01:07.206,1.28642,1.28648
2013.03.20 00:01:13.556,1.28642,1.28646
2013.03.20 00:01:16.796,1.28642,1.28647
2013.03.20 00:01:38.988,1.28641,1.28646
2013.03.20 00:01:39.909,1.28641,1.28647
2013.03.20 00:01:40.457,1.28641,1.28647
2013.03.20 00:01:41.357,1.28641,1.28647
2013.03.20 00:01:41.476,1.28641,1.28647
2013.03.20 00:01:44.735,1.28642,1.28647
2013.03.20 00:01:46.088,1.28644,1.28649
2013.03.20 00:01:46.389,1.28649,1.28653
2013.03.20 00:01:46.698,1.28652,1.28656
2013.03.20 00:01:46.877,1.28653,1.28658
2013.03.20 00:01:46.997,1.28653,1.2866
2013.03.20 00:01:47.297,1.28653,1.28658
2013.03.20 00:01:47.416,1.2865,1.28656
2013.03.20 00:01:47.477,1.2865,1.28653
2013.03.20 00:01:47.836,1.28647,1.28653
2013.03.20 00:01:52.167,1.28649,1.28653
2013.03.20 00:01:53.690,1.2865,1.28653
2013.03.20 00:01:53.878,1.28652,1.28656
2013.03.20 00:01:54.000,1.28654,1.28657
2013.03.20 00:01:54.247,1.28654,1.28658
2013.03.20 00:01:54.608,1.28655,1.28658
2013.03.20 00:01:54.727,1.28655,1.28661
2013.03.20 00:01:55.267,1.28654,1.28658
2013.03.20 00:01:55.566,1.28654,1.28659
2013.03.20 00:01:57.146,1.28654,1.28659
2013.03.20 00:01:57.328,1.28656,1.28661
2013.03.20 00:01:57.389,1.28656,1.28661
2013.03.20 00:01:57.467,1.28658,1.28666
2013.03.20 00:01:57.658,1.28659,1.28665
2013.03.20 00:01:58.017,1.28659,1.28665
2013.03.20 00:01:58.318,1.28657,1.28662
2013.03.20 00:01:58.856,1.28655,1.28662
2013.03.20 00:01:59.477,1.28654,1.28659
2013.03.20 00:01:59.598,1.28654,1.28657
2013.03.20 00:01:59.847,1.28649,1.28653
2013.03.20 00:02:00.150,1.28645,1.28651
2013.03.20 00:02:00.219,1.28645,1.2865
2013.03.20 00:02:00.458,1.28644,1.28649
2013.03.20 00:02:00.937,1.28644,1.28649
2013.03.20 00:02:01.501,1.28644,1.28649
2013.03.20 00:02:05.478,1.28644,1.2865
2013.03.20 00:02:18.226,1.28645,1.28651
2013.03.20 00:02:24.456,1.28645,1.2865
2013.03.20 00:02:28.967,1.28645,1.28651
2013.03.20 00:02:31.657,1.28643,1.28649
2013.03.20 00:02:31.838,1.28643,1.28646
2013.03.20 00:02:32.339,1.28639,1.28645
2013.03.20 00:02:32.942,1.2864,1.28645
2013.03.20 00:02:33.558,1.2864,1.28645
2013.03.20 00:02:39.515,1.28643,1.28646
2013.03.20 00:02:39.787,1.28647,1.2865
2013.03.20 00:02:39.848,1.28649,1.28651
2013.03.20 00:02:39.908,1.2865,1.28654
2013.03.20 00:02:39.968,1.2865,1.28654
2013.03.20 00:02:40.150,1.2865,1.28654
2013.03.20 00:02:40.591,1.28649,1.28656
2013.03.20 00:02:40.717,1.28652,1.28658
2013.03.20 00:02:41.196,1.28655,1.28659
2013.03.20 00:02:41.788,1.28655,1.28659
2013.03.20 00:02:42.448,1.28655,1.28659
2013.03.20 00:02:45.028,1.28654,1.28659
2013.03.20 00:02:46.280,1.28654,1.28659
2013.03.20 00:02:47.309,1.28655,1.2866
2013.03.20 00:02:47.668,1.28657,1.28661
2013.03.20 00:02:49.679,1.28657,1.28662
2013.03.20 00:02:51.887,1.28657,1.28662
2013.03.20 00:02:52.318,1.28655,1.28662
2013.03.20 00:02:52.617,1.28654,1.28661
2013.03.20 00:02:53.166,1.28654,1.28661
2013.03.20 00:02:53.588,1.28654,1.28659
2013.03.20 00:02:57.571,1.28654,1.28659
2013.03.20 00:03:02.787,1.28654,1.28659
2013.03.20 00:03:03.027,1.28654,1.28659
2013.03.20 00:03:03.448,1.28654,1.28661
2013.03.20 00:03:03.509,1.28656,1.28661
2013.03.20 00:03:04.058,1.28656,1.28662
2013.03.20 00:03:04.628,1.28656,1.28662
2013.03.20 00:03:05.487,1.28656,1.28661
2013.03.20 00:03:10.537,1.28655,1.28661
2013.03.20 00:03:21.013,1.28656,1.2866
2013.03.20 00:03:27.188,1.28655,1.28661
2013.03.20 00:03:27.747,1.28656,1.28661
2013.03.20 00:03:28.287,1.28657,1.28662
2013.03.20 00:03:29.448,1.28656,1.28661
2013.03.20 00:03:29.807,1.28659,1.28664
2013.03.20 00:03:30.046,1.28659,1.28664
2013.03.20 00:03:30.898,1.28659,1.28665
2013.03.20 00:03:33.747,1.28659,1.28664
2013.03.20 00:03:37.737,1.28659,1.28664
2013.03.20 00:03:41.199,1.28659,1.28664
2013.03.20 00:03:43.417,1.28659,1.28665
2013.03.20 00:03:43.967,1.2866,1.28665
2013.03.20 00:03:44.517,1.2866,1.28664
2013.03.20 00:03:52.668,1.28659,1.28663
2013.03.20 00:03:54.510,1.28659,1.28663
2013.03.20 00:04:00.727,1.28658,1.28663
2013.03.20 00:04:02.397,1.28657,1.28663
2013.03.20 00:04:04.026,1.28657,1.28662
2013.03.20 00:04:05.076,1.28658,1.28663
2013.03.20 00:04:09.027,1.28658,1.28663
2013.03.20 00:04:11.788,1.28658,1.28662
2013.03.20 00:04:12.717,1.28658,1.28663
2013.03.20 00:04:16.796,1.28658,1.28663
2013.03.20 00:04:26.455,1.28658,1.28661
2013.03.20 00:04:26.697,1.28654,1.28661
2013.03.20 00:04:27.057,1.28654,1.2866
2013.03.20 00:04:30.177,1.28654,1.28659
2013.03.20 00:04:31.627,1.28654,1.28659
2013.03.20 00:04:31.747,1.28654,1.2866
2013.03.20 00:04:31.868,1.28656,1.28661
2013.03.20 00:04:32.487,1.28656,1.28661
2013.03.20 00:04:32.566,1.28657,1.28663
2013.03.20 00:05:05.138,1.28659,1.28664
2013.03.20 00:05:06.448,1.28658,1.28663
2013.03.20 00:05:06.986,1.28657,1.28663
2013.03.20 00:05:07.526,1.28655,1.28661
2013.03.20 00:05:08.077,1.28656,1.28661
2013.03.20 00:05:08.458,1.28657,1.28663
2013.03.20 00:05:08.998,1.28658,1.28664
2013.03.20 00:05:09.983,1.28658,1.28664
2013.03.20 00:05:10.616,1.28658,1.28664
2013.03.20 00:05:14.747,1.28658,1.28664
2013.03.20 00:05:17.507,1.28658,1.28664
2013.03.20 00:05:20.076,1.28658,1.28663
2013.03.20 00:05:28.107,1.28658,1.28663
2013.03.20 00:05:30.169,1.28657,1.28663
2013.03.20 00:05:30.875,1.28658,1.28663
2013.03.20 00:05:33.227,1.28658,1.28663
2013.03.20 00:05:33.776,1.28658,1.28664
2013.03.20 00:05:35.456,1.28658,1.28664
2013.03.20 00:05:39.157,1.28658,1.28664
2013.03.20 00:05:46.469,1.28658,1.28664
2013.03.20 00:05:47.808,1.28658,1.28664
2013.03.20 00:05:49.007,1.28658,1.28664
2013.03.20 00:05:51.347,1.28658,1.28665
2013.03.20 00:05:51.868,1.28658,1.28664
2013.03.20 00:05:52.436,1.28658,1.28665
2013.03.20 00:05:52.746,1.28659,1.28665
2013.03.20 00:05:53.298,1.28658,1.28665
2013.03.20 00:05:54.317,1.28658,1.28665
2013.03.20 00:05:54.767,1.28658,1.28665
2013.03.20 00:05:55.324,1.28658,1.28665
2013.03.20 00:05:59.018,1.28661,1.28665
2013.03.20 00:06:00.586,1.28661,1.28665
2013.03.20 00:06:01.272,1.28661,1.28665
2013.03.20 00:06:01.817,1.28661,1.28665
2013.03.20 00:06:10.117,1.2866,1.28666
2013.03.20 00:06:12.717,1.2866,1.28666
2013.03.20 00:06:18.497,1.28658,1.28665
2013.03.20 00:06:24.817,1.28658,1.28664
2013.03.20 00:06:25.128,1.28658,1.28663
2013.03.20 00:06:25.670,1.2866,1.28666
2013.03.20 00:06:25.858,1.2866,1.28666
2013.03.20 00:06:26.672,1.28663,1.28668
2013.03.20 00:06:28.108,1.28663,1.28668
2013.03.20 00:06:28.410,1.28666,1.2867
2013.03.20 00:06:28.657,1.28667,1.28672
2013.03.20 00:06:29.238,1.28668,1.28674
2013.03.20 00:06:30.386,1.28669,1.28674
2013.03.20 00:06:31.278,1.28669,1.28673
2013.03.20 00:06:31.398,1.28666,1.28672
2013.03.20 00:06:31.638,1.28665,1.28671
2013.03.20 00:06:31.940,1.28665,1.28671
2013.03.20 00:06:32.247,1.28666,1.28672
2013.03.20 00:06:32.489,1.28666,1.28671
2013.03.20 00:06:33.028,1.28665,1.28671
2013.03.20 00:06:46.168,1.28665,1.28671
2013.03.20 00:06:52.228,1.28665,1.28669
2013.03.20 00:06:52.788,1.28665,1.28669
2013.03.20 00:06:58.097,1.28665,1.28669
2013.03.20 00:06:58.777,1.28664,1.28669
2013.03.20 00:06:59.257,1.28665,1.28669
2013.03.20 00:07:01.778,1.28663,1.28669
2013.03.20 00:07:01.957,1.28662,1.28668
2013.03.20 00:07:02.497,1.28661,1.28666
2013.03.20 00:07:03.048,1.28661,1.28666
2013.03.20 00:07:06.428,1.28662,1.28667
2013.03.20 00:07:07.465,1.28662,1.28669
2013.03.20 00:07:07.968,1.28663,1.28669
2013.03.20 00:07:10.418,1.28664,1.2867
2013.03.20 00:07:11.937,1.28664,1.28669
2013.03.20 00:07:13.104,1.28663,1.28669
2013.03.20 00:07:13.657,1.28664,1.28669
2013.03.20 00:07:14.168,1.28664,1.28669
2013.03.20 00:07:14.802,1.28664,1.28669
2013.03.20 00:07:16.057,1.28664,1.28669
2013.03.20 00:07:16.958,1.28663,1.28669
2013.03.20 00:07:19.709,1.28664,1.28669
2013.03.20 00:07:19.888,1.2866,1.28666
2013.03.20 00:07:20.427,1.28661,1.28666
2013.03.20 00:07:21.232,1.28661,1.28666
2013.03.20 00:07:21.879,1.28661,1.28666
2013.03.20 00:07:22.987,1.28662,1.28666
2013.03.20 00:07:32.277,1.28661,1.28666
2013.03.20 00:07:33.079,1.28661,1.28666
2013.03.20 00:07:33.608,1.28662,1.28664
2013.03.20 00:07:33.787,1.28659,1.28663
2013.03.20 00:07:34.146,1.28659,1.28664
2013.03.20 00:07:34.686,1.2866,1.28665
2013.03.20 00:07:37.849,1.28658,1.28664
2013.03.20 00:07:38.746,1.28658,1.28664
2013.03.20 00:07:39.196,1.28658,1.28664
2013.03.20 00:07:42.787,1.28658,1.28664
2013.03.20 00:08:06.867,1.28658,1.28664
2013.03.20 00:08:09.647,1.28658,1.28664
2013.03.20 00:08:18.777,1.28658,1.28664
2013.03.20 00:08:24.878,1.28658,1.28664
2013.03.20 00:08:25.827,1.28657,1.28663
2013.03.20 00:08:30.727,1.28657,1.28662
2013.03.20 00:08:30.948,1.28657,1.28662
2013.03.20 00:08:38.388,1.28657,1.28661
2013.03.20 00:08:43.427,1.28656,1.28661
2013.03.20 00:08:43.957,1.28656,1.28662
2013.03.20 00:08:45.278,1.28656,1.28662
2013.03.20 00:08:47.473,1.28656,1.28662
2013.03.20 00:08:47.707,1.28654,1.2866
2013.03.20 00:09:05.299,1.28655,1.28659
2013.03.20 00:09:05.657,1.28658,1.28661
2013.03.20 00:09:05.958,1.28655,1.28661
2013.03.20 00:09:06.138,1.28657,1.28661
2013.03.20 00:09:06.378,1.28656,1.28661
2013.03.20 00:09:06.498,1.28654,1.28661
2013.03.20 00:09:06.558,1.28654,1.28658
2013.03.20 00:09:06.679,1.28656,1.28659
2013.03.20 00:09:06.858,1.28651,1.28657
2013.03.20 00:09:06.917,1.28653,1.28657
2013.03.20 00:09:07.457,1.28653,1.28657
2013.03.20 00:09:08.937,1.28653,1.28657
2013.03.20 00:09:10.498,1.28653,1.28656
2013.03.20 00:09:11.038,1.28653,1.28656
2013.03.20 00:09:11.754,1.28652,1.28656
2013.03.20 00:09:11.878,1.28653,1.28658
2013.03.20 00:09:12.417,1.28654,1.28659
2013.03.20 00:09:13.977,1.28655,1.2866
2013.03.20 00:09:14.278,1.28658,1.28661
2013.03.20 00:09:14.461,1.28657,1.28663
2013.03.20 00:09:15.011,1.28655,1.28661
2013.03.20 00:09:15.318,1.28652,1.28655
2013.03.20 00:09:15.500,1.2865,1.28653
2013.03.20 00:09:15.628,1.2865,1.28655
2013.03.20 00:09:15.992,1.28652,1.28656
2013.03.20 00:09:16.238,1.28653,1.2866
2013.03.20 00:09:16.788,1.28655,1.28661
2013.03.20 00:09:17.336,1.28657,1.28662
2013.03.20 00:09:18.890,1.28655,1.28661
2013.03.20 00:09:19.403,1.28655,1.2866
2013.03.20 00:09:27.297,1.28655,1.2866
2013.03.20 00:09:27.828,1.28655,1.2866
2013.03.20 00:09:39.958,1.28656,1.2866
2013.03.20 00:09:40.079,1.28657,1.28661
2013.03.20 00:09:40.258,1.28658,1.28664
2013.03.20 00:09:40.559,1.28656,1.28662
2013.03.20 00:09:40.619,1.28656,1.2866
2013.03.20 00:09:41.185,1.28655,1.2866
2013.03.20 00:09:41.688,1.28657,1.28661
2013.03.20 00:09:41.807,1.28658,1.28663
2013.03.20 00:09:42.347,1.28658,1.28665
2013.03.20 00:09:43.467,1.28658,1.28665
2013.03.20 00:09:44.376,1.28658,1.28665
2013.03.20 00:09:44.931,1.2866,1.28665
2013.03.20 00:09:45.591,1.2866,1.28665
2013.03.20 00:09:46.138,1.2866,1.28665
2013.03.20 00:09:46.657,1.28661,1.28665
2013.03.20 00:09:48.329,1.28662,1.28667
2013.03.20 00:09:48.688,1.28664,1.28671
2013.03.20 00:09:48.929,1.28665,1.28672
2013.03.20 00:09:49.653,1.28666,1.28671
2013.03.20 00:09:50.658,1.28667,1.28673
2013.03.20 00:09:50.998,1.28668,1.28673
2013.03.20 00:09:51.527,1.28668,1.28673
2013.03.20 00:10:00.776,1.2867,1.28674
2013.03.20 00:10:02.248,1.28669,1.28674
2013.03.20 00:10:03.567,1.28669,1.28673
2013.03.20 00:10:04.047,1.28669,1.28673
2013.03.20 00:10:04.568,1.28669,1.28673
2013.03.20 00:10:04.808,1.28669,1.28673
2013.03.20 00:10:05.338,1.28669,1.28674
2013.03.20 00:10:06.269,1.28669,1.28674
2013.03.20 00:10:09.190,1.28669,1.28674
2013.03.20 00:10:09.908,1.28669,1.28674
2013.03.20 00:10:10.427,1.28669,1.28674
2013.03.20 00:10:11.748,1.28667,1.28672
2013.03.20 00:10:12.723,1.28668,1.28675
2013.03.20 00:10:13.266,1.28669,1.28675
2013.03.20 00:10:15.218,1.28669,1.28675
2013.03.20 00:10:17.457,1.28669,1.28675
2013.03.20 00:10:21.288,1.28669,1.28675
2013.03.20 00:10:23.757,1.2867,1.28675
2013.03.20 00:10:47.897,1.2867,1.28675
2013.03.20 00:10:50.568,1.28671,1.28675
2013.03.20 00:11:21.679,1.28671,1.28676
2013.03.20 00:11:23.195,1.28672,1.2868
2013.03.20 00:11:23.272,1.28674,1.28679
2013.03.20 00:11:23.458,1.28674,1.28679
2013.03.20 00:11:23.998,1.28672,1.28678
2013.03.20 00:11:24.239,1.28673,1.28678
2013.03.20 00:11:25.768,1.28672,1.28678
2013.03.20 00:11:27.810,1.28674,1.28679
2013.03.20 00:11:28.590,1.28675,1.28682
2013.03.20 00:11:28.907,1.28679,1.28684
2013.03.20 00:11:29.088,1.28679,1.28684
2013.03.20 00:11:29.327,1.28679,1.28684
2013.03.20 00:11:30.618,1.28679,1.28684
2013.03.20 00:11:33.468,1.28679,1.28684
2013.03.20 00:11:34.468,1.28679,1.28684
2013.03.20 00:11:34.986,1.28679,1.28684
2013.03.20 00:11:35.543,1.28679,1.28683
2013.03.20 00:11:39.488,1.28679,1.28684
2013.03.20 00:11:40.598,1.2868,1.28685
2013.03.20 00:11:41.388,1.28679,1.28684
2013.03.20 00:11:42.388,1.2868,1.28686
2013.03.20 00:11:42.908,1.28681,1.28686
2013.03.20 00:11:43.088,1.28679,1.28684
2013.03.20 00:11:44.741,1.28679,1.28684
2013.03.20 00:11:45.268,1.28679,1.28684
2013.03.20 00:11:46.858,1.28679,1.28684
2013.03.20 00:11:48.948,1.28679,1.28684
2013.03.20 00:11:49.696,1.28679,1.28684
2013.03.20 00:11:50.639,1.28679,1.28684
2013.03.20 00:11:51.190,1.2868,1.28684
2013.03.20 00:11:52.227,1.28679,1.28684
2013.03.20 00:11:56.458,1.2868,1.28685
2013.03.20 00:11:57.578,1.28679,1.28685
2013.03.20 00:12:00.528,1.28679,1.28685
2013.03.20 00:12:04.948,1.28679,1.28685
2013.03.20 00:12:05.553,1.28679,1.28684
2013.03.20 00:12:07.130,1.28679,1.28684
2013.03.20 00:12:07.854,1.2868,1.28686
2013.03.20 00:12:11.957,1.2868,1.28684
2013.03.20 00:12:12.510,1.2868,1.28685
2013.03.20 00:12:13.377,1.2868,1.28685
2013.03.20 00:12:28.280,1.2868,1.28685
2013.03.20 00:12:34.412,1.28681,1.28685
2013.03.20 00:12:34.599,1.28681,1.28686
2013.03.20 00:12:34.909,1.28684,1.28686
2013.03.20 00:12:35.269,1.28685,1.28688
2013.03.20 00:12:35.508,1.28684,1.28688
2013.03.20 00:12:36.909,1.28684,1.28688
2013.03.20 00:12:39.367,1.28684,1.28689
2013.03.20 00:12:39.548,1.28683,1.28688
2013.03.20 00:12:39.608,1.28683,1.28688
2013.03.20 00:12:40.158,1.28684,1.28688
2013.03.20 00:12:40.399,1.28684,1.28689
2013.03.20 00:12:40.942,1.28684,1.28689
2013.03.20 00:12:48.307,1.28684,1.28689
2013.03.20 00:12:50.849,1.28683,1.28689
2013.03.20 00:12:50.908,1.28682,1.28686
2013.03.20 00:12:51.568,1.2868,1.28686
2013.03.20 00:12:52.106,1.2868,1.28686
2013.03.20 00:12:53.568,1.28679,1.28685
2013.03.20 00:12:53.930,1.28681,1.28686
2013.03.20 00:12:57.578,1.28681,1.28688
2013.03.20 00:12:57.638,1.28681,1.28687
2013.03.20 00:12:57.699,1.28682,1.28688
2013.03.20 00:12:58.307,1.28686,1.28691
2013.03.20 00:12:58.608,1.28687,1.28692
2013.03.20 00:12:58.850,1.28688,1.28694
2013.03.20 00:13:02.699,1.28688,1.28693
2013.03.20 00:13:10.247,1.28688,1.28693
2013.03.20 00:13:12.558,1.28689,1.28694
2013.03.20 00:13:13.073,1.28689,1.28693
2013.03.20 00:13:14.253,1.28689,1.28693
2013.03.20 00:13:19.897,1.28689,1.28693
2013.03.20 00:13:21.897,1.28689,1.28693
2013.03.20 00:13:23.838,1.28689,1.28694
2013.03.20 00:13:27.217,1.28689,1.28693
2013.03.20 00:13:27.278,1.28687,1.28691
2013.03.20 00:13:27.578,1.28687,1.28693
2013.03.20 00:13:28.118,1.28688,1.28691
2013.03.20 00:13:28.657,1.28687,1.28691
2013.03.20 00:13:29.304,1.28688,1.28691
2013.03.20 00:13:29.847,1.28688,1.28693
2013.03.20 00:13:32.127,1.28688,1.28693
2013.03.20 00:13:36.549,1.28688,1.28693
2013.03.20 00:13:42.375,1.28688,1.28693
2013.03.20 00:13:46.537,1.28688,1.28693
2013.03.20 00:13:47.130,1.28688,1.28694
2013.03.20 00:13:48.848,1.28687,1.28694
2013.03.20 00:14:00.768,1.28687,1.28692
2013.03.20 00:14:08.558,1.28688,1.28694
2013.03.20 00:14:09.567,1.28689,1.28694
2013.03.20 00:14:13.548,1.28689,1.28694
2013.03.20 00:14:13.728,1.28687,1.28692
2013.03.20 00:14:14.233,1.28687,1.28692
2013.03.20 00:14:26.228,1.28687,1.28692
2013.03.20 00:14:31.127,1.28686,1.28691
2013.03.20 00:14:31.688,1.28686,1.28691
2013.03.20 00:14:41.244,1.28686,1.28692
2013.03.20 00:14:41.859,1.28686,1.28692
2013.03.20 00:14:43.357,1.28687,1.28693
2013.03.20 00:14:44.117,1.28687,1.28693
2013.03.20 00:14:44.672,1.28688,1.28693
2013.03.20 00:14:49.457,1.28688,1.28693
2013.03.20 00:15:01.703,1.28687,1.28693
2013.03.20 00:15:02.207,1.28687,1.28692
2013.03.20 00:15:05.518,1.28687,1.28691
2013.03.20 00:15:05.639,1.28685,1.28691
2013.03.20 00:15:06.249,1.28686,1.2869
2013.03.20 00:15:06.852,1.28685,1.2869
2013.03.20 00:15:07.447,1.28685,1.28691
2013.03.20 00:15:07.977,1.28687,1.28691
2013.03.20 00:15:10.108,1.28687,1.28692
2013.03.20 00:15:10.698,1.28688,1.28693
2013.03.20 00:15:12.387,1.28688,1.28693
2013.03.20 00:15:12.568,1.28687,1.28693
2013.03.20 00:15:17.454,1.28688,1.28693
2013.03.20 00:15:18.098,1.28688,1.28694
2013.03.20 00:15:26.908,1.28689,1.28694
2013.03.20 00:15:30.849,1.28688,1.28692
2013.03.20 00:15:32.369,1.28689,1.28693
2013.03.20 00:15:32.848,1.28689,1.28695
2013.03.20 00:15:33.491,1.28689,1.28695
2013.03.20 00:15:34.273,1.28689,1.28695
2013.03.20 00:15:34.830,1.28689,1.28694
2013.03.20 00:15:39.677,1.28687,1.28694
2013.03.20 00:15:55.061,1.28687,1.28694
2013.03.20 00:15:55.593,1.28687,1.28694
2013.03.20 00:15:59.045,1.28687,1.28693
2013.03.20 00:16:04.356,1.28687,1.28693
2013.03.20 00:16:04.537,1.28686,1.28692
2013.03.20 00:16:04.837,1.28685,1.2869
2013.03.20 00:16:05.397,1.28684,1.2869
2013.03.20 00:16:13.747,1.28685,1.2869
2013.03.20 00:16:20.518,1.28686,1.2869
2013.03.20 00:16:20.826,1.28688,1.28695
2013.03.20 00:16:20.947,1.2869,1.28695
2013.03.20 00:16:21.699,1.2869,1.28695
2013.03.20 00:16:27.877,1.28689,1.28695
2013.03.20 00:16:44.296,1.28689,1.28694
2013.03.20 00:16:44.808,1.28689,1.28694
2013.03.20 00:16:46.351,1.28689,1.28694
2013.03.20 00:16:48.500,1.28687,1.28691
2013.03.20 00:16:48.573,1.28687,1.28689
2013.03.20 00:16:48.827,1.28684,1.28688
2013.03.20 00:16:49.367,1.28683,1.28688
2013.03.20 00:16:49.905,1.28683,1.28688
2013.03.20 00:16:51.094,1.28681,1.28686
2013.03.20 00:16:51.217,1.28681,1.28686
2013.03.20 00:17:05.266,1.28683,1.28687
2013.03.20 00:17:05.446,1.28684,1.28689
2013.03.20 00:17:05.507,1.28687,1.28691
2013.03.20 00:17:05.567,1.28687,1.28689
2013.03.20 00:17:05.692,1.28687,1.28692
2013.03.20 00:17:06.058,1.28689,1.28692
2013.03.20 00:17:06.237,1.28686,1.28693
2013.03.20 00:17:08.776,1.28688,1.28693
2013.03.20 00:17:09.079,1.2869,1.28693
2013.03.20 00:17:09.406,1.28689,1.28694
2013.03.20 00:17:09.936,1.2869,1.28694
2013.03.20 00:17:09.996,1.28689,1.28694
2013.03.20 00:17:10.606,1.28688,1.28694
2013.03.20 00:17:22.885,1.28689,1.28693
2013.03.20 00:17:23.427,1.28687,1.28693
2013.03.20 00:17:24.025,1.28687,1.28693
2013.03.20 00:17:24.177,1.28689,1.28693
2013.03.20 00:17:24.741,1.28688,1.28693
2013.03.20 00:17:29.687,1.28687,1.28693
2013.03.20 00:17:39.776,1.28687,1.28693
2013.03.20 00:17:40.357,1.28688,1.28693
2013.03.20 00:17:50.318,1.28687,1.28693
2013.03.20 00:17:50.856,1.28686,1.28693
2013.03.20 00:17:51.359,1.28686,1.28693
2013.03.20 00:17:53.117,1.28686,1.28693
2013.03.20 00:17:57.146,1.28687,1.28693
2013.03.20 00:18:00.746,1.28685,1.28693
2013.03.20 00:18:10.026,1.28686,1.28692
2013.03.20 00:18:19.418,1.28686,1.28692
2013.03.20 00:18:22.807,1.28687,1.28692
2013.03.20 00:18:24.265,1.28687,1.28693
2013.03.20 00:18:24.803,1.28687,1.28693
2013.03.20 00:18:25.398,1.28687,1.28693
2013.03.20 00:18:37.931,1.28687,1.28693
2013.03.20 00:18:40.558,1.28687,1.28692
2013.03.20 00:18:40.676,1.28686,1.28691
2013.03.20 00:18:41.216,1.28685,1.2869
2013.03.20 00:18:41.516,1.28687,1.28692
2013.03.20 00:18:42.056,1.28688,1.28694
2013.03.20 00:18:43.066,1.28688,1.28694
2013.03.20 00:18:45.416,1.28688,1.28691
2013.03.20 00:18:45.536,1.28688,1.2869
2013.03.20 00:18:46.135,1.28685,1.2869
2013.03.20 00:18:46.976,1.28685,1.2869
2013.03.20 00:18:47.277,1.28683,1.28688
2013.03.20 00:18:47.816,1.28681,1.28687
2013.03.20 00:18:47.995,1.2868,1.28684
2013.03.20 00:18:48.177,1.2868,1.28683
2013.03.20 00:18:48.716,1.2868,1.28686
2013.03.20 00:18:49.018,1.28681,1.28688
2013.03.20 00:18:49.077,1.28681,1.28688
2013.03.20 00:18:52.126,1.28682,1.28688
2013.03.20 00:18:52.676,1.28681,1.28687
2013.03.20 00:18:53.216,1.28681,1.28685
2013.03.20 00:18:53.766,1.28681,1.28685
2013.03.20 00:19:02.168,1.2868,1.28687
2013.03.20 00:19:02.707,1.28682,1.28686
2013.03.20 00:19:02.828,1.28682,1.28686
2013.03.20 00:19:06.676,1.28682,1.28686
2013.03.20 00:19:08.716,1.28682,1.28687
2013.03.20 00:19:11.925,1.28682,1.28687
2013.03.20 00:19:17.976,1.28682,1.28687
2013.03.20 00:19:24.337,1.28681,1.28686
2013.03.20 00:19:25.332,1.28681,1.28686
2013.03.20 00:19:25.993,1.2868,1.28686
2013.03.20 00:19:27.726,1.28681,1.28686
2013.03.20 00:19:33.131,1.28681,1.28686
2013.03.20 00:19:33.721,1.28681,1.28686
2013.03.20 00:19:50.157,1.28682,1.28688
2013.03.20 00:19:50.696,1.28682,1.28688
2013.03.20 00:19:51.237,1.28682,1.28687
2013.03.20 00:19:51.846,1.28679,1.28686
2013.03.20 00:19:56.847,1.28679,1.28686
2013.03.20 00:19:57.087,1.28678,1.28682
2013.03.20 00:19:57.269,1.28675,1.2868
2013.03.20 00:19:57.806,1.28673,1.28679
2013.03.20 00:19:58.179,1.28673,1.28678
2013.03.20 00:20:03.677,1.28673,1.28678
2013.03.20 00:20:04.208,1.28674,1.28679
2013.03.20 00:20:06.838,1.28674,1.28678
2013.03.20 00:20:07.257,1.28672,1.28677
2013.03.20 00:20:07.859,1.28669,1.28675
2013.03.20 00:20:08.487,1.2867,1.28675
2013.03.20 00:20:12.147,1.28669,1.28675
2013.03.20 00:20:14.956,1.28669,1.28674
2013.03.20 00:20:15.077,1.28669,1.28674
2013.03.20 00:20:15.518,1.28667,1.28674
2013.03.20 00:20:16.357,1.2867,1.28674
2013.03.20 00:20:16.416,1.2867,1.28675
2013.03.20 00:20:17.516,1.2867,1.28675
2013.03.20 00:20:21.447,1.2867,1.28675
2013.03.20 00:20:21.857,1.28671,1.28676
2013.03.20 00:20:22.216,1.28671,1.28676
2013.03.20 00:20:22.736,1.28671,1.28676
2013.03.20 00:20:31.036,1.28671,1.28677
2013.03.20 00:20:31.682,1.28671,1.28677
2013.03.20 00:20:32.117,1.2867,1.28676
2013.03.20 00:20:32.176,1.2867,1.28676
2013.03.20 00:20:32.358,1.28671,1.28676
2013.03.20 00:20:32.536,1.28671,1.28676
2013.03.20 00:20:33.770,1.28672,1.28677
2013.03.20 00:20:39.816,1.28672,1.28677
2013.03.20 00:20:40.409,1.28672,1.28677
2013.03.20 00:20:58.337,1.28671,1.28677
2013.03.20 00:20:59.866,1.28671,1.28677
2013.03.20 00:21:00.568,1.28671,1.28677
2013.03.20 00:21:01.230,1.28672,1.28677
2013.03.20 00:21:02.239,1.28671,1.28677
2013.03.20 00:21:04.514,1.28674,1.28677
2013.03.20 00:21:04.597,1.28677,1.2868
2013.03.20 00:21:04.967,1.2868,1.28684
2013.03.20 00:21:05.040,1.2868,1.28684
2013.03.20 00:21:05.407,1.28679,1.28684
2013.03.20 00:21:05.527,1.28678,1.28683
2013.03.20 00:21:06.077,1.28677,1.28682
2013.03.20 00:21:06.768,1.28677,1.28683
2013.03.20 00:21:08.987,1.28679,1.28683
2013.03.20 00:21:09.107,1.2868,1.28685
2013.03.20 00:21:09.408,1.28682,1.28686
2013.03.20 00:21:09.717,1.28686,1.2869
2013.03.20 00:21:10.263,1.28686,1.28692
2013.03.20 00:21:10.873,1.28685,1.28692
2013.03.20 00:21:11.799,1.28686,1.28693
2013.03.20 00:21:12.509,1.28686,1.28693
2013.03.20 00:21:16.377,1.28688,1.28693
2013.03.20 00:21:18.246,1.28686,1.28693
2013.03.20 00:21:21.198,1.2869,1.28694
2013.03.20 00:21:24.196,1.28689,1.28694
2013.03.20 00:21:25.726,1.28689,1.28694
2013.03.20 00:21:33.747,1.28689,1.28694
2013.03.20 00:21:38.838,1.28689,1.28695
2013.03.20 00:21:39.386,1.28688,1.28693
2013.03.20 00:21:42.207,1.28688,1.28694
2013.03.20 00:21:47.488,1.28688,1.28695
2013.03.20 00:21:48.087,1.28688,1.28694
2013.03.20 00:21:48.626,1.28688,1.28694
2013.03.20 00:21:59.032,1.28688,1.28691
2013.03.20 00:21:59.158,1.28688,1.28693
2013.03.20 00:21:59.696,1.28688,1.28694
2013.03.20 00:22:00.346,1.28687,1.28694
2013.03.20 00:22:00.951,1.28686,1.28694
2013.03.20 00:22:03.657,1.28688,1.28694
2013.03.20 00:22:04.257,1.28688,1.28694
2013.03.20 00:22:05.728,1.28687,1.28692
2013.03.20 00:22:09.896,1.28687,1.28692
2013.03.20 00:22:10.767,1.28686,1.28691
2013.03.20 00:22:11.329,1.28686,1.2869
2013.03.20 00:22:13.097,1.28685,1.2869
2013.03.20 00:22:13.278,1.28683,1.28687
2013.03.20 00:22:13.337,1.28681,1.28686
2013.03.20 00:22:14.066,1.28681,1.28686
2013.03.20 00:22:14.366,1.28682,1.28688
2013.03.20 00:22:14.894,1.28682,1.28688
2013.03.20 00:22:15.497,1.28682,1.28688
2013.03.20 00:22:37.216,1.28682,1.28688
2013.03.20 00:22:37.456,1.28681,1.28688
2013.03.20 00:22:39.796,1.28681,1.28686
2013.03.20 00:22:41.567,1.28682,1.28687
2013.03.20 00:22:42.106,1.28683,1.28689
2013.03.20 00:22:42.650,1.28684,1.28688
2013.03.20 00:22:43.826,1.28684,1.28688
2013.03.20 00:22:45.148,1.28684,1.28689
2013.03.20 00:22:58.847,1.28685,1.28689
2013.03.20 00:22:59.837,1.28685,1.28689
2013.03.20 00:22:59.897,1.28685,1.2869
2013.03.20 00:23:00.329,1.28689,1.28695
2013.03.20 00:23:00.447,1.2869,1.28695
2013.03.20 00:23:00.977,1.2869,1.28696
2013.03.20 00:23:01.537,1.2869,1.28695
2013.03.20 00:23:02.097,1.2869,1.28695
2013.03.20 00:23:02.652,1.2869,1.28695
2013.03.20 00:23:05.530,1.28692,1.28697
2013.03.20 00:23:05.596,1.28692,1.28697
2013.03.20 00:23:05.657,1.28692,1.28698
2013.03.20 00:23:06.206,1.28693,1.28698
2013.03.20 00:23:06.746,1.28694,1.28704
2013.03.20 00:23:07.227,1.28694,1.287
2013.03.20 00:23:18.491,1.28695,1.287
2013.03.20 00:23:18.997,1.28693,1.28699
2013.03.20 00:23:22.266,1.28692,1.28697
2013.03.20 00:23:23.656,1.28692,1.28697
2013.03.20 00:23:23.838,1.28691,1.28696
2013.03.20 00:23:23.959,1.28689,1.28694
2013.03.20 00:23:24.020,1.28688,1.28693
2013.03.20 00:23:24.318,1.28685,1.28692
2013.03.20 00:23:24.676,1.28685,1.28691
2013.03.20 00:23:28.226,1.28685,1.28691
2013.03.20 00:23:30.387,1.28685,1.28693
2013.03.20 00:23:30.638,1.28691,1.28695
2013.03.20 00:23:30.816,1.28691,1.28695
2013.03.20 00:23:31.371,1.28691,1.28695
2013.03.20 00:23:33.957,1.28692,1.28697
2013.03.20 00:23:34.017,1.28692,1.28697
2013.03.20 00:23:34.617,1.28693,1.28697
2013.03.20 00:23:41.336,1.28691,1.28695
2013.03.20 00:23:41.877,1.28691,1.28696
2013.03.20 00:23:46.276,1.28692,1.28696
2013.03.20 00:23:46.827,1.28692,1.28697
2013.03.20 00:23:50.309,1.28693,1.28697
2013.03.20 00:23:54.836,1.28694,1.28697
2013.03.20 00:23:59.848,1.28694,1.28698
2013.03.20 00:24:00.329,1.28695,1.28699
2013.03.20 00:24:00.658,1.28698,1.28701
2013.03.20 00:24:04.867,1.28696,1.28701
2013.03.20 00:24:05.407,1.28699,1.28702
2013.03.20 00:24:08.087,1.28697,1.28702
2013.03.20 00:24:15.868,1.28698,1.28703
2013.03.20 00:24:17.337,1.28697,1.28701
2013.03.20 00:24:19.756,1.28697,1.28701
2013.03.20 00:24:19.950,1.28697,1.28702
2013.03.20 00:24:29.876,1.28697,1.28701
2013.03.20 00:24:30.418,1.28696,1.28701
2013.03.20 00:24:43.247,1.28698,1.28703
2013.03.20 00:24:43.946,1.28698,1.28703
2013.03.20 00:24:44.619,1.28698,1.28703
2013.03.20 00:24:46.506,1.28699,1.28703
2013.03.20 00:24:46.807,1.28701,1.28703
2013.03.20 00:24:46.868,1.28703,1.28707
2013.03.20 00:24:46.988,1.28705,1.28709
2013.03.20 00:24:47.050,1.28704,1.28709
2013.03.20 00:24:47.237,1.28701,1.28706
2013.03.20 00:24:47.297,1.28699,1.28705
2013.03.20 00:24:47.597,1.28699,1.28703
2013.03.20 00:24:48.202,1.28699,1.28703
2013.03.20 00:24:49.577,1.28697,1.28701
2013.03.20 00:24:49.758,1.28694,1.28699
2013.03.20 00:24:50.296,1.28694,1.28699
2013.03.20 00:24:50.576,1.28693,1.28699
2013.03.20 00:24:53.607,1.28693,1.28698
2013.03.20 00:24:54.146,1.2869,1.28695
2013.03.20 00:24:54.206,1.2869,1.28695
2013.03.20 00:24:54.726,1.2869,1.28695
2013.03.20 00:24:56.299,1.2869,1.28695
2013.03.20 00:24:56.537,1.28688,1.28692
2013.03.20 00:24:56.837,1.28685,1.28689
2013.03.20 00:24:56.958,1.28684,1.28688
2013.03.20 00:24:57.077,1.28682,1.28687
2013.03.20 00:24:57.259,1.2868,1.28684
2013.03.20 00:24:57.797,1.2868,1.28684
2013.03.20 00:24:58.467,1.2868,1.28684
2013.03.20 00:25:00.168,1.2868,1.28684
2013.03.20 00:25:00.686,1.2868,1.28684
2013.03.20 00:25:01.207,1.2868,1.28684
2013.03.20 00:25:01.849,1.2868,1.28685
2013.03.20 00:25:02.341,1.28681,1.28686
2013.03.20 00:25:02.409,1.28679,1.28685
2013.03.20 00:25:02.956,1.2868,1.28685
2013.03.20 00:25:05.177,1.2868,1.28685
2013.03.20 00:25:07.877,1.2868,1.28685
2013.03.20 00:25:08.499,1.28679,1.28685
2013.03.20 00:25:14.586,1.28679,1.28684
2013.03.20 00:25:16.498,1.28681,1.28685
2013.03.20 00:25:16.557,1.28679,1.28686
2013.03.20 00:25:17.068,1.28679,1.28685
2013.03.20 00:25:18.517,1.2868,1.28685
2013.03.20 00:25:23.436,1.28681,1.28686
2013.03.20 00:25:24.092,1.28682,1.28687
2013.03.20 00:25:24.636,1.28682,1.28688
2013.03.20 00:25:25.137,1.28683,1.28688
2013.03.20 00:25:25.678,1.28685,1.28689
2013.03.20 00:25:26.037,1.28692,1.28696
2013.03.20 00:25:26.350,1.28697,1.28702
2013.03.20 00:25:26.717,1.28699,1.28704
2013.03.20 00:25:27.138,1.28702,1.28707
2013.03.20 00:25:27.198,1.28703,1.28707
2013.03.20 00:25:27.258,1.28702,1.28707
2013.03.20 00:25:27.498,1.28703,1.28709
2013.03.20 00:25:27.907,1.28704,1.28709
2013.03.20 00:25:28.457,1.28704,1.28709
2013.03.20 00:25:28.967,1.28703,1.28707
2013.03.20 00:25:29.028,1.28702,1.28706
2013.03.20 00:25:29.268,1.28697,1.28703
2013.03.20 00:25:29.327,1.28697,1.287
2013.03.20 00:25:29.687,1.28694,1.28699
2013.03.20 00:25:30.207,1.28694,1.28699
2013.03.20 00:25:30.387,1.28696,1.28699
2013.03.20 00:25:30.747,1.28699,1.28702
2013.03.20 00:25:31.048,1.28702,1.28705
2013.03.20 00:25:31.737,1.28704,1.28707
2013.03.20 00:25:32.268,1.28703,1.28708
2013.03.20 00:25:33.357,1.28702,1.28708
2013.03.20 00:25:33.537,1.28698,1.28705
2013.03.20 00:25:33.598,1.28701,1.28706
2013.03.20 00:25:33.658,1.28699,1.28706
2013.03.20 00:25:33.794,1.28696,1.28701
2013.03.20 00:25:34.219,1.28697,1.28701
2013.03.20 00:25:34.468,1.28693,1.28699
2013.03.20 00:25:34.648,1.28693,1.28698
2013.03.20 00:25:38.317,1.28694,1.28698
2013.03.20 00:25:38.856,1.28691,1.28696
2013.03.20 00:25:40.998,1.28691,1.28695
2013.03.20 00:25:41.538,1.28688,1.28693
2013.03.20 00:25:41.839,1.28685,1.2869
2013.03.20 00:25:42.491,1.28685,1.2869
2013.03.20 00:25:44.636,1.28685,1.2869
2013.03.20 00:25:45.177,1.28686,1.28691
2013.03.20 00:25:45.237,1.28687,1.28692
2013.03.20 00:25:45.417,1.28689,1.28691
2013.03.20 00:25:49.357,1.28689,1.28692
2013.03.20 00:25:50.268,1.28688,1.28692
2013.03.20 00:25:50.820,1.28689,1.28693
2013.03.20 00:25:51.047,1.2869,1.28695
2013.03.20 00:25:52.187,1.2869,1.28695
2013.03.20 00:25:53.655,1.2869,1.28695
2013.03.20 00:26:01.616,1.2869,1.28695
2013.03.20 00:26:06.525,1.2869,1.28695
2013.03.20 00:26:10.588,1.2869,1.28695
2013.03.20 00:26:24.496,1.2869,1.28695
2013.03.20 00:26:25.037,1.28691,1.28696
2013.03.20 00:26:25.677,1.28691,1.28696
2013.03.20 00:26:27.777,1.28691,1.28696
2013.03.20 00:26:35.096,1.28692,1.28697
2013.03.20 00:26:35.758,1.28691,1.28696
2013.03.20 00:26:38.157,1.28693,1.28698
2013.03.20 00:26:38.278,1.28693,1.28698
2013.03.20 00:26:38.697,1.28694,1.28697
2013.03.20 00:26:39.237,1.28694,1.287
2013.03.20 00:26:41.329,1.28696,1.28701
2013.03.20 00:26:41.409,1.287,1.28705
2013.03.20 00:26:41.935,1.287,1.28705
2013.03.20 00:26:42.480,1.28703,1.28707
2013.03.20 00:26:42.600,1.28706,1.28709
2013.03.20 00:26:42.669,1.28706,1.28709
2013.03.20 00:26:42.860,1.28707,1.28711
2013.03.20 00:26:43.218,1.28707,1.28714
2013.03.20 00:26:43.638,1.28707,1.28711
2013.03.20 00:26:44.305,1.28707,1.28711
2013.03.20 00:26:44.758,1.28706,1.2871
2013.03.20 00:26:44.999,1.28705,1.2871
2013.03.20 00:26:45.298,1.287,1.28706
2013.03.20 00:26:45.358,1.287,1.28705
2013.03.20 00:26:47.907,1.287,1.28705
2013.03.20 00:26:48.648,1.287,1.28705
2013.03.20 00:26:48.769,1.287,1.28705
2013.03.20 00:26:48.897,1.287,1.28705
2013.03.20 00:26:58.347,1.28701,1.28705
2013.03.20 00:26:58.408,1.287,1.28705
2013.03.20 00:26:58.974,1.28701,1.28706
2013.03.20 00:27:03.109,1.28701,1.28705
2013.03.20 00:27:03.243,1.287,1.28702
2013.03.20 00:27:03.310,1.28698,1.28702
2013.03.20 00:27:03.489,1.28695,1.28701
2013.03.20 00:27:03.801,1.2869,1.28695
2013.03.20 00:27:04.068,1.2869,1.28695
2013.03.20 00:27:04.607,1.28688,1.28693
2013.03.20 00:27:05.113,1.28687,1.28692
2013.03.20 00:27:05.648,1.28688,1.28692
2013.03.20 00:27:06.188,1.28687,1.28691
2013.03.20 00:27:06.727,1.28686,1.28691
2013.03.20 00:27:13.508,1.28685,1.2869
2013.03.20 00:27:13.627,1.28685,1.2869
2013.03.20 00:27:15.197,1.28685,1.28691
2013.03.20 00:27:15.717,1.28685,1.28691
2013.03.20 00:27:18.642,1.28688,1.28692
2013.03.20 00:27:18.768,1.28688,1.28694
2013.03.20 00:27:18.827,1.28688,1.28693
2013.03.20 00:27:19.369,1.28688,1.28693
2013.03.20 00:27:19.937,1.28688,1.28693
2013.03.20 00:27:20.591,1.28689,1.28694
2013.03.20 00:27:22.680,1.28688,1.28694
2013.03.20 00:27:23.010,1.2869,1.28694
2013.03.20 00:27:23.078,1.28691,1.28695
2013.03.20 00:27:23.197,1.28691,1.28697
2013.03.20 00:27:23.438,1.28692,1.28697
2013.03.20 00:27:23.638,1.28695,1.28701
2013.03.20 00:27:23.817,1.28696,1.28701
2013.03.20 00:27:24.357,1.28697,1.28703
2013.03.20 00:27:24.970,1.28697,1.28703
2013.03.20 00:27:26.446,1.28697,1.28703
2013.03.20 00:27:30.527,1.28696,1.28702
2013.03.20 00:27:33.227,1.28696,1.28702
2013.03.20 00:27:36.456,1.28697,1.28703
2013.03.20 00:27:37.012,1.28698,1.28703
2013.03.20 00:27:40.740,1.28696,1.28701
2013.03.20 00:27:40.987,1.28697,1.28702
2013.03.20 00:27:41.240,1.28696,1.28702
2013.03.20 00:27:41.777,1.28695,1.287
2013.03.20 00:27:43.617,1.28695,1.287
2013.03.20 00:27:51.406,1.28695,1.287
2013.03.20 00:27:51.708,1.28692,1.28698
2013.03.20 00:27:51.768,1.28692,1.28698
2013.03.20 00:27:52.131,1.28692,1.28695
2013.03.20 00:27:52.198,1.28691,1.28695
2013.03.20 00:27:52.807,1.28691,1.28694
2013.03.20 00:27:57.348,1.2869,1.28695
2013.03.20 00:28:05.907,1.2869,1.28694
2013.03.20 00:28:11.878,1.2869,1.28694
2013.03.20 00:28:12.058,1.2869,1.28696
2013.03.20 00:28:12.597,1.2869,1.28697
2013.03.20 00:28:13.137,1.2869,1.28695
2013.03.20 00:28:18.018,1.2869,1.28696
2013.03.20 00:28:21.539,1.28691,1.28696
2013.03.20 00:28:21.657,1.28693,1.28699
2013.03.20 00:28:22.197,1.28694,1.28699
2013.03.20 00:28:25.450,1.28694,1.28699
2013.03.20 00:28:25.758,1.28694,1.28699
2013.03.20 00:28:27.047,1.28693,1.28698
2013.03.20 00:28:29.087,1.28693,1.28698
2013.03.20 00:28:29.207,1.28691,1.28697
2013.03.20 00:28:29.629,1.2869,1.28696
2013.03.20 00:28:30.311,1.28691,1.28696
2013.03.20 00:28:31.729,1.28691,1.28694
2013.03.20 00:28:32.339,1.28689,1.28694
2013.03.20 00:28:33.888,1.28689,1.28696
2013.03.20 00:28:34.721,1.2869,1.28696
2013.03.20 00:28:43.108,1.2869,1.28696
2013.03.20 00:28:43.978,1.2869,1.28696
2013.03.20 00:28:46.269,1.2869,1.28696
2013.03.20 00:28:46.807,1.2869,1.28696
2013.03.20 00:28:48.662,1.2869,1.28693
2013.03.20 00:28:49.217,1.28686,1.28692
2013.03.20 00:28:49.340,1.28686,1.28691
2013.03.20 00:28:49.938,1.28686,1.2869
2013.03.20 00:28:51.179,1.28685,1.2869
2013.03.20 00:28:51.737,1.28685,1.28692
2013.03.20 00:28:53.328,1.28685,1.28692
2013.03.20 00:28:53.867,1.28687,1.28693
2013.03.20 00:29:01.297,1.28687,1.28691
2013.03.20 00:29:01.837,1.28686,1.2869
2013.03.20 00:29:01.958,1.28686,1.2869
2013.03.20 00:29:05.907,1.28686,1.28691
2013.03.20 00:29:05.968,1.28686,1.28691
2013.03.20 00:29:06.281,1.28687,1.28693
2013.03.20 00:29:06.798,1.28688,1.28694
2013.03.20 00:29:07.708,1.28688,1.28694
2013.03.20 00:29:08.257,1.28688,1.28694
2013.03.20 00:29:20.977,1.28689,1.28694
2013.03.20 00:29:23.277,1.28689,1.28695
2013.03.20 00:29:43.407,1.28689,1.28695
2013.03.20 00:29:48.977,1.28689,1.28695
2013.03.20 00:30:05.533,1.28689,1.28695
2013.03.20 00:30:12.088,1.28687,1.28693
2013.03.20 00:30:12.147,1.28686,1.28693
2013.03.20 00:30:12.651,1.28686,1.28692
2013.03.20 00:30:13.577,1.28686,1.28692
2013.03.20 00:30:13.877,1.28684,1.28691
2013.03.20 00:30:14.058,1.28684,1.2869
2013.03.20 00:30:14.479,1.28681,1.28688
2013.03.20 00:30:14.898,1.28679,1.28684
2013.03.20 00:30:15.019,1.28678,1.28683
2013.03.20 00:30:15.198,1.28675,1.28681
2013.03.20 00:30:15.737,1.28675,1.28681
2013.03.20 00:30:16.178,1.28673,1.28679
2013.03.20 00:30:20.608,1.28673,1.28679
2013.03.20 00:30:21.195,1.28673,1.28679
2013.03.20 00:30:22.332,1.28672,1.28679
2013.03.20 00:30:22.972,1.2867,1.28676
2013.03.20 00:30:24.608,1.2867,1.28675
2013.03.20 00:30:24.909,1.28669,1.28673
2013.03.20 00:30:25.418,1.28667,1.28672
2013.03.20 00:30:25.777,1.28666,1.28671
2013.03.20 00:30:25.958,1.28666,1.28671
2013.03.20 00:30:26.677,1.28665,1.2867
2013.03.20 00:30:27.677,1.28665,1.2867
2013.03.20 00:30:27.988,1.28664,1.2867
2013.03.20 00:30:28.348,1.28663,1.28667
2013.03.20 00:30:28.903,1.28662,1.28667
2013.03.20 00:30:29.457,1.28662,1.28667
2013.03.20 00:30:30.350,1.28664,1.2867
2013.03.20 00:30:30.419,1.28668,1.2867
2013.03.20 00:30:30.608,1.28668,1.28672
2013.03.20 00:30:30.728,1.28669,1.28674
2013.03.20 00:30:31.267,1.28669,1.28675
2013.03.20 00:30:32.667,1.2867,1.28675
2013.03.20 00:30:33.567,1.2867,1.28675
2013.03.20 00:30:34.220,1.2867,1.28676
2013.03.20 00:30:34.757,1.28671,1.28676
2013.03.20 00:30:38.122,1.28674,1.28678
2013.03.20 00:30:38.307,1.28674,1.28679
2013.03.20 00:30:38.905,1.28674,1.28679
2013.03.20 00:30:40.407,1.28674,1.2868
2013.03.20 00:30:42.618,1.28679,1.28681
2013.03.20 00:30:42.799,1.28682,1.28686
2013.03.20 00:30:42.920,1.28682,1.28688
2013.03.20 00:30:42.989,1.28684,1.2869
2013.03.20 00:30:43.109,1.28688,1.28694
2013.03.20 00:30:43.240,1.28689,1.28695
2013.03.20 00:30:43.788,1.28689,1.28696
2013.03.20 00:30:44.160,1.2869,1.28697
2013.03.20 00:30:44.578,1.28692,1.28699
2013.03.20 00:30:44.938,1.28694,1.28702
2013.03.20 00:30:45.298,1.28693,1.28696
2013.03.20 00:30:45.837,1.28693,1.28698
2013.03.20 00:30:45.897,1.28693,1.28699
2013.03.20 00:30:46.201,1.28691,1.28696
2013.03.20 00:30:46.388,1.28687,1.28693
2013.03.20 00:30:46.930,1.28687,1.28693
2013.03.20 00:30:48.497,1.28686,1.28691
2013.03.20 00:30:48.557,1.28685,1.28691
2013.03.20 00:30:49.350,1.28685,1.2869
2013.03.20 00:30:49.419,1.28684,1.28688
2013.03.20 00:30:49.718,1.28679,1.28685
2013.03.20 00:30:49.779,1.28679,1.28683
2013.03.20 00:30:50.317,1.28676,1.28683
2013.03.20 00:30:50.378,1.28677,1.28684
2013.03.20 00:30:51.236,1.28678,1.28683
2013.03.20 00:30:51.311,1.28676,1.28683
2013.03.20 00:30:51.858,1.28676,1.28683
2013.03.20 00:30:52.579,1.28677,1.28683
2013.03.20 00:30:55.038,1.28676,1.28682
2013.03.20 00:30:55.678,1.28676,1.28682
2013.03.20 00:30:56.718,1.28675,1.28683
2013.03.20 00:30:57.022,1.28675,1.28681
2013.03.20 00:30:57.269,1.28672,1.28679
2013.03.20 00:30:57.568,1.28672,1.28676
2013.03.20 00:30:57.987,1.2867,1.28676
2013.03.20 00:30:58.537,1.2867,1.28676
2013.03.20 00:30:59.527,1.28671,1.28676
2013.03.20 00:31:00.009,1.28669,1.28674
2013.03.20 00:31:00.077,1.28668,1.28674
2013.03.20 00:31:00.798,1.28667,1.28673
2013.03.20 00:31:01.337,1.28667,1.28674
2013.03.20 00:31:03.651,1.28668,1.28673
2013.03.20 00:31:06.398,1.28667,1.28674
2013.03.20 00:31:07.669,1.28668,1.28674
2013.03.20 00:31:07.728,1.28668,1.28674
2013.03.20 00:31:07.787,1.28671,1.28674
2013.03.20 00:31:08.630,1.28671,1.28674
2013.03.20 00:31:08.690,1.28668,1.28674
2013.03.20 00:31:09.407,1.28668,1.28674
2013.03.20 00:31:10.567,1.28668,1.28673
2013.03.20 00:31:10.749,1.28665,1.2867
2013.03.20 00:31:11.118,1.28663,1.28669
2013.03.20 00:31:11.178,1.28662,1.28669
2013.03.20 00:31:11.239,1.28662,1.28668
2013.03.20 00:31:12.168,1.28662,1.28667
2013.03.20 00:31:12.730,1.28662,1.28669
2013.03.20 00:31:13.041,1.28668,1.28671
2013.03.20 00:31:13.817,1.28669,1.28675
2013.03.20 00:31:13.899,1.28675,1.2868
2013.03.20 00:31:14.467,1.28675,1.2868
2013.03.20 00:31:17.298,1.28675,1.2868
2013.03.20 00:31:17.479,1.28677,1.28682
2013.03.20 00:31:17.720,1.28679,1.28685
2013.03.20 00:31:18.227,1.2868,1.28686
2013.03.20 00:31:18.768,1.2868,1.28686
2013.03.20 00:31:19.328,1.2868,1.28686
2013.03.20 00:31:19.988,1.2868,1.28683
2013.03.20 00:31:20.528,1.28678,1.28684
2013.03.20 00:31:20.648,1.28678,1.28686
2013.03.20 00:31:22.398,1.2868,1.28686
2013.03.20 00:31:27.088,1.2868,1.28685
2013.03.20 00:31:27.627,1.2868,1.28685
2013.03.20 00:31:30.588,1.28678,1.28683
2013.03.20 00:31:30.829,1.28677,1.2868
2013.03.20 00:31:30.890,1.28675,1.2868
2013.03.20 00:31:31.019,1.28673,1.28679
2013.03.20 00:31:31.258,1.28669,1.28676
2013.03.20 00:31:31.798,1.28666,1.28674
2013.03.20 00:31:32.419,1.28668,1.28673
2013.03.20 00:31:33.207,1.28668,1.28673
2013.03.20 00:31:35.600,1.28669,1.28674
2013.03.20 00:31:41.788,1.28669,1.28675
2013.03.20 00:31:41.969,1.28669,1.28673
2013.03.20 00:31:42.208,1.28666,1.28671
2013.03.20 00:31:42.628,1.28667,1.28671
2013.03.20 00:31:42.687,1.28667,1.28674
2013.03.20 00:31:43.306,1.28668,1.28674
2013.03.20 00:31:54.868,1.28668,1.28671
2013.03.20 00:31:54.928,1.28666,1.28671
2013.03.20 00:32:02.911,1.28667,1.28672
2013.03.20 00:32:03.518,1.28665,1.28671
2013.03.20 00:32:04.178,1.28667,1.28672
2013.03.20 00:32:04.299,1.28667,1.28673
2013.03.20 00:32:04.360,1.28666,1.28671
2013.03.20 00:32:04.728,1.28665,1.28671
2013.03.20 00:32:04.968,1.28666,1.28672
2013.03.20 00:32:05.327,1.28666,1.28673
2013.03.20 00:32:07.028,1.28666,1.28672
2013.03.20 00:32:07.208,1.28665,1.28671
2013.03.20 00:32:07.718,1.28663,1.2867
2013.03.20 00:32:08.079,1.28663,1.28669
2013.03.20 00:32:08.618,1.28662,1.28668
2013.03.20 00:32:09.258,1.28662,1.28668
2013.03.20 00:32:09.797,1.28661,1.28667
2013.03.20 00:32:10.300,1.28661,1.28667
2013.03.20 00:32:12.967,1.28661,1.28667
2013.03.20 00:32:19.588,1.2866,1.28666
2013.03.20 00:32:19.708,1.28659,1.28665
2013.03.20 00:32:20.428,1.28659,1.28664
2013.03.20 00:32:33.418,1.28658,1.28664
2013.03.20 00:32:34.378,1.28658,1.28664
2013.03.20 00:32:38.827,1.28657,1.28662
2013.03.20 00:32:40.169,1.28658,1.28661
2013.03.20 00:32:40.349,1.28654,1.28659
2013.03.20 00:32:40.915,1.28654,1.28659
2013.03.20 00:32:41.005,1.28654,1.2866
2013.03.20 00:32:41.267,1.28655,1.28661
2013.03.20 00:32:41.809,1.28656,1.28661
2013.03.20 00:32:45.107,1.28656,1.28661
2013.03.20 00:32:46.268,1.28656,1.28662
2013.03.20 00:32:46.817,1.28657,1.28663
2013.03.20 00:32:47.129,1.28657,1.2866
2013.03.20 00:32:47.308,1.28655,1.2866
2013.03.20 00:32:47.429,1.28658,1.2866
2013.03.20 00:32:47.549,1.28658,1.28662
2013.03.20 00:32:47.670,1.28658,1.28663
2013.03.20 00:32:48.028,1.2866,1.28664
2013.03.20 00:32:48.576,1.2866,1.28665
2013.03.20 00:32:49.127,1.28661,1.28666
2013.03.20 00:32:49.778,1.28661,1.28666
2013.03.20 00:32:51.760,1.28659,1.28663
2013.03.20 00:32:51.818,1.28658,1.28663
2013.03.20 00:32:51.880,1.28656,1.28663
2013.03.20 00:32:52.417,1.28656,1.28662
2013.03.20 00:32:52.956,1.28656,1.28661
2013.03.20 00:32:54.888,1.28655,1.2866
2013.03.20 00:32:55.066,1.28654,1.28659
2013.03.20 00:32:55.366,1.28654,1.28659
2013.03.20 00:33:00.098,1.28654,1.28656
2013.03.20 00:33:00.167,1.28652,1.28656
2013.03.20 00:33:00.227,1.28649,1.28656
2013.03.20 00:33:00.407,1.28649,1.28653
2013.03.20 00:33:00.767,1.28649,1.28654
2013.03.20 00:33:01.327,1.28649,1.28656
2013.03.20 00:33:01.869,1.28649,1.28655
2013.03.20 00:33:03.428,1.2865,1.28654
2013.03.20 00:33:03.667,1.2865,1.28653
2013.03.20 00:33:03.907,1.28649,1.28654
2013.03.20 00:33:04.446,1.28649,1.28654
2013.03.20 00:33:04.986,1.28649,1.28653
2013.03.20 00:33:05.508,1.28649,1.28653
2013.03.20 00:33:06.056,1.28649,1.28653
2013.03.20 00:33:09.446,1.2865,1.28655
2013.03.20 00:33:09.627,1.28649,1.28655
2013.03.20 00:33:09.926,1.28647,1.28651
2013.03.20 00:33:09.988,1.28646,1.28652
2013.03.20 00:33:10.526,1.28646,1.28651
2013.03.20 00:33:11.395,1.28645,1.28651
2013.03.20 00:33:11.906,1.28648,1.28651
2013.03.20 00:33:12.446,1.28648,1.28653
2013.03.20 00:33:13.165,1.28648,1.28654
2013.03.20 00:33:13.716,1.28648,1.28654
2013.03.20 00:33:14.497,1.28649,1.28654
2013.03.20 00:33:15.518,1.28651,1.28654
2013.03.20 00:33:15.589,1.28653,1.28658
2013.03.20 00:33:15.837,1.28655,1.28658
2013.03.20 00:33:16.376,1.28656,1.28659
2013.03.20 00:33:17.407,1.28656,1.2866
2013.03.20 00:33:18.286,1.28655,1.2866
2013.03.20 00:33:18.346,1.28655,1.28659
2013.03.20 00:33:19.286,1.28656,1.2866
2013.03.20 00:33:19.588,1.28657,1.28661
2013.03.20 00:33:19.897,1.28659,1.28662
2013.03.20 00:33:20.196,1.2866,1.28665
2013.03.20 00:33:20.557,1.28661,1.28666
2013.03.20 00:33:21.096,1.28662,1.28666
2013.03.20 00:33:21.638,1.2866,1.28665
2013.03.20 00:33:22.000,1.28658,1.28665
2013.03.20 00:33:23.967,1.2866,1.28665
2013.03.20 00:33:24.475,1.2866,1.28665
2013.03.20 00:33:24.986,1.2866,1.28664
2013.03.20 00:33:27.301,1.28659,1.28665
2013.03.20 00:33:32.886,1.28659,1.28664
2013.03.20 00:33:33.966,1.28659,1.28665
2013.03.20 00:33:34.027,1.28657,1.28661
2013.03.20 00:33:34.148,1.28655,1.28659
2013.03.20 00:33:34.206,1.28655,1.28659
2013.03.20 00:33:34.266,1.28651,1.28656
2013.03.20 00:33:34.447,1.28649,1.28654
2013.03.20 00:33:34.866,1.28648,1.28654
2013.03.20 00:33:35.289,1.28647,1.28651
2013.03.20 00:33:35.358,1.28646,1.28651
2013.03.20 00:33:35.907,1.28647,1.28651
2013.03.20 00:33:35.966,1.28647,1.28652
2013.03.20 00:33:36.506,1.28649,1.28653
2013.03.20 00:33:36.566,1.28647,1.28653
2013.03.20 00:33:37.093,1.28648,1.28653
2013.03.20 00:33:37.927,1.28649,1.28652
2013.03.20 00:33:39.676,1.28648,1.2865
2013.03.20 00:33:40.996,1.28647,1.28653
2013.03.20 00:33:43.207,1.28647,1.28651
2013.03.20 00:33:43.387,1.28647,1.28649
2013.03.20 00:33:43.628,1.28641,1.28646
2013.03.20 00:33:43.757,1.28638,1.28644
2013.03.20 00:33:43.817,1.28638,1.28644
2013.03.20 00:33:44.361,1.28638,1.28643
2013.03.20 00:33:44.427,1.28638,1.28643
2013.03.20 00:33:44.966,1.28637,1.28643
2013.03.20 00:33:46.547,1.28636,1.28643
2013.03.20 00:33:47.064,1.28636,1.28641
2013.03.20 00:33:47.607,1.28636,1.28642
2013.03.20 00:33:50.008,1.28637,1.2864
2013.03.20 00:33:53.396,1.28637,1.2864
2013.03.20 00:33:53.903,1.28637,1.28642
2013.03.20 00:33:57.937,1.28636,1.2864
2013.03.20 00:33:58.358,1.28635,1.28638
2013.03.20 00:33:58.896,1.28634,1.28637
2013.03.20 00:34:02.037,1.28634,1.28638
2013.03.20 00:34:02.347,1.28634,1.28638
2013.03.20 00:34:02.886,1.28636,1.28639
2013.03.20 00:34:03.431,1.28636,1.28639
2013.03.20 00:34:03.737,1.28639,1.28642
2013.03.20 00:34:03.918,1.2864,1.28643
2013.03.20 00:34:04.277,1.28643,1.28646
2013.03.20 00:34:04.578,1.28647,1.2865
2013.03.20 00:34:04.937,1.28649,1.28654
2013.03.20 00:34:05.803,1.2865,1.28658
2013.03.20 00:34:05.882,1.28658,1.28663
2013.03.20 00:34:06.126,1.28659,1.28663
2013.03.20 00:34:06.688,1.2866,1.28663
2013.03.20 00:34:08.468,1.28659,1.28663
2013.03.20 00:34:09.019,1.2866,1.28664
2013.03.20 00:34:15.596,1.2866,1.28664
2013.03.20 00:34:17.037,1.2866,1.28665
2013.03.20 00:34:17.597,1.2866,1.28664
2013.03.20 00:34:18.678,1.2866,1.28664
2013.03.20 00:34:27.607,1.28659,1.28664
2013.03.20 00:34:28.156,1.28659,1.28664
2013.03.20 00:34:30.077,1.28658,1.28663
2013.03.20 00:34:30.616,1.28658,1.28663
2013.03.20 00:34:31.176,1.28658,1.28663
2013.03.20 00:34:31.856,1.2866,1.28663
2013.03.20 00:34:32.947,1.28659,1.28662
2013.03.20 00:34:34.921,1.28659,1.28662
2013.03.20 00:34:36.486,1.28659,1.28663
2013.03.20 00:34:41.326,1.28659,1.28663
2013.03.20 00:34:41.866,1.2866,1.28663
2013.03.20 00:34:42.735,1.2866,1.28664
2013.03.20 00:34:43.307,1.28662,1.28664
2013.03.20 00:34:43.487,1.28662,1.28667
2013.03.20 00:34:43.547,1.28664,1.28668
2013.03.20 00:34:44.229,1.28668,1.28672
2013.03.20 00:34:44.311,1.28673,1.28677
2013.03.20 00:34:44.449,1.28673,1.28677
2013.03.20 00:34:44.817,1.28675,1.28677
2013.03.20 00:34:44.937,1.28675,1.2868
2013.03.20 00:34:44.997,1.28675,1.28681
2013.03.20 00:34:45.058,1.28675,1.28682
2013.03.20 00:34:45.301,1.28679,1.28686
2013.03.20 00:34:45.608,1.28686,1.28692
2013.03.20 00:34:45.726,1.28686,1.28692
2013.03.20 00:34:46.267,1.28686,1.28692
2013.03.20 00:34:47.139,1.28686,1.28691
2013.03.20 00:34:47.268,1.28686,1.28691
2013.03.20 00:34:47.508,1.28684,1.2869
2013.03.20 00:34:47.870,1.28679,1.28685
2013.03.20 00:34:47.997,1.28677,1.28681
2013.03.20 00:34:48.176,1.28675,1.28681
2013.03.20 00:34:48.537,1.28674,1.28681
2013.03.20 00:34:48.957,1.28673,1.28678
2013.03.20 00:34:49.454,1.28673,1.28676
2013.03.20 00:34:49.591,1.28671,1.28676
2013.03.20 00:34:49.837,1.28669,1.28674
2013.03.20 00:34:50.017,1.28667,1.28671
2013.03.20 00:34:50.557,1.28667,1.28671
2013.03.20 00:34:51.096,1.28668,1.28671
2013.03.20 00:34:54.658,1.28665,1.28669
2013.03.20 00:34:54.776,1.28665,1.28669
2013.03.20 00:34:54.956,1.28663,1.28669
2013.03.20 00:34:55.513,1.28663,1.28666
2013.03.20 00:34:55.578,1.28663,1.28666
2013.03.20 00:34:56.136,1.28663,1.28666
2013.03.20 00:34:58.466,1.28663,1.28667
2013.03.20 00:35:01.187,1.28663,1.28668
2013.03.20 00:35:05.186,1.28664,1.28668
2013.03.20 00:35:05.739,1.28665,1.28668
2013.03.20 00:35:08.017,1.28662,1.28668
2013.03.20 00:35:08.137,1.28662,1.28666
2013.03.20 00:35:08.676,1.28662,1.28666
2013.03.20 00:35:13.606,1.28662,1.28667
2013.03.20 00:35:24.167,1.28662,1.28666
2013.03.20 00:35:24.357,1.28659,1.28664
2013.03.20 00:35:36.576,1.28658,1.28664
2013.03.20 00:35:36.976,1.2866,1.28664
2013.03.20 00:35:39.024,1.2866,1.28665
2013.03.20 00:35:43.276,1.2866,1.28665
2013.03.20 00:35:45.086,1.2866,1.28665
2013.03.20 00:35:45.566,1.28657,1.28662
2013.03.20 00:35:45.807,1.28658,1.28661
2013.03.20 00:35:46.327,1.28656,1.28661
2013.03.20 00:35:46.506,1.28655,1.2866
2013.03.20 00:35:46.566,1.28654,1.2866
2013.03.20 00:35:46.628,1.28654,1.28656
2013.03.20 00:35:47.166,1.2865,1.28656
2013.03.20 00:35:48.135,1.28651,1.28656
2013.03.20 00:35:48.255,1.28651,1.28656
2013.03.20 00:35:49.947,1.28648,1.28653
2013.03.20 00:35:50.007,1.28648,1.2865
2013.03.20 00:35:50.126,1.28647,1.2865
2013.03.20 00:35:50.428,1.28649,1.28653
2013.03.20 00:35:50.487,1.2865,1.28654
2013.03.20 00:35:50.546,1.2865,1.28654
2013.03.20 00:35:51.268,1.2865,1.28656
2013.03.20 00:35:51.726,1.28651,1.28656
2013.03.20 00:35:53.028,1.28654,1.28658
2013.03.20 00:35:53.267,1.28654,1.28658
2013.03.20 00:35:53.327,1.28656,1.28658
2013.03.20 00:35:53.826,1.28656,1.2866
2013.03.20 00:35:55.147,1.28654,1.28658
2013.03.20 00:35:55.947,1.28653,1.28658
2013.03.20 00:35:59.599,1.28653,1.28658
2013.03.20 00:36:01.307,1.28652,1.28656
2013.03.20 00:36:01.897,1.28651,1.28656
2013.03.20 00:36:02.146,1.28651,1.28654
2013.03.20 00:36:02.328,1.2865,1.28655
2013.03.20 00:36:02.630,1.28647,1.28651
2013.03.20 00:36:05.716,1.28647,1.28651
2013.03.20 00:36:06.256,1.28645,1.2865
2013.03.20 00:36:07.472,1.28645,1.2865
2013.03.20 00:36:07.996,1.28645,1.2865
2013.03.20 00:36:08.357,1.28644,1.28649
2013.03.20 00:36:10.566,1.28645,1.2865
2013.03.20 00:36:10.686,1.28646,1.2865
2013.03.20 00:36:11.176,1.28647,1.28653
2013.03.20 00:36:11.949,1.28647,1.28653
2013.03.20 00:36:13.345,1.28646,1.28653
2013.03.20 00:36:13.526,1.28645,1.28653
2013.03.20 00:36:17.507,1.28646,1.28652
2013.03.20 00:36:18.016,1.28646,1.28652
2013.03.20 00:36:18.546,1.28646,1.28652
2013.03.20 00:36:19.756,1.28646,1.28652
2013.03.20 00:36:19.876,1.28645,1.28652
2013.03.20 00:36:21.127,1.28645,1.28651
2013.03.20 00:36:21.426,1.28644,1.28649
2013.03.20 00:36:26.277,1.28644,1.28649
2013.03.20 00:36:27.856,1.28644,1.28648
2013.03.20 00:36:28.397,1.28642,1.28646
2013.03.20 00:36:29.177,1.28642,1.28646
2013.03.20 00:36:29.728,1.28641,1.28646
2013.03.20 00:36:30.616,1.28641,1.28646
2013.03.20 00:36:31.178,1.28641,1.28646
2013.03.20 00:36:33.473,1.28641,1.28646
2013.03.20 00:36:34.426,1.28641,1.28646
2013.03.20 00:36:35.657,1.28642,1.28647
2013.03.20 00:36:36.777,1.28642,1.28647
2013.03.20 00:36:37.761,1.28641,1.28647
2013.03.20 00:36:37.922,1.28639,1.28644
2013.03.20 00:36:37.989,1.28636,1.28643
2013.03.20 00:36:38.478,1.28635,1.28642
2013.03.20 00:36:39.059,1.28636,1.28642
2013.03.20 00:36:41.126,1.28637,1.28642
2013.03.20 00:36:41.666,1.28637,1.28642
2013.03.20 00:36:48.786,1.28636,1.28642
2013.03.20 00:36:52.986,1.28636,1.28642
2013.03.20 00:36:55.617,1.28636,1.2864
2013.03.20 00:36:55.857,1.28634,1.2864
2013.03.20 00:36:55.978,1.28634,1.2864
2013.03.20 00:36:56.498,1.28636,1.28642
2013.03.20 00:36:57.186,1.28636,1.28642
2013.03.20 00:37:02.507,1.28637,1.28643
2013.03.20 00:37:02.867,1.28638,1.28644
2013.03.20 00:37:03.416,1.2864,1.28645
2013.03.20 00:37:06.253,1.28642,1.28645
2013.03.20 00:37:06.558,1.28642,1.28647
2013.03.20 00:37:07.269,1.28643,1.28647
2013.03.20 00:37:07.363,1.28644,1.28648
2013.03.20 00:37:07.548,1.28645,1.28649
2013.03.20 00:37:08.087,1.28646,1.28649
2013.03.20 00:37:08.807,1.28646,1.2865
2013.03.20 00:37:09.608,1.28647,1.28651
2013.03.20 00:37:12.157,1.28648,1.28652
2013.03.20 00:37:17.657,1.28649,1.28654
2013.03.20 00:37:18.436,1.2865,1.28655
2013.03.20 00:37:19.069,1.28651,1.28655
2013.03.20 00:37:26.488,1.28652,1.28656
2013.03.20 00:37:26.728,1.28653,1.28657
2013.03.20 00:37:26.788,1.28654,1.28658
2013.03.20 00:37:26.907,1.28654,1.2866
2013.03.20 00:37:27.508,1.28655,1.2866
2013.03.20 00:37:28.411,1.28656,1.2866
2013.03.20 00:37:31.388,1.28656,1.28661
2013.03.20 00:37:31.446,1.28657,1.28662
2013.03.20 00:37:34.381,1.28664,1.28668
2013.03.20 00:37:34.927,1.28664,1.2867
2013.03.20 00:37:35.651,1.28664,1.28669
2013.03.20 00:37:36.928,1.28663,1.28669
2013.03.20 00:37:40.407,1.28664,1.2867
2013.03.20 00:37:42.457,1.28663,1.28669
2013.03.20 00:37:42.699,1.28662,1.28666
2013.03.20 00:37:42.758,1.28662,1.28665
2013.03.20 00:37:42.937,1.28659,1.28665
2013.03.20 00:37:42.998,1.28659,1.28665
2013.03.20 00:37:43.536,1.28657,1.28665
2013.03.20 00:37:43.656,1.28657,1.28663
2013.03.20 00:37:43.835,1.28657,1.28665
2013.03.20 00:37:44.076,1.28657,1.28663
2013.03.20 00:37:44.704,1.28657,1.28661
2013.03.20 00:37:45.707,1.28657,1.28663
2013.03.20 00:37:46.319,1.28657,1.2866
2013.03.20 00:37:46.557,1.28655,1.28659
2013.03.20 00:37:46.677,1.28655,1.28659
2013.03.20 00:37:47.247,1.28655,1.28659
2013.03.20 00:37:47.487,1.28655,1.28659
2013.03.20 00:37:47.787,1.28657,1.28664
2013.03.20 00:37:47.966,1.28658,1.28664
2013.03.20 00:37:48.934,1.28658,1.28664
2013.03.20 00:37:49.010,1.2866,1.28664
2013.03.20 00:37:49.136,1.28662,1.28668
2013.03.20 00:37:49.437,1.28665,1.28669
2013.03.20 00:37:49.742,1.28666,1.28669
2013.03.20 00:37:49.808,1.28667,1.28669
2013.03.20 00:37:49.868,1.28667,1.28672
2013.03.20 00:37:49.988,1.28668,1.28672
2013.03.20 00:37:50.297,1.28666,1.28669
2013.03.20 00:37:50.537,1.28666,1.2867
2013.03.20 00:37:50.776,1.28667,1.28672
2013.03.20 00:37:51.359,1.28667,1.28673
2013.03.20 00:37:51.996,1.28667,1.28672
2013.03.20 00:37:58.066,1.28665,1.28672
2013.03.20 00:37:58.578,1.28666,1.28672
2013.03.20 00:38:02.933,1.28665,1.28671
2013.03.20 00:38:03.252,1.28664,1.28667
2013.03.20 00:38:03.378,1.28663,1.28666
2013.03.20 00:38:04.629,1.2866,1.28664
2013.03.20 00:38:04.817,1.28657,1.28661
2013.03.20 00:38:05.778,1.28656,1.28662
2013.03.20 00:38:06.586,1.28658,1.28663
2013.03.20 00:38:06.947,1.28659,1.28665
2013.03.20 00:38:07.486,1.2866,1.28665
2013.03.20 00:38:09.667,1.28659,1.28665
2013.03.20 00:38:10.216,1.28659,1.28665
2013.03.20 00:38:12.156,1.2866,1.28664
2013.03.20 00:38:12.946,1.28657,1.28663
2013.03.20 00:38:14.575,1.28657,1.28661
2013.03.20 00:38:15.158,1.28657,1.28661
2013.03.20 00:38:17.147,1.28656,1.28661
2013.03.20 00:38:19.537,1.28657,1.28661
2013.03.20 00:38:19.658,1.28657,1.28663
2013.03.20 00:38:20.137,1.28659,1.28666
2013.03.20 00:38:22.918,1.28659,1.28665
2013.03.20 00:38:23.500,1.28657,1.28664
2013.03.20 00:38:24.270,1.28657,1.28664
2013.03.20 00:38:25.229,1.28661,1.28665
2013.03.20 00:38:25.305,1.28661,1.28666
2013.03.20 00:38:25.616,1.28659,1.28663
2013.03.20 00:38:25.857,1.28657,1.28663
2013.03.20 00:38:26.491,1.28657,1.28663
2013.03.20 00:38:27.292,1.28659,1.28663
2013.03.20 00:38:27.539,1.28661,1.28665
2013.03.20 00:38:28.086,1.28661,1.28665
2013.03.20 00:38:28.266,1.28662,1.28667
2013.03.20 00:38:28.807,1.28662,1.28667
2013.03.20 00:38:33.179,1.28662,1.28668
2013.03.20 00:38:33.717,1.28664,1.28668
2013.03.20 00:38:34.077,1.28664,1.2867
2013.03.20 00:38:36.187,1.28664,1.28668
2013.03.20 00:38:36.247,1.28661,1.28668
2013.03.20 00:38:36.427,1.28662,1.28668
2013.03.20 00:38:37.028,1.28663,1.28667
2013.03.20 00:38:39.277,1.28663,1.28667
2013.03.20 00:38:39.458,1.28663,1.28669
2013.03.20 00:38:40.057,1.28663,1.28669
2013.03.20 00:38:41.947,1.28665,1.2867
2013.03.20 00:38:42.007,1.28666,1.2867
2013.03.20 00:38:42.498,1.28664,1.2867
2013.03.20 00:38:42.926,1.28661,1.28667
2013.03.20 00:38:42.990,1.28662,1.28667
2013.03.20 00:38:43.497,1.28662,1.28668
2013.03.20 00:38:44.247,1.28662,1.28668
2013.03.20 00:38:46.966,1.28662,1.28669
2013.03.20 00:38:48.957,1.28663,1.2867
2013.03.20 00:38:49.460,1.28663,1.2867
2013.03.20 00:38:50.928,1.28665,1.2867
2013.03.20 00:38:52.066,1.28665,1.28671
2013.03.20 00:38:52.606,1.28665,1.28671
2013.03.20 00:38:53.206,1.28665,1.28672
2013.03.20 00:38:55.746,1.28665,1.28672
2013.03.20 00:38:57.758,1.28666,1.28672
2013.03.20 00:38:58.316,1.28666,1.28672
2013.03.20 00:38:58.856,1.28666,1.28671
2013.03.20 00:38:59.396,1.28666,1.2867
2013.03.20 00:39:10.066,1.28665,1.2867
2013.03.20 00:39:10.578,1.28665,1.28671
2013.03.20 00:39:14.318,1.28665,1.2867
2013.03.20 00:39:19.387,1.28665,1.2867
2013.03.20 00:39:20.307,1.28665,1.2867
2013.03.20 00:39:20.378,1.28665,1.2867
2013.03.20 00:39:28.267,1.28665,1.2867
2013.03.20 00:39:28.867,1.28665,1.2867
2013.03.20 00:39:29.537,1.28665,1.28671
2013.03.20 00:39:30.096,1.28665,1.28671
2013.03.20 00:39:36.287,1.28665,1.28668
2013.03.20 00:39:36.409,1.28663,1.28665
2013.03.20 00:39:36.468,1.2866,1.28664
2013.03.20 00:39:36.588,1.28658,1.28664
2013.03.20 00:39:36.706,1.28658,1.28663
2013.03.20 00:39:36.768,1.28657,1.28663
2013.03.20 00:39:36.886,1.28658,1.28664
2013.03.20 00:39:37.007,1.28659,1.28664
2013.03.20 00:39:37.565,1.28659,1.28664
2013.03.20 00:39:44.370,1.28657,1.28662
2013.03.20 00:39:44.927,1.28657,1.28662
2013.03.20 00:39:52.839,1.28657,1.28662
2013.03.20 00:39:55.967,1.28657,1.28662
2013.03.20 00:40:06.055,1.28657,1.28662
2013.03.20 00:40:18.209,1.28657,1.28663
2013.03.20 00:40:18.458,1.28659,1.28665
2013.03.20 00:40:18.576,1.28659,1.28665
2013.03.20 00:40:19.117,1.28661,1.28665
2013.03.20 00:40:20.114,1.28661,1.28666
2013.03.20 00:40:20.187,1.28664,1.28668
2013.03.20 00:40:20.261,1.28666,1.2867
2013.03.20 00:40:20.332,1.28669,1.28671
2013.03.20 00:40:20.459,1.28665,1.28673
2013.03.20 00:40:20.757,1.28667,1.28671
2013.03.20 00:40:21.357,1.28667,1.28671
2013.03.20 00:40:21.878,1.28666,1.28671
2013.03.20 00:40:23.328,1.28668,1.28671
2013.03.20 00:40:23.447,1.28669,1.28674
2013.03.20 00:40:23.506,1.28669,1.28675
2013.03.20 00:40:25.797,1.28669,1.28675
2013.03.20 00:40:26.098,1.28668,1.28671
2013.03.20 00:40:26.158,1.28667,1.28671
2013.03.20 00:40:26.338,1.28666,1.2867
2013.03.20 00:40:26.397,1.28664,1.28667
2013.03.20 00:40:26.937,1.2866,1.28666
2013.03.20 00:40:27.477,1.2866,1.28665
2013.03.20 00:40:27.537,1.2866,1.28665
2013.03.20 00:40:28.047,1.2866,1.28664
2013.03.20 00:40:28.167,1.2866,1.28664
2013.03.20 00:40:28.689,1.2866,1.28665
2013.03.20 00:40:29.046,1.2866,1.28664
2013.03.20 00:40:29.586,1.2866,1.28664
2013.03.20 00:40:36.766,1.2866,1.28664
2013.03.20 00:40:39.987,1.2866,1.28664
2013.03.20 00:40:40.649,1.2866,1.28664
2013.03.20 00:40:41.197,1.2866,1.28664
2013.03.20 00:40:42.186,1.28659,1.28664
2013.03.20 00:40:44.239,1.28659,1.28663
2013.03.20 00:40:44.617,1.28659,1.28661
2013.03.20 00:40:44.858,1.28656,1.28661
2013.03.20 00:40:44.977,1.28655,1.28659
2013.03.20 00:40:45.517,1.28655,1.2866
2013.03.20 00:40:49.707,1.28656,1.28662
2013.03.20 00:40:50.258,1.28656,1.28661
2013.03.20 00:41:04.946,1.28656,1.28662
2013.03.20 00:41:10.338,1.28656,1.28661
2013.03.20 00:41:10.876,1.28655,1.2866
2013.03.20 00:41:22.477,1.28655,1.28659
2013.03.20 00:41:23.021,1.28655,1.2866
2013.03.20 00:41:24.127,1.28655,1.28659
2013.03.20 00:41:24.880,1.28655,1.2866
2013.03.20 00:41:27.097,1.28655,1.28659
2013.03.20 00:41:27.876,1.28655,1.2866
2013.03.20 00:41:28.338,1.28654,1.28659
2013.03.20 00:41:29.297,1.28654,1.28659
2013.03.20 00:41:29.840,1.28654,1.28658
2013.03.20 00:41:55.616,1.28653,1.28657
2013.03.20 00:42:01.997,1.28653,1.28658
2013.03.20 00:42:15.708,1.28653,1.28657
2013.03.20 00:42:17.007,1.28653,1.28657
2013.03.20 00:42:17.607,1.28653,1.28657
2013.03.20 00:42:18.147,1.28653,1.28657
2013.03.20 00:42:21.649,1.28656,1.2866
2013.03.20 00:42:21.720,1.28657,1.2866
2013.03.20 00:42:21.907,1.28655,1.28661
2013.03.20 00:42:22.328,1.28657,1.28663
2013.03.20 00:42:22.387,1.28658,1.28663
2013.03.20 00:42:23.257,1.28658,1.28663
2013.03.20 00:42:23.558,1.28657,1.28661
2013.03.20 00:42:24.148,1.28655,1.2866
2013.03.20 00:42:30.755,1.28655,1.28659
2013.03.20 00:42:31.298,1.28655,1.28659
2013.03.20 00:42:32.398,1.28655,1.28659
2013.03.20 00:42:46.227,1.28655,1.28659
2013.03.20 00:42:52.022,1.28655,1.28659
2013.03.20 00:42:57.026,1.28655,1.28659
2013.03.20 00:43:19.197,1.28655,1.2866
2013.03.20 00:43:19.260,1.28658,1.2866
2013.03.20 00:43:19.947,1.28657,1.2866
2013.03.20 00:43:21.866,1.28658,1.2866
2013.03.20 00:43:23.503,1.28658,1.2866
2013.03.20 00:43:25.016,1.28657,1.28662
2013.03.20 00:43:25.578,1.28658,1.28662
2013.03.20 00:43:28.097,1.28659,1.28662
2013.03.20 00:43:29.258,1.28657,1.28662
2013.03.20 00:43:29.378,1.28657,1.28662
2013.03.20 00:43:32.217,1.28658,1.28662
2013.03.20 00:43:32.957,1.28659,1.28664
2013.03.20 00:43:33.951,1.2866,1.28664
2013.03.20 00:43:34.436,1.28659,1.28664
2013.03.20 00:43:38.608,1.28659,1.28663
2013.03.20 00:43:44.509,1.2866,1.28663
2013.03.20 00:43:44.758,1.28661,1.28665
2013.03.20 00:43:44.819,1.28663,1.28665
2013.03.20 00:43:44.938,1.28665,1.28668
2013.03.20 00:43:45.178,1.28666,1.2867
2013.03.20 00:43:47.827,1.28666,1.28671
2013.03.20 00:43:48.397,1.28666,1.28671
2013.03.20 00:43:50.818,1.28666,1.28671
2013.03.20 00:43:52.559,1.28667,1.28671
2013.03.20 00:43:53.576,1.28666,1.28671
2013.03.20 00:43:55.461,1.28667,1.28671
2013.03.20 00:43:57.557,1.2867,1.28674
2013.03.20 00:43:57.857,1.28673,1.28677
2013.03.20 00:43:58.397,1.28673,1.28677
2013.03.20 00:43:58.907,1.28673,1.28677
2013.03.20 00:43:59.497,1.28673,1.28677
2013.03.20 00:44:00.041,1.28673,1.28677
2013.03.20 00:44:05.227,1.28673,1.28679
2013.03.20 00:44:05.408,1.28673,1.28677
2013.03.20 00:44:05.587,1.28673,1.28677
2013.03.20 00:44:06.555,1.28673,1.28677
2013.03.20 00:44:08.537,1.28673,1.28678
2013.03.20 00:44:10.697,1.28674,1.28678
2013.03.20 00:44:11.827,1.28673,1.28678
2013.03.20 00:44:17.946,1.28673,1.28678
2013.03.20 00:44:21.477,1.28674,1.28678
2013.03.20 00:44:24.657,1.28676,1.28679
2013.03.20 00:44:24.957,1.28675,1.28679
2013.03.20 00:44:28.379,1.28675,1.28679
2013.03.20 00:44:29.877,1.28675,1.2868
2013.03.20 00:44:30.551,1.28676,1.2868
2013.03.20 00:44:34.917,1.28676,1.2868
2013.03.20 00:44:35.457,1.28675,1.28679
2013.03.20 00:44:36.427,1.28675,1.28679
2013.03.20 00:44:37.138,1.28675,1.28679
2013.03.20 00:44:37.677,1.28675,1.28679
2013.03.20 00:44:41.527,1.28675,1.28681
2013.03.20 00:44:42.368,1.28675,1.28681
2013.03.20 00:44:42.788,1.28677,1.28681
2013.03.20 00:44:43.438,1.28679,1.28683
2013.03.20 00:44:46.750,1.28679,1.28683
2013.03.20 00:44:46.819,1.2868,1.28685
2013.03.20 00:44:46.878,1.28682,1.28685
2013.03.20 00:44:46.999,1.28682,1.28687
2013.03.20 00:44:47.178,1.28682,1.28686
2013.03.20 00:44:47.717,1.28682,1.28686
2013.03.20 00:44:48.267,1.2868,1.28685
2013.03.20 00:44:48.800,1.2868,1.28685
2013.03.20 00:44:50.229,1.2868,1.28685
2013.03.20 00:44:50.348,1.28681,1.28687
2013.03.20 00:44:50.707,1.28683,1.28688
2013.03.20 00:44:52.048,1.28683,1.28688
2013.03.20 00:44:52.588,1.28683,1.28688
2013.03.20 00:44:53.828,1.28683,1.28689
2013.03.20 00:44:55.014,1.28683,1.28688
2013.03.20 00:44:55.558,1.28682,1.28688
2013.03.20 00:44:56.778,1.28683,1.28688
2013.03.20 00:44:57.610,1.28683,1.28688
2013.03.20 00:44:58.167,1.28681,1.28687
2013.03.20 00:44:58.965,1.28682,1.28687
2013.03.20 00:45:00.679,1.28682,1.28686
2013.03.20 00:45:01.658,1.2868,1.28686
2013.03.20 00:45:02.537,1.2868,1.28686
2013.03.20 00:45:09.696,1.2868,1.28686
2013.03.20 00:45:10.207,1.2868,1.28685
2013.03.20 00:45:21.869,1.28684,1.28687
2013.03.20 00:45:22.108,1.28686,1.28689
2013.03.20 00:45:22.228,1.28687,1.28692
2013.03.20 00:45:22.408,1.28688,1.28692
2013.03.20 00:45:22.917,1.28687,1.28692
2013.03.20 00:45:25.231,1.28687,1.28693
2013.03.20 00:45:27.077,1.28689,1.28694
2013.03.20 00:45:27.197,1.28689,1.28695
2013.03.20 00:45:27.778,1.2869,1.28695
2013.03.20 00:45:29.717,1.28691,1.28696
2013.03.20 00:45:39.357,1.2869,1.28695
2013.03.20 00:45:39.598,1.28692,1.28695
2013.03.20 00:45:40.137,1.28694,1.28696
2013.03.20 00:45:40.439,1.28698,1.28701
2013.03.20 00:45:40.557,1.28699,1.28704
2013.03.20 00:45:40.811,1.287,1.28704
2013.03.20 00:45:44.327,1.287,1.28705
2013.03.20 00:45:48.137,1.287,1.28705
2013.03.20 00:45:48.378,1.287,1.28706
2013.03.20 00:45:48.978,1.287,1.28706
2013.03.20 00:45:49.847,1.287,1.28706
2013.03.20 00:45:50.151,1.28705,1.28709
2013.03.20 00:45:50.280,1.28705,1.2871
2013.03.20 00:45:50.468,1.28703,1.28709
2013.03.20 00:45:50.648,1.28702,1.28706
2013.03.20 00:45:51.497,1.28698,1.28703
2013.03.20 00:45:51.618,1.28696,1.28702
2013.03.20 00:45:51.678,1.28695,1.28701
2013.03.20 00:45:51.858,1.2869,1.28696
2013.03.20 00:45:51.978,1.28689,1.28695
2013.03.20 00:45:52.037,1.28689,1.28695
2013.03.20 00:45:52.218,1.28688,1.28694
2013.03.20 00:45:53.037,1.28687,1.28694
2013.03.20 00:45:58.199,1.28688,1.28694
2013.03.20 00:45:58.827,1.2869,1.28694
2013.03.20 00:45:58.900,1.28688,1.28695
2013.03.20 00:45:59.478,1.28688,1.28693
2013.03.20 00:46:01.087,1.28688,1.28693
2013.03.20 00:46:02.259,1.28688,1.28693
2013.03.20 00:46:03.447,1.28688,1.28693
2013.03.20 00:46:04.370,1.28688,1.28693
2013.03.20 00:46:05.083,1.28688,1.28693
2013.03.20 00:46:09.168,1.28687,1.28693
2013.03.20 00:46:25.037,1.28688,1.28693
2013.03.20 00:46:26.907,1.28688,1.28694
2013.03.20 00:46:27.329,1.28685,1.28689
2013.03.20 00:46:28.048,1.28682,1.28687
2013.03.20 00:46:28.407,1.28681,1.28687
2013.03.20 00:46:28.917,1.28681,1.28687
2013.03.20 00:46:29.277,1.28681,1.28687
2013.03.20 00:46:32.098,1.28681,1.28687
2013.03.20 00:46:32.457,1.28683,1.28688
2013.03.20 00:46:33.088,1.28683,1.28688
2013.03.20 00:46:33.648,1.28684,1.28688
2013.03.20 00:46:34.377,1.28684,1.28688
2013.03.20 00:46:38.368,1.28686,1.28689
2013.03.20 00:46:38.668,1.2869,1.28694
2013.03.20 00:46:38.729,1.2869,1.28695
2013.03.20 00:46:39.208,1.28691,1.28696
2013.03.20 00:46:39.757,1.28691,1.28696
2013.03.20 00:46:41.863,1.28691,1.28696
2013.03.20 00:46:58.748,1.28691,1.28695
2013.03.20 00:47:03.449,1.2869,1.28695
2013.03.20 00:47:12.138,1.28691,1.28695
2013.03.20 00:47:13.858,1.28692,1.28696
2013.03.20 00:47:14.418,1.28693,1.28697
2013.03.20 00:47:16.468,1.28692,1.28697
2013.03.20 00:47:18.118,1.28693,1.28697
2013.03.20 00:47:18.238,1.28694,1.28699
2013.03.20 00:47:18.300,1.28695,1.28699
2013.03.20 00:47:18.487,1.28697,1.28701
2013.03.20 00:47:18.547,1.28698,1.28703
2013.03.20 00:47:20.527,1.28698,1.28704
2013.03.20 00:47:21.313,1.28697,1.28703
2013.03.20 00:47:21.396,1.28694,1.287
2013.03.20 00:47:25.108,1.28695,1.287
2013.03.20 00:47:25.467,1.28697,1.287
2013.03.20 00:47:25.977,1.28697,1.28703
2013.03.20 00:47:26.579,1.28698,1.28702
2013.03.20 00:47:26.639,1.28698,1.28701
2013.03.20 00:47:26.878,1.28694,1.28701
2013.03.20 00:47:27.058,1.28694,1.28697
2013.03.20 00:47:27.237,1.2869,1.28697
2013.03.20 00:47:27.778,1.28689,1.28696
2013.03.20 00:47:29.198,1.28691,1.28695
2013.03.20 00:47:29.500,1.28694,1.28698
2013.03.20 00:47:29.738,1.28694,1.28698
2013.03.20 00:47:30.248,1.28694,1.28699
2013.03.20 00:47:30.972,1.28694,1.28699
2013.03.20 00:47:31.978,1.28697,1.28699
2013.03.20 00:47:32.098,1.28698,1.28702
2013.03.20 00:47:32.219,1.28699,1.28703
2013.03.20 00:47:32.458,1.287,1.28706
2013.03.20 00:47:35.709,1.287,1.28705
2013.03.20 00:47:36.411,1.287,1.28705
2013.03.20 00:47:39.797,1.28701,1.28705
2013.03.20 00:47:40.531,1.28701,1.28706
2013.03.20 00:47:41.158,1.28701,1.28706
2013.03.20 00:47:56.089,1.28703,1.28706
2013.03.20 00:47:56.448,1.28707,1.28713
2013.03.20 00:47:56.987,1.28705,1.28711
2013.03.20 00:47:57.047,1.28704,1.28711
2013.03.20 00:47:57.709,1.28704,1.2871
2013.03.20 00:47:58.247,1.28703,1.28709
2013.03.20 00:48:00.508,1.28703,1.28709
2013.03.20 00:48:00.688,1.28703,1.28708
2013.03.20 00:48:02.678,1.28702,1.28708
2013.03.20 00:48:03.448,1.28702,1.28708
2013.03.20 00:48:04.328,1.28704,1.2871
2013.03.20 00:48:04.867,1.28701,1.28707
2013.03.20 00:48:04.927,1.28701,1.28706
2013.03.20 00:48:05.497,1.28701,1.28707
2013.03.20 00:48:06.237,1.28701,1.28706
2013.03.20 00:48:06.637,1.287,1.28704
2013.03.20 00:48:07.318,1.28699,1.28703
2013.03.20 00:48:07.839,1.28699,1.28702
2013.03.20 00:48:18.690,1.28697,1.28701
2013.03.20 00:48:21.778,1.28698,1.28701
2013.03.20 00:48:22.707,1.28698,1.28703
2013.03.20 00:48:25.568,1.28699,1.28705
2013.03.20 00:48:25.628,1.28699,1.28705
2013.03.20 00:48:25.809,1.28703,1.28706
2013.03.20 00:48:26.348,1.28704,1.28706
2013.03.20 00:48:26.409,1.28704,1.28707
2013.03.20 00:48:26.488,1.28704,1.28707
2013.03.20 00:48:31.642,1.28705,1.2871
2013.03.20 00:48:31.949,1.28704,1.28709
2013.03.20 00:48:32.129,1.28705,1.2871
2013.03.20 00:48:32.309,1.28708,1.28712
2013.03.20 00:48:32.907,1.28708,1.28712
2013.03.20 00:48:32.968,1.28708,1.28712
2013.03.20 00:48:34.603,1.28708,1.28713
2013.03.20 00:48:35.768,1.28708,1.28713
2013.03.20 00:48:36.012,1.28705,1.2871
2013.03.20 00:48:36.267,1.28707,1.2871
2013.03.20 00:48:36.807,1.28708,1.28712
2013.03.20 00:48:37.588,1.28708,1.28712
2013.03.20 00:48:42.098,1.28708,1.28713
2013.03.20 00:48:43.578,1.28708,1.28713
2013.03.20 00:48:44.086,1.28708,1.28712
2013.03.20 00:48:44.640,1.28708,1.28712
2013.03.20 00:48:45.189,1.28707,1.28711
2013.03.20 00:48:45.737,1.28705,1.28712
2013.03.20 00:48:46.278,1.28705,1.28711
2013.03.20 00:48:52.527,1.28705,1.28711
2013.03.20 00:48:53.048,1.28705,1.28711
2013.03.20 00:48:53.587,1.28705,1.28711
2013.03.20 00:49:02.547,1.28706,1.28712
2013.03.20 00:49:07.798,1.28707,1.28714
2013.03.20 00:49:31.908,1.28707,1.28714
2013.03.20 00:49:43.498,1.28707,1.28713
2013.03.20 00:49:44.041,1.28707,1.28713
2013.03.20 00:49:47.341,1.28707,1.28713
2013.03.20 00:49:51.411,1.28707,1.28713
2013.03.20 00:49:54.388,1.28705,1.28711
2013.03.20 00:49:54.937,1.28705,1.28711
2013.03.20 00:50:02.359,1.28706,1.28712
2013.03.20 00:50:02.897,1.28706,1.28713
2013.03.20 00:50:03.903,1.28706,1.28713
2013.03.20 00:50:04.428,1.28707,1.28713
2013.03.20 00:50:04.967,1.28707,1.28713
2013.03.20 00:50:05.506,1.28707,1.28713
2013.03.20 00:50:10.877,1.28706,1.28712
2013.03.20 00:50:11.407,1.28706,1.28712
2013.03.20 00:50:11.867,1.28707,1.28713
2013.03.20 00:50:16.407,1.28707,1.28714
2013.03.20 00:50:24.984,1.28708,1.28713
2013.03.20 00:50:39.848,1.28709,1.28713
2013.03.20 00:50:53.019,1.28709,1.28713
2013.03.20 00:51:05.129,1.28709,1.28713
2013.03.20 00:51:05.963,1.28708,1.28712
2013.03.20 00:51:06.031,1.28708,1.28714
2013.03.20 00:51:06.557,1.28708,1.28714
2013.03.20 00:51:06.858,1.28709,1.28713
2013.03.20 00:51:07.407,1.28709,1.28713
2013.03.20 00:51:07.697,1.28706,1.28711
2013.03.20 00:51:07.819,1.28705,1.28709
2013.03.20 00:51:08.178,1.28705,1.28707
2013.03.20 00:51:08.299,1.28705,1.28709
2013.03.20 00:51:08.837,1.28705,1.2871
2013.03.20 00:51:10.648,1.28706,1.2871
2013.03.20 00:51:25.791,1.28705,1.2871
2013.03.20 00:51:26.277,1.28704,1.28708
2013.03.20 00:51:26.517,1.28704,1.28709
2013.03.20 00:51:27.018,1.28704,1.28709
2013.03.20 00:51:27.077,1.28704,1.28708
2013.03.20 00:51:27.559,1.28705,1.28711
2013.03.20 00:51:30.900,1.28705,1.28709
2013.03.20 00:51:34.468,1.28705,1.28709
2013.03.20 00:51:35.201,1.28705,1.28709
2013.03.20 00:51:35.608,1.28704,1.28709
2013.03.20 00:51:36.190,1.28704,1.28707
2013.03.20 00:51:37.259,1.28704,1.2871
2013.03.20 00:51:37.798,1.28704,1.2871
2013.03.20 00:51:38.978,1.28704,1.2871
2013.03.20 00:51:39.599,1.28704,1.28707
2013.03.20 00:51:40.137,1.28703,1.28708
2013.03.20 00:51:40.691,1.28704,1.2871
2013.03.20 00:51:44.688,1.28704,1.28711
2013.03.20 00:51:45.287,1.28704,1.28711
2013.03.20 00:51:49.340,1.28705,1.28711
2013.03.20 00:51:52.188,1.28705,1.28711
2013.03.20 00:51:53.068,1.28705,1.28711
2013.03.20 00:51:55.898,1.28705,1.28711
2013.03.20 00:52:03.207,1.28705,1.28711
2013.03.20 00:52:03.969,1.28704,1.28709
2013.03.20 00:52:11.327,1.28704,1.28711
2013.03.20 00:52:22.738,1.28704,1.28711
2013.03.20 00:52:28.740,1.28704,1.28709
2013.03.20 00:52:29.280,1.28704,1.28709
2013.03.20 00:52:42.159,1.28704,1.2871
2013.03.20 00:52:48.418,1.28704,1.2871
2013.03.20 00:52:48.778,1.28705,1.2871
2013.03.20 00:52:49.287,1.28706,1.28712
2013.03.20 00:52:49.939,1.28705,1.28712
2013.03.20 00:53:06.888,1.28706,1.2871
2013.03.20 00:53:07.720,1.28704,1.2871
2013.03.20 00:53:09.778,1.28705,1.2871
2013.03.20 00:53:10.410,1.28706,1.2871
2013.03.20 00:53:11.019,1.28706,1.28711
2013.03.20 00:53:18.827,1.28706,1.28712
2013.03.20 00:53:19.360,1.28708,1.28713
2013.03.20 00:53:22.859,1.28709,1.28714
2013.03.20 00:53:24.949,1.28709,1.28714
2013.03.20 00:53:25.284,1.28709,1.28714
2013.03.20 00:53:27.458,1.28709,1.28714
2013.03.20 00:53:40.608,1.28709,1.28715
2013.03.20 00:53:42.447,1.28709,1.28715
2013.03.20 00:53:44.639,1.28709,1.28715
2013.03.20 00:53:45.168,1.28709,1.28714
2013.03.20 00:53:54.798,1.28709,1.28715
2013.03.20 00:53:55.339,1.28709,1.28715
2013.03.20 00:53:55.989,1.28709,1.28715
2013.03.20 00:53:57.989,1.28709,1.28715
2013.03.20 00:53:58.969,1.28709,1.28715
2013.03.20 00:54:01.639,1.28709,1.28715
2013.03.20 00:54:01.759,1.2871,1.28716
2013.03.20 00:54:02.318,1.2871,1.28716
2013.03.20 00:54:05.291,1.2871,1.28715
2013.03.20 00:54:06.260,1.28709,1.28714
2013.03.20 00:54:06.438,1.28708,1.28714
2013.03.20 00:54:06.988,1.28708,1.28714
2013.03.20 00:54:07.248,1.28709,1.28714
2013.03.20 00:54:09.669,1.28709,1.28716
2013.03.20 00:54:15.247,1.28709,1.28714
2013.03.20 00:54:21.437,1.28709,1.28715
2013.03.20 00:54:41.068,1.28709,1.28714
2013.03.20 00:54:41.301,1.28712,1.28715
2013.03.20 00:54:41.371,1.28712,1.28717
2013.03.20 00:54:41.928,1.28713,1.28718
2013.03.20 00:54:42.471,1.28713,1.28718
2013.03.20 00:54:42.770,1.28711,1.28716
2013.03.20 00:54:43.010,1.28711,1.28714
2013.03.20 00:54:43.128,1.28709,1.28714
2013.03.20 00:54:43.488,1.28709,1.28714
2013.03.20 00:54:43.838,1.28709,1.28714
2013.03.20 00:55:00.420,1.28708,1.28714
2013.03.20 00:55:00.959,1.28708,1.28714
2013.03.20 00:55:02.918,1.28709,1.28714
2013.03.20 00:55:03.278,1.28712,1.28714
2013.03.20 00:55:03.338,1.28712,1.28716
2013.03.20 00:55:04.967,1.28712,1.28716
2013.03.20 00:55:05.598,1.2871,1.28716
2013.03.20 00:55:09.849,1.28711,1.28716
2013.03.20 00:55:09.909,1.28712,1.28716
2013.03.20 00:55:10.148,1.28714,1.28719
2013.03.20 00:55:10.688,1.28714,1.28719
2013.03.20 00:55:11.238,1.28714,1.28719
2013.03.20 00:55:17.222,1.28714,1.28719
2013.03.20 00:55:30.878,1.28714,1.28719
2013.03.20 00:55:39.589,1.28715,1.28719
2013.03.20 00:55:40.389,1.28714,1.28718
2013.03.20 00:55:40.629,1.28712,1.28718
2013.03.20 00:55:40.748,1.28712,1.28717
2013.03.20 00:55:42.189,1.28712,1.28718
2013.03.20 00:55:45.358,1.28714,1.28718
2013.03.20 00:55:50.498,1.28714,1.28718
2013.03.20 00:55:53.729,1.28714,1.28718
2013.03.20 00:55:56.928,1.28715,1.2872
2013.03.20 00:55:57.287,1.28714,1.2872
2013.03.20 00:56:00.008,1.28714,1.2872
2013.03.20 00:56:01.628,1.28715,1.2872
2013.03.20 00:56:07.140,1.28715,1.2872
2013.03.20 00:56:13.517,1.28715,1.2872
2013.03.20 00:56:15.176,1.28714,1.2872
2013.03.20 00:56:16.668,1.28714,1.2872
2013.03.20 00:56:24.098,1.28714,1.28717
2013.03.20 00:56:24.278,1.28712,1.28716
2013.03.20 00:56:24.518,1.28711,1.28715
2013.03.20 00:56:24.758,1.28711,1.28716
2013.03.20 00:56:24.818,1.2871,1.28716
2013.03.20 00:56:25.568,1.2871,1.28716
2013.03.20 00:56:31.419,1.28709,1.28715
2013.03.20 00:56:32.051,1.28709,1.2871
2013.03.20 00:56:32.129,1.28703,1.2871
2013.03.20 00:56:32.558,1.28703,1.2871
2013.03.20 00:56:39.129,1.28703,1.28708
2013.03.20 00:56:48.394,1.28703,1.28708
2013.03.20 00:57:06.627,1.28704,1.28709
2013.03.20 00:57:13.498,1.28704,1.2871
2013.03.20 00:57:13.558,1.28704,1.2871
2013.03.20 00:57:32.388,1.28705,1.2871
2013.03.20 00:57:43.849,1.28705,1.28711
2013.03.20 00:57:44.755,1.28705,1.28712
2013.03.20 00:57:45.332,1.28706,1.28712
2013.03.20 00:57:48.930,1.28706,1.28713
2013.03.20 00:57:51.457,1.28706,1.28711
2013.03.20 00:57:53.490,1.28706,1.28712
2013.03.20 00:57:54.049,1.28706,1.28713
2013.03.20 00:57:55.089,1.28711,1.28713
2013.03.20 00:57:55.330,1.2871,1.28716
2013.03.20 00:57:55.569,1.28709,1.28714
2013.03.20 00:57:58.349,1.28708,1.28712
2013.03.20 00:58:01.898,1.28709,1.28712
2013.03.20 00:58:15.520,1.28708,1.28712
2013.03.20 00:58:15.701,1.28705,1.28712
2013.03.20 00:58:25.048,1.28705,1.28712
2013.03.20 00:58:25.739,1.28705,1.28712
2013.03.20 00:58:47.389,1.28705,1.28711
2013.03.20 00:58:47.570,1.28707,1.28712
2013.03.20 00:58:47.749,1.28709,1.28712
2013.03.20 00:58:47.989,1.28709,1.28715
2013.03.20 00:58:51.086,1.28708,1.28713
2013.03.20 00:58:51.635,1.28708,1.28713
2013.03.20 00:58:52.149,1.28708,1.28713
2013.03.20 00:58:54.926,1.28708,1.28714
2013.03.20 00:59:01.969,1.28706,1.28712
2013.03.20 00:59:02.148,1.28704,1.28712
2013.03.20 00:59:02.719,1.28705,1.28711
2013.03.20 00:59:06.858,1.28705,1.28712
2013.03.20 00:59:07.548,1.28706,1.28712
2013.03.20 00:59:15.170,1.28707,1.28714
2013.03.20 00:59:15.409,1.28707,1.28714
2013.03.20 00:59:41.929,1.28706,1.28711
2013.03.20 00:59:42.000,1.28705,1.28711
2013.03.20 00:59:42.610,1.28705,1.28711
2013.03.20 00:59:44.870,1.28704,1.2871
2013.03.20 00:59:49.948,1.28704,1.2871
2013.03.20 01:00:01.008,1.28704,1.2871
2013.03.20 01:00:04.169,1.28704,1.2871
2013.03.20 01:00:11.979,1.28704,1.2871
2013.03.20 01:00:15.009,1.28703,1.28709
2013.03.20 01:00:15.129,1.28702,1.28709
2013.03.20 01:00:15.511,1.287,1.28706
2013.03.20 01:00:16.410,1.287,1.28706
2013.03.20 01:00:16.958,1.287,1.28707
2013.03.20 01:00:17.498,1.28701,1.28707
2013.03.20 01:00:18.005,1.28701,1.28706
2013.03.20 01:00:18.558,1.28702,1.28707
2013.03.20 01:00:20.388,1.28702,1.28706
2013.03.20 01:00:21.199,1.28702,1.28706
2013.03.20 01:00:25.068,1.28702,1.28706
2013.03.20 01:00:25.608,1.28704,1.28707
2013.03.20 01:00:27.988,1.28704,1.28707
2013.03.20 01:00:30.298,1.28704,1.28707
2013.03.20 01:00:30.729,1.28704,1.28708
2013.03.20 01:00:30.908,1.28704,1.28708
2013.03.20 01:00:31.270,1.28706,1.28711
2013.03.20 01:00:31.939,1.28707,1.28712
2013.03.20 01:00:32.119,1.28709,1.28713
2013.03.20 01:00:32.419,1.2871,1.28714
2013.03.20 01:00:32.839,1.28711,1.28715
2013.03.20 01:00:33.199,1.28712,1.28716
2013.03.20 01:00:33.498,1.28714,1.28718
2013.03.20 01:00:34.119,1.28712,1.28718
2013.03.20 01:00:34.641,1.28714,1.28718
2013.03.20 01:00:35.579,1.28714,1.28718
2013.03.20 01:00:37.123,1.28714,1.28717
2013.03.20 01:00:37.430,1.2871,1.28714
2013.03.20 01:00:37.849,1.28711,1.28716
2013.03.20 01:00:38.090,1.28711,1.28716
2013.03.20 01:00:39.738,1.28712,1.28717
2013.03.20 01:00:44.159,1.28711,1.28716
2013.03.20 01:00:44.698,1.28711,1.28715
2013.03.20 01:00:45.759,1.2871,1.28714
2013.03.20 01:00:46.319,1.28709,1.28713
2013.03.20 01:00:58.828,1.28708,1.28711
2013.03.20 01:00:59.475,1.28707,1.28711
2013.03.20 01:01:00.380,1.28708,1.28713
2013.03.20 01:01:02.523,1.28707,1.28713
2013.03.20 01:01:04.465,1.28707,1.28713
2013.03.20 01:01:04.769,1.28706,1.2871
2013.03.20 01:01:05.391,1.28706,1.2871
2013.03.20 01:01:23.716,1.28706,1.2871
2013.03.20 01:01:24.259,1.28707,1.2871
2013.03.20 01:01:24.801,1.28709,1.28712
2013.03.20 01:01:25.099,1.28709,1.28713
2013.03.20 01:01:31.949,1.28709,1.28714
2013.03.20 01:01:39.029,1.28708,1.28713
2013.03.20 01:01:39.959,1.28708,1.28713
2013.03.20 01:01:55.519,1.28709,1.28714
2013.03.20 01:02:15.869,1.28714,1.28718
2013.03.20 01:02:15.939,1.28714,1.28719
2013.03.20 01:02:15.999,1.28714,1.28719
2013.03.20 01:02:16.119,1.28714,1.28719
2013.03.20 01:02:16.609,1.28716,1.28719
2013.03.20 01:02:16.910,1.28716,1.28722
2013.03.20 01:02:17.209,1.28718,1.28724
2013.03.20 01:02:17.928,1.28718,1.28725
2013.03.20 01:02:18.048,1.28718,1.28725
2013.03.20 01:02:18.468,1.28718,1.28724
2013.03.20 01:02:19.138,1.28718,1.28725
2013.03.20 01:02:20.180,1.28718,1.28725
2013.03.20 01:02:20.944,1.28716,1.28724
2013.03.20 01:02:23.219,1.28716,1.28724
2013.03.20 01:02:23.749,1.28716,1.28724
2013.03.20 01:02:25.258,1.28716,1.28723
2013.03.20 01:02:26.732,1.28716,1.28723
2013.03.20 01:02:28.289,1.28716,1.28722
2013.03.20 01:02:30.469,1.28716,1.28722
2013.03.20 01:02:47.962,1.28718,1.28722
2013.03.20 01:02:48.632,1.28717,1.28722
2013.03.20 01:02:49.205,1.28717,1.28722
2013.03.20 01:02:53.288,1.28717,1.28722
2013.03.20 01:02:56.140,1.28717,1.28724
2013.03.20 01:02:56.498,1.28719,1.28724
2013.03.20 01:02:57.089,1.28719,1.28724
2013.03.20 01:02:57.518,1.28718,1.28724
2013.03.20 01:02:58.418,1.28717,1.28722
2013.03.20 01:02:58.539,1.28716,1.28721
2013.03.20 01:02:58.719,1.28715,1.28719
2013.03.20 01:02:58.840,1.28714,1.28721
2013.03.20 01:02:58.899,1.28716,1.28723
2013.03.20 01:02:59.138,1.28716,1.28723
2013.03.20 01:02:59.639,1.28716,1.28723
2013.03.20 01:03:01.179,1.28716,1.28723
2013.03.20 01:03:03.809,1.28715,1.28722
2013.03.20 01:03:04.779,1.28715,1.28723
2013.03.20 01:03:04.838,1.28715,1.28723
2013.03.20 01:03:04.899,1.28715,1.28723
2013.03.20 01:03:05.439,1.28716,1.28724
2013.03.20 01:03:05.498,1.28716,1.28724
2013.03.20 01:03:06.678,1.28716,1.28723
2013.03.20 01:03:08.099,1.28721,1.28724
2013.03.20 01:03:08.219,1.28721,1.28726
2013.03.20 01:03:08.340,1.28724,1.28727
2013.03.20 01:03:08.401,1.28723,1.28727
2013.03.20 01:03:08.471,1.28725,1.28728
2013.03.20 01:03:08.590,1.28723,1.28731
2013.03.20 01:03:08.710,1.28726,1.28731
2013.03.20 01:03:09.070,1.28726,1.28733
2013.03.20 01:03:09.129,1.28726,1.28733
2013.03.20 01:03:09.189,1.28726,1.28733
2013.03.20 01:03:09.549,1.28728,1.2874
2013.03.20 01:03:09.681,1.28731,1.28736
2013.03.20 01:03:09.751,1.2873,1.28736
2013.03.20 01:03:09.819,1.2873,1.28736
2013.03.20 01:03:10.684,1.2873,1.28736
2013.03.20 01:03:10.752,1.28726,1.2873
2013.03.20 01:03:10.819,1.28724,1.2873
2013.03.20 01:03:11.239,1.28724,1.28729
2013.03.20 01:03:11.986,1.28724,1.2873
2013.03.20 01:03:21.799,1.28726,1.2873
2013.03.20 01:03:24.363,1.28726,1.28732
2013.03.20 01:03:24.669,1.28725,1.28734
2013.03.20 01:03:27.188,1.28728,1.28734
2013.03.20 01:03:38.189,1.28727,1.28733
2013.03.20 01:03:38.750,1.28724,1.2873
2013.03.20 01:03:39.309,1.28724,1.2873
2013.03.20 01:03:41.180,1.28724,1.2873
2013.03.20 01:03:41.299,1.28724,1.2873
2013.03.20 01:03:41.798,1.28724,1.28729
2013.03.20 01:03:41.859,1.28724,1.28729
2013.03.20 01:03:43.130,1.28724,1.28731
2013.03.20 01:03:43.638,1.28725,1.28731
2013.03.20 01:03:45.258,1.28725,1.28732
2013.03.20 01:03:56.068,1.28725,1.28732
2013.03.20 01:04:04.088,1.28726,1.28732
2013.03.20 01:04:09.788,1.28726,1.28732
2013.03.20 01:04:10.539,1.28725,1.28733
2013.03.20 01:04:13.448,1.28726,1.28733
2013.03.20 01:04:14.197,1.28726,1.28733
2013.03.20 01:04:20.729,1.28728,1.28732
2013.03.20 01:04:32.070,1.28725,1.28731
2013.03.20 01:04:32.130,1.28725,1.2873
2013.03.20 01:04:32.669,1.28724,1.28731
2013.03.20 01:04:39.888,1.28726,1.28731
2013.03.20 01:04:41.404,1.28725,1.28731
2013.03.20 01:04:41.469,1.28725,1.2873
2013.03.20 01:04:42.008,1.28724,1.2873
2013.03.20 01:04:42.310,1.28724,1.28726
2013.03.20 01:04:42.630,1.28724,1.28726
2013.03.20 01:04:43.909,1.28724,1.2873
2013.03.20 01:04:47.159,1.28725,1.2873
2013.03.20 01:05:06.449,1.28725,1.2873
2013.03.20 01:05:08.588,1.28725,1.2873
2013.03.20 01:05:11.550,1.28726,1.28733
2013.03.20 01:05:11.790,1.28726,1.28731
2013.03.20 01:05:12.148,1.28725,1.2873
2013.03.20 01:05:12.689,1.28725,1.28731
2013.03.20 01:05:13.619,1.28725,1.28731
2013.03.20 01:05:14.819,1.28725,1.28731
2013.03.20 01:05:15.732,1.28725,1.28732
2013.03.20 01:05:17.398,1.28725,1.28731
2013.03.20 01:05:19.460,1.28725,1.28731
2013.03.20 01:05:19.701,1.28727,1.28733
2013.03.20 01:05:19.830,1.28727,1.28732
2013.03.20 01:05:20.009,1.28727,1.28732
2013.03.20 01:05:20.190,1.28726,1.28732
2013.03.20 01:05:20.489,1.28725,1.2873
2013.03.20 01:05:20.609,1.28725,1.28731
2013.03.20 01:05:20.729,1.28725,1.28732
2013.03.20 01:05:20.910,1.28727,1.28732
2013.03.20 01:05:21.029,1.28727,1.28732
2013.03.20 01:05:21.569,1.28725,1.2873
2013.03.20 01:05:22.169,1.28725,1.2873
2013.03.20 01:05:22.839,1.28725,1.2873
2013.03.20 01:05:23.511,1.28724,1.2873
2013.03.20 01:05:24.111,1.28724,1.2873
2013.03.20 01:05:25.720,1.28724,1.28729
2013.03.20 01:05:29.009,1.28724,1.2873
2013.03.20 01:05:29.069,1.28724,1.28731
2013.03.20 01:05:29.129,1.28724,1.2873
2013.03.20 01:05:37.199,1.28724,1.2873
2013.03.20 01:05:37.907,1.28724,1.2873
2013.03.20 01:05:39.459,1.28724,1.2873
2013.03.20 01:05:39.520,1.28726,1.28732
2013.03.20 01:05:40.079,1.28726,1.28733
2013.03.20 01:05:40.627,1.28726,1.28732
2013.03.20 01:05:42.529,1.28726,1.28733
2013.03.20 01:05:43.070,1.28727,1.28735
2013.03.20 01:05:43.190,1.28728,1.28735
2013.03.20 01:05:43.729,1.28729,1.28737
2013.03.20 01:05:44.650,1.28729,1.28734
2013.03.20 01:05:44.829,1.28727,1.28731
2013.03.20 01:05:45.070,1.28724,1.2873
2013.03.20 01:05:46.029,1.28724,1.28731
2013.03.20 01:05:46.588,1.28724,1.28731
2013.03.20 01:05:48.459,1.28724,1.28731
2013.03.20 01:05:49.000,1.28724,1.28729
2013.03.20 01:05:49.770,1.28724,1.28729
2013.03.20 01:05:54.460,1.28724,1.28729
2013.03.20 01:05:58.103,1.28724,1.28729
2013.03.20 01:06:00.829,1.28723,1.2873
2013.03.20 01:06:06.170,1.28724,1.28729
2013.03.20 01:06:06.528,1.28724,1.2873
2013.03.20 01:06:11.119,1.28725,1.28731
2013.03.20 01:06:11.180,1.28725,1.28731
2013.03.20 01:06:11.301,1.28728,1.28734
2013.03.20 01:06:11.369,1.28728,1.28734
2013.03.20 01:06:11.549,1.28728,1.28735
2013.03.20 01:06:11.790,1.28727,1.28733
2013.03.20 01:06:11.908,1.28727,1.28732
2013.03.20 01:06:25.941,1.28727,1.28733
2013.03.20 01:06:26.557,1.28727,1.28733
2013.03.20 01:06:27.459,1.28727,1.28733
2013.03.20 01:06:27.949,1.28728,1.28734
2013.03.20 01:06:28.500,1.28728,1.28735
2013.03.20 01:06:29.390,1.28728,1.28734
2013.03.20 01:06:31.514,1.28728,1.2873
2013.03.20 01:06:31.700,1.28726,1.2873
2013.03.20 01:06:31.952,1.28724,1.28729
2013.03.20 01:06:32.499,1.28724,1.28729
2013.03.20 01:06:33.031,1.28724,1.28729
2013.03.20 01:06:37.532,1.28724,1.28729
2013.03.20 01:06:39.149,1.28722,1.28728
2013.03.20 01:06:39.688,1.28722,1.28729
2013.03.20 01:06:42.851,1.28723,1.28729
2013.03.20 01:06:43.451,1.28723,1.28729
2013.03.20 01:06:45.499,1.28723,1.28729
2013.03.20 01:06:46.233,1.28722,1.28729
2013.03.20 01:06:46.929,1.28722,1.28729
2013.03.20 01:06:47.449,1.28722,1.28729
2013.03.20 01:06:47.981,1.28724,1.28729
2013.03.20 01:06:48.040,1.28724,1.28731
2013.03.20 01:06:48.399,1.28724,1.28731
2013.03.20 01:06:49.032,1.28724,1.2873
2013.03.20 01:06:49.559,1.28724,1.28728
2013.03.20 01:06:50.142,1.28723,1.28728
2013.03.20 01:06:50.329,1.28722,1.28727
2013.03.20 01:06:50.451,1.28722,1.28727
2013.03.20 01:06:50.989,1.2872,1.28725
2013.03.20 01:06:51.521,1.2872,1.28725
2013.03.20 01:06:52.039,1.2872,1.28725
2013.03.20 01:06:52.689,1.28716,1.28723
2013.03.20 01:06:53.270,1.28717,1.28723
2013.03.20 01:06:53.770,1.28716,1.28723
2013.03.20 01:06:54.279,1.28716,1.28723
2013.03.20 01:06:56.027,1.28716,1.28721
2013.03.20 01:06:56.644,1.28716,1.28721
2013.03.20 01:06:57.370,1.28716,1.28721
2013.03.20 01:06:57.924,1.28716,1.28721
2013.03.20 01:07:04.021,1.28716,1.28719
2013.03.20 01:07:04.319,1.28714,1.28718
2013.03.20 01:07:05.052,1.28714,1.28718
2013.03.20 01:07:11.881,1.28712,1.28717
2013.03.20 01:07:12.121,1.28711,1.28717
2013.03.20 01:07:12.539,1.2871,1.28715
2013.03.20 01:07:13.061,1.2871,1.28715
2013.03.20 01:07:13.611,1.2871,1.28714
2013.03.20 01:07:23.318,1.287,1.2871
2013.03.20 01:07:24.073,1.28704,1.28709
2013.03.20 01:07:24.589,1.28704,1.28709
2013.03.20 01:07:26.620,1.28704,1.2871
2013.03.20 01:07:26.739,1.28704,1.2871
2013.03.20 01:07:27.040,1.28704,1.2871
2013.03.20 01:07:27.580,1.28704,1.2871
2013.03.20 01:07:27.939,1.28705,1.2871
2013.03.20 01:07:28.480,1.28705,1.28711
2013.03.20 01:07:31.110,1.28706,1.28711
2013.03.20 01:07:31.649,1.28705,1.2871
2013.03.20 01:07:32.771,1.28705,1.2871
2013.03.20 01:07:37.991,1.28706,1.2871
2013.03.20 01:07:38.109,1.28706,1.28712
2013.03.20 01:07:40.342,1.28706,1.28711
2013.03.20 01:07:40.870,1.28706,1.28712
2013.03.20 01:07:46.001,1.28706,1.28712
2013.03.20 01:07:51.502,1.28706,1.28711
2013.03.20 01:07:57.039,1.28707,1.28712
2013.03.20 01:07:58.879,1.28707,1.28712
2013.03.20 01:08:03.500,1.28706,1.28711
2013.03.20 01:08:03.560,1.28706,1.28709
2013.03.20 01:08:03.741,1.28705,1.28711
2013.03.20 01:08:04.280,1.28705,1.28711
2013.03.20 01:08:04.761,1.28702,1.28708
2013.03.20 01:08:04.890,1.28702,1.28708
2013.03.20 01:08:05.430,1.28702,1.28707
2013.03.20 01:08:05.770,1.28703,1.28707
2013.03.20 01:08:06.169,1.28701,1.28706
2013.03.20 01:08:06.350,1.28701,1.28706
2013.03.20 01:08:07.680,1.287,1.28706
2013.03.20 01:08:09.119,1.28699,1.28706
2013.03.20 01:08:11.260,1.28701,1.28707
2013.03.20 01:08:11.321,1.28701,1.28706
2013.03.20 01:08:12.135,1.28703,1.28707
2013.03.20 01:08:12.669,1.28702,1.28708
2013.03.20 01:08:13.499,1.28703,1.28708
2013.03.20 01:08:13.862,1.28704,1.28709
2013.03.20 01:08:14.400,1.28705,1.2871
2013.03.20 01:08:15.300,1.28705,1.28711
2013.03.20 01:08:15.600,1.28705,1.28708
2013.03.20 01:08:17.170,1.28704,1.28708
2013.03.20 01:08:17.470,1.28705,1.28709
2013.03.20 01:08:17.649,1.28705,1.28712
2013.03.20 01:08:17.709,1.28705,1.28712
2013.03.20 01:08:17.769,1.28707,1.28713
2013.03.20 01:08:18.219,1.28707,1.28713
2013.03.20 01:08:21.519,1.28708,1.28715
2013.03.20 01:08:23.840,1.28708,1.28714
2013.03.20 01:08:26.180,1.28709,1.28713
2013.03.20 01:08:26.489,1.28714,1.28719
2013.03.20 01:08:27.604,1.28714,1.28718
2013.03.20 01:08:27.743,1.28711,1.28716
2013.03.20 01:08:28.289,1.2871,1.28715
2013.03.20 01:08:28.649,1.28709,1.28715
2013.03.20 01:08:30.141,1.28708,1.28712
2013.03.20 01:08:30.200,1.28705,1.28711
2013.03.20 01:08:30.260,1.28704,1.28711
2013.03.20 01:08:30.501,1.28704,1.28709
2013.03.20 01:08:31.041,1.28704,1.28708
2013.03.20 01:08:31.339,1.28704,1.28711
2013.03.20 01:08:31.928,1.28705,1.28711
2013.03.20 01:08:32.609,1.28704,1.28711
2013.03.20 01:08:32.971,1.28703,1.28708
2013.03.20 01:08:33.519,1.28703,1.28707
2013.03.20 01:08:36.710,1.28704,1.28707
2013.03.20 01:08:39.819,1.28704,1.28707
2013.03.20 01:08:45.109,1.28704,1.28707
2013.03.20 01:08:47.074,1.28705,1.28709
2013.03.20 01:08:47.662,1.28705,1.28711
2013.03.20 01:08:53.959,1.28706,1.28711
2013.03.20 01:08:54.349,1.28707,1.28712
2013.03.20 01:08:54.471,1.28707,1.28712
2013.03.20 01:08:54.710,1.28709,1.28712
2013.03.20 01:08:55.230,1.2871,1.28714
2013.03.20 01:08:57.741,1.2871,1.28715
2013.03.20 01:08:58.455,1.2871,1.28715
2013.03.20 01:09:05.927,1.28711,1.28715
2013.03.20 01:09:09.249,1.28711,1.28715
2013.03.20 01:09:09.552,1.28713,1.28717
2013.03.20 01:09:10.089,1.28714,1.28719
2013.03.20 01:09:11.019,1.28713,1.28719
2013.03.20 01:09:14.731,1.28713,1.28717
2013.03.20 01:09:15.281,1.28713,1.28717
2013.03.20 01:09:16.103,1.28714,1.28718
2013.03.20 01:09:16.780,1.28714,1.28718
2013.03.20 01:09:18.192,1.28712,1.28717
2013.03.20 01:09:18.310,1.28712,1.28717
2013.03.20 01:09:18.551,1.28711,1.28717
2013.03.20 01:09:18.969,1.2871,1.28716
2013.03.20 01:09:19.522,1.2871,1.28715
2013.03.20 01:09:23.970,1.2871,1.28714
2013.03.20 01:09:24.272,1.28707,1.2871
2013.03.20 01:09:24.461,1.28704,1.28709
2013.03.20 01:09:24.999,1.28704,1.28709
2013.03.20 01:09:25.059,1.28704,1.28709
2013.03.20 01:09:25.750,1.28704,1.28709
2013.03.20 01:09:29.240,1.28704,1.2871
2013.03.20 01:09:29.789,1.28704,1.28709
2013.03.20 01:09:40.429,1.28703,1.28707
2013.03.20 01:09:40.969,1.28702,1.28707
2013.03.20 01:09:42.199,1.28702,1.28706
2013.03.20 01:09:42.749,1.28702,1.28706
2013.03.20 01:09:44.439,1.28702,1.28706
2013.03.20 01:09:50.370,1.28702,1.28707
2013.03.20 01:09:54.579,1.28702,1.28707
2013.03.20 01:09:54.941,1.28698,1.28703
2013.03.20 01:09:55.001,1.28691,1.28701
2013.03.20 01:09:55.182,1.28695,1.28699
2013.03.20 01:09:55.420,1.28692,1.28698
2013.03.20 01:09:55.959,1.28692,1.28697
2013.03.20 01:09:56.601,1.28692,1.28695
2013.03.20 01:09:56.849,1.28692,1.28697
2013.03.20 01:09:57.660,1.28692,1.28697
2013.03.20 01:09:58.199,1.28692,1.28697
2013.03.20 01:10:00.210,1.28693,1.28697
2013.03.20 01:10:02.743,1.28691,1.28695
2013.03.20 01:10:02.813,1.28689,1.28695
2013.03.20 01:10:02.884,1.28689,1.28693
2013.03.20 01:10:03.011,1.28687,1.28691
2013.03.20 01:10:03.312,1.28686,1.2869
2013.03.20 01:10:04.901,1.28685,1.28689
2013.03.20 01:10:04.959,1.28685,1.28688
2013.03.20 01:10:05.499,1.28684,1.28689
2013.03.20 01:10:10.400,1.28684,1.28689
2013.03.20 01:10:11.810,1.28684,1.28689
2013.03.20 01:10:13.249,1.28684,1.28689
2013.03.20 01:10:16.111,1.28684,1.28689
2013.03.20 01:10:20.051,1.28685,1.28689
2013.03.20 01:10:20.911,1.28685,1.28689
2013.03.20 01:10:21.032,1.28688,1.28691
2013.03.20 01:10:21.103,1.28689,1.28692
2013.03.20 01:10:21.171,1.28689,1.28693
2013.03.20 01:10:21.493,1.28687,1.28691
2013.03.20 01:10:21.622,1.28685,1.2869
2013.03.20 01:10:24.149,1.28684,1.2869
2013.03.20 01:10:24.760,1.28684,1.2869
2013.03.20 01:10:33.949,1.28684,1.2869
2013.03.20 01:10:35.049,1.28684,1.28691
2013.03.20 01:10:35.589,1.28684,1.28689
2013.03.20 01:10:37.550,1.28684,1.28691
2013.03.20 01:10:37.749,1.28684,1.28691
2013.03.20 01:10:41.251,1.28684,1.28689
2013.03.20 01:10:41.611,1.28679,1.28686
2013.03.20 01:10:42.160,1.2868,1.28685
2013.03.20 01:10:43.001,1.2868,1.28685
2013.03.20 01:10:43.539,1.28681,1.28685
2013.03.20 01:10:47.060,1.2868,1.28685
2013.03.20 01:10:47.600,1.2868,1.28683
2013.03.20 01:10:51.599,1.2868,1.28686
2013.03.20 01:10:52.183,1.2868,1.28684
2013.03.20 01:10:57.543,1.28679,1.28683
2013.03.20 01:10:57.970,1.28677,1.28682
2013.03.20 01:10:59.299,1.28676,1.28681
2013.03.20 01:11:00.050,1.28676,1.28681
2013.03.20 01:11:01.854,1.28677,1.28684
2013.03.20 01:11:02.630,1.28678,1.28685
2013.03.20 01:11:02.752,1.28678,1.28684
2013.03.20 01:11:03.111,1.28679,1.28685
2013.03.20 01:11:03.649,1.28679,1.28685
2013.03.20 01:11:04.380,1.2868,1.28686
2013.03.20 01:11:04.499,1.28681,1.28686
2013.03.20 01:11:04.991,1.28683,1.28689
2013.03.20 01:11:05.052,1.28683,1.28689
2013.03.20 01:11:05.600,1.28684,1.28687
2013.03.20 01:11:06.270,1.28684,1.28689
2013.03.20 01:11:09.269,1.28684,1.28689
2013.03.20 01:11:14.881,1.28684,1.28688
2013.03.20 01:11:17.230,1.28684,1.28688
2013.03.20 01:11:23.770,1.28684,1.28687
2013.03.20 01:11:24.310,1.28684,1.28687
2013.03.20 01:11:24.550,1.28682,1.28686
2013.03.20 01:11:24.730,1.28681,1.28686
2013.03.20 01:11:24.850,1.28679,1.28685
2013.03.20 01:11:30.170,1.2868,1.28683
2013.03.20 01:11:30.680,1.2868,1.28684
2013.03.20 01:11:31.218,1.28679,1.28684
2013.03.20 01:11:32.721,1.28681,1.28687
2013.03.20 01:11:33.022,1.28684,1.28688
2013.03.20 01:11:33.441,1.28684,1.28689
2013.03.20 01:11:33.500,1.28684,1.28689
2013.03.20 01:11:33.682,1.28686,1.2869
2013.03.20 01:11:33.752,1.28687,1.28691
2013.03.20 01:11:34.293,1.28689,1.28693
2013.03.20 01:11:35.330,1.28689,1.28694
2013.03.20 01:11:35.450,1.28689,1.28695
2013.03.20 01:11:36.386,1.2869,1.28697
2013.03.20 01:11:36.466,1.28694,1.28699
2013.03.20 01:11:37.068,1.28694,1.28699
2013.03.20 01:11:37.630,1.28694,1.28697
2013.03.20 01:11:37.811,1.28689,1.28692
2013.03.20 01:11:38.352,1.28687,1.28692
2013.03.20 01:11:38.710,1.28689,1.28695
2013.03.20 01:11:39.070,1.28689,1.28695
2013.03.20 01:11:40.679,1.28689,1.28695
2013.03.20 01:11:41.219,1.28689,1.28694
2013.03.20 01:11:44.289,1.28689,1.28694
2013.03.20 01:11:44.530,1.28687,1.28692
2013.03.20 01:11:45.089,1.28687,1.28692
2013.03.20 01:11:45.815,1.28687,1.28692
2013.03.20 01:11:46.130,1.28689,1.28695
2013.03.20 01:11:46.871,1.28689,1.28695
2013.03.20 01:11:49.462,1.28689,1.28695
2013.03.20 01:11:49.949,1.28689,1.28695
2013.03.20 01:11:52.241,1.2869,1.28691
2013.03.20 01:11:52.841,1.2869,1.28694
2013.03.20 01:11:53.080,1.2869,1.28694
2013.03.20 01:11:55.131,1.28691,1.28696
2013.03.20 01:11:55.252,1.28693,1.28696
2013.03.20 01:11:55.791,1.28693,1.28699
2013.03.20 01:11:56.030,1.28693,1.287
2013.03.20 01:11:56.570,1.28694,1.28699
2013.03.20 01:11:57.078,1.28694,1.28699
2013.03.20 01:12:00.707,1.28694,1.287
2013.03.20 01:12:01.229,1.28694,1.287
2013.03.20 01:12:04.269,1.28693,1.28699
2013.03.20 01:12:04.779,1.28693,1.28698
2013.03.20 01:12:05.420,1.28693,1.28698
2013.03.20 01:12:17.843,1.28693,1.28698
2013.03.20 01:12:19.092,1.28693,1.28697
2013.03.20 01:12:19.211,1.28691,1.28696
2013.03.20 01:12:19.772,1.2869,1.28695
2013.03.20 01:12:24.290,1.2869,1.28694
2013.03.20 01:12:25.070,1.28689,1.28694
2013.03.20 01:12:26.280,1.28689,1.28695
2013.03.20 01:12:26.970,1.28689,1.28695
2013.03.20 01:12:28.720,1.2869,1.28696
2013.03.20 01:12:30.440,1.28689,1.28695
2013.03.20 01:12:32.171,1.28689,1.28695
2013.03.20 01:12:33.332,1.28687,1.28693
2013.03.20 01:12:44.541,1.28686,1.28692
2013.03.20 01:12:45.231,1.28686,1.28692
2013.03.20 01:12:46.293,1.28686,1.28691
2013.03.20 01:12:52.540,1.28686,1.28691
2013.03.20 01:12:53.000,1.28687,1.28691
2013.03.20 01:12:53.252,1.28688,1.28692
2013.03.20 01:12:53.317,1.28688,1.28693
2013.03.20 01:12:54.057,1.2869,1.28693
2013.03.20 01:12:54.680,1.2869,1.28695
2013.03.20 01:12:55.239,1.28689,1.28695
2013.03.20 01:12:56.762,1.28689,1.28695
2013.03.20 01:13:11.170,1.28689,1.28695
2013.03.20 01:13:16.569,1.28689,1.28694
2013.03.20 01:13:17.373,1.28689,1.28694
2013.03.20 01:13:29.920,1.28689,1.28694
2013.03.20 01:13:30.510,1.28689,1.28694
2013.03.20 01:13:35.260,1.28689,1.28694
2013.03.20 01:13:35.962,1.28689,1.28694
2013.03.20 01:13:36.490,1.2869,1.28694
2013.03.20 01:13:37.030,1.2869,1.28694
2013.03.20 01:13:37.390,1.28688,1.28694
2013.03.20 01:13:38.449,1.28688,1.28693
2013.03.20 01:13:39.504,1.28688,1.28693
2013.03.20 01:13:39.581,1.28689,1.28694
2013.03.20 01:13:40.158,1.28689,1.28693
2013.03.20 01:13:43.049,1.28689,1.28693
2013.03.20 01:13:46.160,1.28689,1.28693
2013.03.20 01:13:46.691,1.28687,1.28693
2013.03.20 01:13:47.239,1.28687,1.28693
2013.03.20 01:14:11.871,1.28688,1.28692
2013.03.20 01:14:11.989,1.28688,1.28693
2013.03.20 01:14:14.161,1.28688,1.28692
2013.03.20 01:14:17.241,1.28688,1.28692
2013.03.20 01:14:17.782,1.28688,1.28692
2013.03.20 01:14:21.440,1.28688,1.28692
2013.03.20 01:14:32.430,1.28688,1.28692
2013.03.20 01:14:49.772,1.28687,1.28692
2013.03.20 01:14:50.549,1.28687,1.28693
2013.03.20 01:14:51.190,1.28687,1.28692
2013.03.20 01:14:51.731,1.28687,1.28692
2013.03.20 01:14:52.327,1.28687,1.28692
2013.03.20 01:14:53.770,1.28687,1.28692
2013.03.20 01:14:54.280,1.28686,1.28691
2013.03.20 01:14:54.829,1.28687,1.28691
