Time,Bid,Ask
2013.03.08 00:00:00.923,1.31077,1.31085
2013.03.08 00:00:01.284,1.31078,1.31085
2013.03.08 00:00:01.751,1.3108,1.31086
2013.03.08 00:00:01.814,1.31078,1.31086
2013.03.08 00:00:02.113,1.31078,1.31086
2013.03.08 00:00:02.418,1.31078,1.31084
2013.03.08 00:00:03.022,1.31077,1.31085
2013.03.08 00:00:03.563,1.31077,1.31088
2013.03.08 00:00:03.742,1.31078,1.31088
2013.03.08 00:00:04.043,1.3108,1.31088
2013.03.08 00:00:04.582,1.3108,1.31087
2013.03.08 00:00:05.973,1.31079,1.31085
2013.03.08 00:00:06.333,1.31074,1.31083
2013.03.08 00:00:06.572,1.31079,1.31085
2013.03.08 00:00:06.692,1.31077,1.31086
2013.03.08 00:00:10.263,1.31078,1.31086
2013.03.08 00:00:10.773,1.31078,1.31086
2013.03.08 00:00:12.864,1.31078,1.31086
2013.03.08 00:00:16.933,1.31077,1.31085
2013.03.08 00:00:16.993,1.31078,1.31085
2013.03.08 00:00:17.474,1.31081,1.31086
2013.03.08 00:00:17.594,1.31081,1.31088
2013.03.08 00:00:18.133,1.31081,1.31088
2013.03.08 00:00:18.314,1.31082,1.31088
2013.03.08 00:00:18.584,1.31081,1.31088
2013.03.08 00:00:19.133,1.31079,1.31086
2013.03.08 00:00:19.927,1.31081,1.31087
2013.03.08 00:00:20.803,1.31081,1.31087
2013.03.08 00:00:22.423,1.31081,1.31087
2013.03.08 00:00:24.123,1.3108,1.31087
2013.03.08 00:00:24.362,1.3108,1.31086
2013.03.08 00:00:24.484,1.31077,1.31084
2013.03.08 00:00:24.913,1.31076,1.31083
2013.03.08 00:00:25.574,1.31075,1.31082
2013.03.08 00:00:25.814,1.31075,1.31082
2013.03.08 00:00:25.993,1.31075,1.31082
2013.03.08 00:00:26.743,1.31076,1.31084
2013.03.08 00:00:27.261,1.31076,1.31084
2013.03.08 00:00:27.594,1.31076,1.31084
2013.03.08 00:00:28.451,1.31076,1.31085
2013.03.08 00:00:29.933,1.31075,1.31083
2013.03.08 00:00:30.483,1.31075,1.31084
2013.03.08 00:00:30.903,1.31076,1.31085
2013.03.08 00:00:34.263,1.31078,1.31085
2013.03.08 00:00:36.654,1.31078,1.31085
2013.03.08 00:00:37.521,1.31078,1.31085
2013.03.08 00:00:37.592,1.31078,1.31085
2013.03.08 00:00:38.583,1.31078,1.31085
2013.03.08 00:00:40.984,1.3108,1.31087
2013.03.08 00:00:41.343,1.31083,1.31091
2013.03.08 00:00:41.523,1.31084,1.31091
2013.03.08 00:00:41.704,1.31085,1.31093
2013.03.08 00:00:42.123,1.31087,1.31094
2013.03.08 00:00:42.364,1.31085,1.31092
2013.03.08 00:00:42.665,1.31084,1.31091
2013.03.08 00:00:42.783,1.31086,1.31091
2013.03.08 00:00:43.084,1.3108,1.31088
2013.03.08 00:00:43.204,1.3108,1.31087
2013.03.08 00:00:43.324,1.31076,1.31086
2013.03.08 00:00:43.683,1.31076,1.31084
2013.03.08 00:00:44.243,1.31076,1.31084
2013.03.08 00:00:44.485,1.31076,1.31083
2013.03.08 00:00:44.604,1.31076,1.31083
2013.03.08 00:00:44.906,1.31074,1.3108
2013.03.08 00:00:45.213,1.31072,1.31078
2013.03.08 00:00:45.334,1.31072,1.31078
2013.03.08 00:00:45.513,1.31068,1.31076
2013.03.08 00:00:45.633,1.31068,1.31076
2013.03.08 00:00:50.533,1.31067,1.31075
2013.03.08 00:00:53.244,1.31065,1.31073
2013.03.08 00:00:53.605,1.31065,1.31073
2013.03.08 00:00:54.153,1.31065,1.31072
2013.03.08 00:00:54.514,1.31066,1.31072
2013.03.08 00:00:54.694,1.31066,1.31072
2013.03.08 00:00:55.057,1.31066,1.31073
2013.03.08 00:00:55.245,1.31066,1.31073
2013.03.08 00:00:57.918,1.31066,1.31073
2013.03.08 00:00:58.383,1.31065,1.31074
2013.03.08 00:00:58.694,1.31065,1.31074
2013.03.08 00:01:03.024,1.31065,1.31072
2013.03.08 00:01:03.325,1.31067,1.31073
2013.03.08 00:01:04.096,1.31068,1.31074
2013.03.08 00:01:04.354,1.31066,1.31074
2013.03.08 00:01:05.043,1.31067,1.31075
2013.03.08 00:01:06.458,1.31068,1.31075
2013.03.08 00:01:10.012,1.31067,1.31074
2013.03.08 00:01:10.613,1.31066,1.31074
2013.03.08 00:01:12.063,1.31067,1.31075
2013.03.08 00:01:14.364,1.31066,1.31074
2013.03.08 00:01:16.133,1.31065,1.31074
2013.03.08 00:01:16.445,1.31068,1.31075
2013.03.08 00:01:16.983,1.31068,1.31075
2013.03.08 00:01:17.763,1.31068,1.31076
2013.03.08 00:01:18.064,1.31069,1.31076
2013.03.08 00:01:18.483,1.31068,1.31075
2013.03.08 00:01:25.153,1.31068,1.31074
2013.03.08 00:01:32.114,1.31068,1.31074
2013.03.08 00:01:32.414,1.31067,1.31074
2013.03.08 00:01:32.533,1.31066,1.31075
2013.03.08 00:01:32.653,1.31064,1.31073
2013.03.08 00:01:32.953,1.31063,1.31072
2013.03.08 00:01:34.471,1.31063,1.31072
2013.03.08 00:01:37.263,1.31062,1.31068
2013.03.08 00:01:38.094,1.31062,1.31068
2013.03.08 00:01:38.273,1.3106,1.31068
2013.03.08 00:01:38.333,1.3106,1.31068
2013.03.08 00:01:38.634,1.3106,1.31068
2013.03.08 00:01:39.204,1.31059,1.31067
2013.03.08 00:01:41.462,1.31059,1.31065
2013.03.08 00:01:42.364,1.31056,1.31061
2013.03.08 00:01:42.663,1.3105,1.31061
2013.03.08 00:01:43.204,1.31052,1.31061
2013.03.08 00:01:43.722,1.31052,1.31061
2013.03.08 00:01:44.293,1.31053,1.31062
2013.03.08 00:01:44.813,1.31053,1.31061
2013.03.08 00:01:45.543,1.31054,1.31061
2013.03.08 00:01:45.670,1.31055,1.31062
2013.03.08 00:01:46.176,1.31057,1.31064
2013.03.08 00:01:48.433,1.31056,1.31063
2013.03.08 00:01:48.973,1.31054,1.31064
2013.03.08 00:01:49.215,1.3105,1.3106
2013.03.08 00:01:49.334,1.31049,1.31057
2013.03.08 00:01:49.633,1.31047,1.31057
2013.03.08 00:01:49.944,1.31047,1.31055
2013.03.08 00:01:50.303,1.31046,1.31053
2013.03.08 00:01:51.734,1.31047,1.31053
2013.03.08 00:01:52.094,1.31043,1.31053
2013.03.08 00:01:52.333,1.31044,1.31053
2013.03.08 00:01:52.513,1.31044,1.31054
2013.03.08 00:01:53.125,1.31044,1.31052
2013.03.08 00:01:53.244,1.31042,1.3105
2013.03.08 00:01:53.305,1.31041,1.3105
2013.03.08 00:01:53.544,1.31041,1.31047
2013.03.08 00:01:53.603,1.31042,1.31047
2013.03.08 00:01:53.964,1.31041,1.3105
2013.03.08 00:01:54.324,1.31041,1.31051
2013.03.08 00:01:58.323,1.31045,1.31051
2013.03.08 00:01:58.503,1.31046,1.3105
2013.03.08 00:01:58.625,1.31047,1.31051
2013.03.08 00:01:59.104,1.3105,1.3106
2013.03.08 00:01:59.223,1.31051,1.31059
2013.03.08 00:01:59.644,1.31053,1.3106
2013.03.08 00:02:02.204,1.31052,1.31062
2013.03.08 00:02:02.503,1.31048,1.31054
2013.03.08 00:02:02.804,1.31045,1.31054
2013.03.08 00:02:07.924,1.31045,1.31052
2013.03.08 00:02:08.283,1.31045,1.31051
2013.03.08 00:02:08.643,1.31044,1.31051
2013.03.08 00:02:11.995,1.31045,1.31052
2013.03.08 00:02:12.515,1.31045,1.31052
2013.03.08 00:02:13.134,1.31045,1.31051
2013.03.08 00:02:23.325,1.31045,1.31051
2013.03.08 00:02:24.585,1.31045,1.31051
2013.03.08 00:02:29.643,1.31043,1.31051
2013.03.08 00:02:30.003,1.31042,1.31051
2013.03.08 00:02:30.064,1.31042,1.3105
2013.03.08 00:02:30.303,1.31044,1.31052
2013.03.08 00:02:36.553,1.31044,1.31051
2013.03.08 00:02:37.164,1.31044,1.3105
2013.03.08 00:02:37.856,1.31044,1.3105
2013.03.08 00:02:39.553,1.31044,1.31051
2013.03.08 00:02:41.164,1.31039,1.31048
2013.03.08 00:02:41.405,1.31038,1.31045
2013.03.08 00:02:41.707,1.31038,1.31044
2013.03.08 00:02:41.954,1.31035,1.31041
2013.03.08 00:02:42.074,1.31034,1.31041
2013.03.08 00:02:42.613,1.31033,1.3104
2013.03.08 00:02:43.333,1.31034,1.31041
2013.03.08 00:02:43.754,1.31034,1.31041
2013.03.08 00:02:50.245,1.31034,1.31041
2013.03.08 00:02:52.423,1.31034,1.31041
2013.03.08 00:02:52.605,1.31034,1.31041
2013.03.08 00:02:53.163,1.31035,1.31041
2013.03.08 00:02:55.163,1.31035,1.31041
2013.03.08 00:02:56.844,1.31035,1.31041
2013.03.08 00:03:00.283,1.31034,1.3104
2013.03.08 00:03:01.533,1.31033,1.3104
2013.03.08 00:03:01.713,1.31033,1.31039
2013.03.08 00:03:02.255,1.31031,1.31037
2013.03.08 00:03:02.374,1.3103,1.31035
2013.03.08 00:03:02.434,1.31027,1.31035
2013.03.08 00:03:02.494,1.31027,1.31035
2013.03.08 00:03:02.974,1.31027,1.31033
2013.03.08 00:03:03.554,1.31029,1.31034
2013.03.08 00:03:03.854,1.3103,1.31037
2013.03.08 00:03:03.914,1.31031,1.3104
2013.03.08 00:03:04.334,1.31034,1.31042
2013.03.08 00:03:04.515,1.31035,1.31042
2013.03.08 00:03:05.313,1.31034,1.31041
2013.03.08 00:03:05.613,1.31034,1.31041
2013.03.08 00:03:06.653,1.31035,1.31041
2013.03.08 00:03:06.714,1.31037,1.31042
2013.03.08 00:03:07.013,1.31037,1.31044
2013.03.08 00:03:07.373,1.31037,1.31045
2013.03.08 00:03:11.233,1.31037,1.31046
2013.03.08 00:03:14.858,1.31037,1.31045
2013.03.08 00:03:15.694,1.31037,1.31044
2013.03.08 00:03:15.816,1.31038,1.31046
2013.03.08 00:03:16.114,1.3104,1.31047
2013.03.08 00:03:16.174,1.31041,1.31047
2013.03.08 00:03:16.413,1.31044,1.31052
2013.03.08 00:03:16.594,1.31045,1.31055
2013.03.08 00:03:16.655,1.31046,1.31055
2013.03.08 00:03:16.833,1.31047,1.31055
2013.03.08 00:03:17.373,1.31046,1.31054
2013.03.08 00:03:19.733,1.31045,1.31053
2013.03.08 00:03:19.973,1.31045,1.31053
2013.03.08 00:03:21.224,1.31044,1.31053
2013.03.08 00:03:21.583,1.31044,1.31051
2013.03.08 00:03:21.644,1.31044,1.3105
2013.03.08 00:03:21.824,1.31041,1.31048
2013.03.08 00:03:21.884,1.3104,1.31048
2013.03.08 00:03:22.004,1.3104,1.31046
2013.03.08 00:03:22.124,1.31036,1.31043
2013.03.08 00:03:22.244,1.31034,1.31043
2013.03.08 00:03:31.825,1.31034,1.31041
2013.03.08 00:03:33.735,1.31034,1.31041
2013.03.08 00:03:34.634,1.31033,1.3104
2013.03.08 00:03:35.143,1.31032,1.3104
2013.03.08 00:03:39.113,1.31034,1.3104
2013.03.08 00:03:39.415,1.31034,1.31042
2013.03.08 00:03:39.473,1.31034,1.31041
2013.03.08 00:03:39.653,1.31034,1.31041
2013.03.08 00:03:40.241,1.31032,1.31038
2013.03.08 00:03:41.153,1.31032,1.31038
2013.03.08 00:03:42.045,1.31032,1.31038
2013.03.08 00:03:42.643,1.31032,1.31038
2013.03.08 00:03:51.833,1.31032,1.31038
2013.03.08 00:03:54.484,1.31032,1.31038
2013.03.08 00:03:55.025,1.31033,1.31039
2013.03.08 00:04:00.353,1.31031,1.31038
2013.03.08 00:04:08.666,1.31031,1.31039
2013.03.08 00:04:09.144,1.31032,1.31039
2013.03.08 00:04:11.564,1.31032,1.31039
2013.03.08 00:04:14.003,1.31032,1.3104
2013.03.08 00:04:26.883,1.31033,1.31039
2013.03.08 00:04:29.283,1.31033,1.31039
2013.03.08 00:04:31.384,1.31033,1.31039
2013.03.08 00:04:33.372,1.31033,1.31039
2013.03.08 00:04:37.633,1.31033,1.31039
2013.03.08 00:04:39.043,1.31034,1.31041
2013.03.08 00:04:49.972,1.31034,1.31042
2013.03.08 00:04:52.573,1.31033,1.3104
2013.03.08 00:04:57.674,1.31035,1.31044
2013.03.08 00:04:58.033,1.31039,1.31045
2013.03.08 00:04:58.573,1.31039,1.31045
2013.03.08 00:05:00.864,1.31036,1.31044
2013.03.08 00:05:02.473,1.31036,1.31045
2013.03.08 00:05:06.953,1.31036,1.31044
2013.03.08 00:05:07.493,1.31035,1.31041
2013.03.08 00:05:08.057,1.31035,1.31041
2013.03.08 00:05:23.773,1.31035,1.31041
2013.03.08 00:05:27.465,1.31035,1.31041
2013.03.08 00:05:28.423,1.31034,1.31039
2013.03.08 00:05:28.963,1.31031,1.31039
2013.03.08 00:05:29.144,1.31031,1.31037
2013.03.08 00:05:29.683,1.31029,1.31037
2013.03.08 00:05:30.363,1.3103,1.31037
2013.03.08 00:05:32.693,1.31031,1.31037
2013.03.08 00:05:32.993,1.31031,1.31037
2013.03.08 00:05:33.533,1.3103,1.31037
2013.03.08 00:05:55.295,1.3103,1.31036
2013.03.08 00:05:57.198,1.3103,1.31036
2013.03.08 00:06:03.625,1.31031,1.31037
2013.03.08 00:06:09.236,1.31031,1.31038
2013.03.08 00:06:09.754,1.31032,1.31038
2013.03.08 00:06:10.478,1.31032,1.31038
2013.03.08 00:06:10.954,1.31029,1.31036
2013.03.08 00:06:11.019,1.3103,1.31036
2013.03.08 00:06:11.753,1.31031,1.31037
2013.03.08 00:06:22.324,1.31031,1.31039
2013.03.08 00:06:30.613,1.31032,1.31039
2013.03.08 00:06:38.584,1.31033,1.31038
2013.03.08 00:06:40.715,1.31033,1.31038
2013.03.08 00:06:42.823,1.31032,1.31038
2013.03.08 00:06:51.703,1.31032,1.31038
2013.03.08 00:06:53.573,1.31032,1.31036
2013.03.08 00:06:56.433,1.31032,1.31036
2013.03.08 00:06:56.497,1.31029,1.31036
2013.03.08 00:06:56.684,1.31026,1.31034
2013.03.08 00:06:56.985,1.31025,1.31032
2013.03.08 00:07:07.216,1.31025,1.31032
2013.03.08 00:07:08.086,1.31026,1.31034
2013.03.08 00:07:12.288,1.31026,1.31034
2013.03.08 00:07:15.364,1.31026,1.31034
2013.03.08 00:07:25.853,1.31027,1.31034
2013.03.08 00:07:26.105,1.31028,1.31037
2013.03.08 00:07:26.414,1.31029,1.31037
2013.03.08 00:07:28.114,1.31028,1.31035
2013.03.08 00:07:28.414,1.31026,1.31033
2013.03.08 00:07:29.776,1.31026,1.31033
2013.03.08 00:07:31.234,1.31027,1.31034
2013.03.08 00:07:32.555,1.31027,1.31034
2013.03.08 00:07:39.803,1.31025,1.31035
2013.03.08 00:07:42.024,1.31027,1.31037
2013.03.08 00:07:42.264,1.31029,1.31039
2013.03.08 00:07:42.504,1.31031,1.31042
2013.03.08 00:07:42.966,1.31031,1.31041
2013.03.08 00:07:48.635,1.31033,1.31042
2013.03.08 00:07:48.694,1.31033,1.31043
2013.03.08 00:07:50.303,1.31033,1.31038
2013.03.08 00:07:53.963,1.31033,1.3104
2013.03.08 00:07:57.176,1.31033,1.31039
2013.03.08 00:08:03.214,1.31031,1.31038
2013.03.08 00:08:06.584,1.31033,1.31038
2013.03.08 00:08:16.525,1.31033,1.31038
2013.03.08 00:08:17.105,1.31033,1.3104
2013.03.08 00:08:17.283,1.31033,1.3104
2013.03.08 00:08:17.992,1.31034,1.3104
2013.03.08 00:08:18.754,1.31034,1.3104
2013.03.08 00:08:19.114,1.31034,1.31038
2013.03.08 00:08:19.681,1.31032,1.31038
2013.03.08 00:08:23.574,1.31035,1.31039
2013.03.08 00:08:23.694,1.31035,1.31041
2013.03.08 00:08:23.874,1.31035,1.31042
2013.03.08 00:08:23.934,1.31035,1.31041
2013.03.08 00:08:24.114,1.31035,1.31043
2013.03.08 00:08:24.655,1.31035,1.31042
2013.03.08 00:08:27.545,1.31037,1.31042
2013.03.08 00:08:28.964,1.31035,1.31042
2013.03.08 00:08:30.613,1.31035,1.31041
2013.03.08 00:08:31.615,1.31035,1.31043
2013.03.08 00:08:32.824,1.31035,1.31042
2013.03.08 00:08:37.333,1.31035,1.31041
2013.03.08 00:08:46.024,1.31035,1.31041
2013.03.08 00:08:48.414,1.31036,1.31042
2013.03.08 00:08:49.493,1.31036,1.31042
2013.03.08 00:08:50.723,1.31036,1.31044
2013.03.08 00:08:52.733,1.31036,1.31044
2013.03.08 00:08:52.854,1.31036,1.31044
2013.03.08 00:08:52.915,1.31038,1.31048
2013.03.08 00:08:53.034,1.31039,1.31048
2013.03.08 00:08:53.335,1.31043,1.31051
2013.03.08 00:08:53.394,1.31043,1.31051
2013.03.08 00:08:53.514,1.31043,1.31051
2013.03.08 00:08:53.813,1.31044,1.31052
2013.03.08 00:08:54.383,1.31044,1.3105
2013.03.08 00:08:54.934,1.31043,1.31049
2013.03.08 00:08:55.735,1.31043,1.3105
2013.03.08 00:08:58.575,1.31043,1.31049
2013.03.08 00:08:58.934,1.31041,1.31046
2013.03.08 00:08:59.565,1.31039,1.31046
2013.03.08 00:08:59.865,1.31039,1.31045
2013.03.08 00:09:00.465,1.31038,1.31045
2013.03.08 00:09:01.747,1.31036,1.31045
2013.03.08 00:09:04.154,1.31038,1.31045
2013.03.08 00:09:04.945,1.31039,1.31045
2013.03.08 00:09:05.144,1.3104,1.31048
2013.03.08 00:09:05.265,1.31045,1.31052
2013.03.08 00:09:05.324,1.31044,1.31052
2013.03.08 00:09:05.444,1.31044,1.31052
2013.03.08 00:09:05.934,1.31044,1.31054
2013.03.08 00:09:06.174,1.31044,1.31052
2013.03.08 00:09:06.923,1.31043,1.31051
2013.03.08 00:09:07.105,1.31041,1.31049
2013.03.08 00:09:07.224,1.31039,1.31048
2013.03.08 00:09:07.464,1.31036,1.31046
2013.03.08 00:09:07.524,1.31036,1.31046
2013.03.08 00:09:08.064,1.31035,1.31042
2013.03.08 00:09:08.664,1.31034,1.31041
2013.03.08 00:09:09.283,1.31034,1.31041
2013.03.08 00:09:11.884,1.31035,1.31041
2013.03.08 00:09:16.844,1.31034,1.31041
2013.03.08 00:09:20.791,1.31034,1.31041
2013.03.08 00:09:21.334,1.31034,1.31041
2013.03.08 00:09:24.823,1.31034,1.31041
2013.03.08 00:09:26.524,1.31034,1.31041
2013.03.08 00:09:30.504,1.31034,1.31041
2013.03.08 00:09:36.343,1.31035,1.31041
2013.03.08 00:09:36.465,1.31035,1.31043
2013.03.08 00:09:37.004,1.31036,1.31043
2013.03.08 00:09:37.544,1.31036,1.31042
2013.03.08 00:09:42.574,1.31037,1.31043
2013.03.08 00:09:44.783,1.31037,1.31041
2013.03.08 00:09:49.314,1.31038,1.31043
2013.03.08 00:09:49.674,1.31039,1.31045
2013.03.08 00:09:50.845,1.31039,1.31043
2013.03.08 00:09:53.015,1.3104,1.31045
2013.03.08 00:09:54.235,1.31039,1.31048
2013.03.08 00:09:54.537,1.31045,1.3105
2013.03.08 00:09:55.075,1.31045,1.3105
2013.03.08 00:09:55.494,1.31046,1.31053
2013.03.08 00:09:57.074,1.31046,1.31055
2013.03.08 00:09:57.495,1.31048,1.31055
2013.03.08 00:09:57.555,1.31049,1.31055
2013.03.08 00:09:57.735,1.3105,1.31057
2013.03.08 00:09:58.274,1.31053,1.31058
2013.03.08 00:09:58.754,1.3105,1.31056
2013.03.08 00:09:59.314,1.3105,1.31057
2013.03.08 00:09:59.713,1.3105,1.31057
2013.03.08 00:10:00.435,1.3105,1.31057
2013.03.08 00:10:00.674,1.31053,1.31059
2013.03.08 00:10:00.974,1.31053,1.31061
2013.03.08 00:10:02.005,1.31053,1.31061
2013.03.08 00:10:02.544,1.31053,1.31061
2013.03.08 00:10:03.083,1.31053,1.3106
2013.03.08 00:10:09.435,1.31053,1.31061
2013.03.08 00:10:09.736,1.31056,1.31063
2013.03.08 00:10:09.794,1.31057,1.31063
2013.03.08 00:10:09.916,1.31057,1.31064
2013.03.08 00:10:10.707,1.31057,1.31064
2013.03.08 00:10:15.434,1.31055,1.31063
2013.03.08 00:10:17.504,1.31056,1.31063
2013.03.08 00:10:18.054,1.31056,1.31064
2013.03.08 00:10:18.504,1.31055,1.31064
2013.03.08 00:10:18.744,1.31055,1.31064
2013.03.08 00:10:24.225,1.31058,1.31064
2013.03.08 00:10:24.524,1.31063,1.31069
2013.03.08 00:10:24.644,1.31062,1.31069
2013.03.08 00:10:24.763,1.31062,1.31068
2013.03.08 00:10:24.884,1.31063,1.31071
2013.03.08 00:10:24.945,1.31063,1.31072
2013.03.08 00:10:25.575,1.31065,1.31072
2013.03.08 00:10:25.648,1.31065,1.31072
2013.03.08 00:10:25.955,1.31065,1.31071
2013.03.08 00:10:27.134,1.31065,1.31071
2013.03.08 00:10:27.435,1.31065,1.31071
2013.03.08 00:10:27.616,1.31067,1.31074
2013.03.08 00:10:27.675,1.31067,1.31074
2013.03.08 00:10:27.795,1.31067,1.3107
2013.03.08 00:10:27.854,1.31064,1.3107
2013.03.08 00:10:27.974,1.31064,1.3107
2013.03.08 00:10:28.274,1.31059,1.31066
2013.03.08 00:10:28.635,1.31059,1.31064
2013.03.08 00:10:28.754,1.31059,1.31063
2013.03.08 00:10:31.614,1.31057,1.31063
2013.03.08 00:10:32.146,1.31057,1.31064
2013.03.08 00:10:33.064,1.31058,1.31063
2013.03.08 00:10:45.054,1.31058,1.31063
2013.03.08 00:10:45.603,1.31055,1.31063
2013.03.08 00:10:47.435,1.31057,1.31063
2013.03.08 00:10:47.613,1.31057,1.31064
2013.03.08 00:10:47.674,1.31057,1.31063
2013.03.08 00:10:48.034,1.31056,1.31062
2013.03.08 00:10:48.697,1.31056,1.31062
2013.03.08 00:10:49.227,1.31055,1.31062
2013.03.08 00:10:50.384,1.31055,1.31062
2013.03.08 00:10:50.624,1.31057,1.31064
2013.03.08 00:10:51.309,1.3106,1.31067
2013.03.08 00:10:51.907,1.3106,1.31067
2013.03.08 00:10:51.964,1.3106,1.31067
2013.03.08 00:10:52.205,1.3106,1.31068
2013.03.08 00:10:52.975,1.3106,1.31068
2013.03.08 00:10:53.155,1.31061,1.3107
2013.03.08 00:10:53.214,1.31061,1.3107
2013.03.08 00:10:53.764,1.31062,1.3107
2013.03.08 00:11:05.304,1.31062,1.31069
2013.03.08 00:11:05.364,1.31061,1.31064
2013.03.08 00:11:05.484,1.31061,1.31067
2013.03.08 00:11:05.605,1.31061,1.31065
2013.03.08 00:11:05.724,1.31061,1.31065
2013.03.08 00:11:06.384,1.31059,1.31064
2013.03.08 00:11:06.924,1.31057,1.31064
2013.03.08 00:11:07.776,1.31057,1.31064
2013.03.08 00:11:10.744,1.31057,1.31061
2013.03.08 00:11:11.044,1.31053,1.31061
2013.03.08 00:11:11.594,1.31053,1.3106
2013.03.08 00:11:13.504,1.31053,1.3106
2013.03.08 00:11:14.045,1.31052,1.3106
2013.03.08 00:11:14.105,1.31051,1.3106
2013.03.08 00:11:20.715,1.31052,1.31059
2013.03.08 00:11:21.254,1.31054,1.3106
2013.03.08 00:11:22.505,1.31054,1.3106
2013.03.08 00:11:22.985,1.31053,1.31059
2013.03.08 00:11:23.045,1.31053,1.31059
2013.03.08 00:11:23.105,1.31053,1.31058
2013.03.08 00:11:23.467,1.31048,1.31056
2013.03.08 00:11:23.773,1.31048,1.31056
2013.03.08 00:11:24.805,1.31048,1.31056
2013.03.08 00:11:24.864,1.3105,1.31057
2013.03.08 00:11:25.045,1.3105,1.31058
2013.03.08 00:11:25.465,1.31053,1.31061
2013.03.08 00:11:25.644,1.31053,1.31061
2013.03.08 00:11:26.784,1.31053,1.31062
2013.03.08 00:11:28.665,1.31054,1.31062
2013.03.08 00:11:31.597,1.31054,1.31062
2013.03.08 00:11:32.775,1.31054,1.31062
2013.03.08 00:11:40.885,1.31054,1.31064
2013.03.08 00:11:41.064,1.31056,1.31065
2013.03.08 00:11:43.034,1.31056,1.31064
2013.03.08 00:11:45.791,1.31056,1.31064
2013.03.08 00:11:47.443,1.31056,1.31064
2013.03.08 00:11:50.064,1.31056,1.31064
2013.03.08 00:11:50.575,1.31056,1.31064
2013.03.08 00:11:51.114,1.31056,1.31064
2013.03.08 00:11:52.175,1.31054,1.31063
2013.03.08 00:11:52.307,1.31053,1.31061
2013.03.08 00:11:57.288,1.31053,1.3106
2013.03.08 00:11:57.356,1.31051,1.3106
2013.03.08 00:11:57.416,1.31048,1.31057
2013.03.08 00:11:57.955,1.31048,1.31054
2013.03.08 00:11:58.133,1.31048,1.31055
2013.03.08 00:11:58.673,1.31048,1.31054
2013.03.08 00:11:59.454,1.31047,1.31053
2013.03.08 00:12:00.201,1.31048,1.31054
2013.03.08 00:12:01.403,1.31048,1.31054
2013.03.08 00:12:04.061,1.31048,1.31054
2013.03.08 00:12:09.585,1.31046,1.31054
2013.03.08 00:12:09.944,1.31046,1.31054
2013.03.08 00:12:10.494,1.31046,1.31054
2013.03.08 00:12:11.004,1.31046,1.31054
2013.03.08 00:12:12.964,1.31046,1.31054
2013.03.08 00:12:13.631,1.31046,1.31054
2013.03.08 00:12:14.954,1.31046,1.31054
2013.03.08 00:12:15.688,1.31046,1.31054
2013.03.08 00:12:24.425,1.31045,1.31052
2013.03.08 00:12:24.904,1.31044,1.31052
2013.03.08 00:12:30.604,1.31042,1.31049
2013.03.08 00:12:30.784,1.31042,1.31048
2013.03.08 00:12:33.025,1.31042,1.3105
2013.03.08 00:12:33.935,1.31044,1.31052
2013.03.08 00:12:38.613,1.31044,1.31052
2013.03.08 00:12:46.024,1.31044,1.31052
2013.03.08 00:12:46.196,1.31044,1.31052
2013.03.08 00:13:03.845,1.31044,1.31052
2013.03.08 00:13:04.734,1.31045,1.31052
2013.03.08 00:13:06.664,1.31045,1.31052
2013.03.08 00:13:06.904,1.31048,1.31057
2013.03.08 00:13:07.385,1.31047,1.31054
2013.03.08 00:13:07.564,1.31045,1.31052
2013.03.08 00:13:12.414,1.31047,1.31052
2013.03.08 00:13:13.565,1.31045,1.31052
2013.03.08 00:13:14.104,1.31045,1.31052
2013.03.08 00:13:17.224,1.31045,1.31052
2013.03.08 00:13:19.964,1.31045,1.31053
2013.03.08 00:13:22.654,1.31047,1.31053
2013.03.08 00:13:23.157,1.31047,1.31053
2013.03.08 00:13:25.305,1.31047,1.31054
2013.03.08 00:13:27.434,1.31047,1.31053
2013.03.08 00:13:27.794,1.31047,1.31053
2013.03.08 00:13:27.974,1.31046,1.3105
2013.03.08 00:13:33.654,1.31046,1.3105
2013.03.08 00:13:33.776,1.31039,1.31047
2013.03.08 00:13:34.198,1.31039,1.31045
2013.03.08 00:13:34.282,1.31037,1.31044
2013.03.08 00:13:34.795,1.31037,1.31042
2013.03.08 00:13:35.275,1.31035,1.31042
2013.03.08 00:13:35.515,1.31037,1.31042
2013.03.08 00:13:36.645,1.31037,1.31041
2013.03.08 00:13:37.505,1.31039,1.31046
2013.03.08 00:13:37.624,1.31039,1.31047
2013.03.08 00:13:37.745,1.3104,1.31047
2013.03.08 00:13:37.806,1.31044,1.31052
2013.03.08 00:13:37.934,1.31044,1.31053
2013.03.08 00:13:37.994,1.31044,1.31054
2013.03.08 00:13:38.414,1.31044,1.31053
2013.03.08 00:13:45.854,1.31044,1.31053
2013.03.08 00:13:49.665,1.31044,1.31053
2013.03.08 00:13:50.084,1.31048,1.31056
2013.03.08 00:13:50.204,1.3105,1.31056
2013.03.08 00:13:50.507,1.31048,1.31053
2013.03.08 00:13:55.804,1.31048,1.31054
2013.03.08 00:13:56.437,1.31048,1.31053
2013.03.08 00:14:02.594,1.31048,1.31054
2013.03.08 00:14:02.895,1.31041,1.31049
2013.03.08 00:14:02.956,1.31041,1.31046
2013.03.08 00:14:03.014,1.31038,1.31045
2013.03.08 00:14:03.134,1.31036,1.31045
2013.03.08 00:14:03.195,1.31036,1.31042
2013.03.08 00:14:03.555,1.31033,1.31039
2013.03.08 00:14:03.676,1.31031,1.31037
2013.03.08 00:14:03.794,1.3103,1.31037
2013.03.08 00:14:03.974,1.31029,1.31034
2013.03.08 00:14:04.514,1.3103,1.31037
2013.03.08 00:14:04.575,1.3103,1.31037
2013.03.08 00:14:04.695,1.31032,1.31039
2013.03.08 00:14:05.055,1.31032,1.31041
2013.03.08 00:14:05.370,1.31032,1.31039
2013.03.08 00:14:05.438,1.31032,1.31039
2013.03.08 00:14:05.986,1.3103,1.31036
2013.03.08 00:14:06.226,1.3103,1.31039
2013.03.08 00:14:06.551,1.31032,1.3104
2013.03.08 00:14:14.695,1.31031,1.31037
2013.03.08 00:14:14.935,1.31029,1.31035
2013.03.08 00:14:14.994,1.31029,1.31036
2013.03.08 00:14:15.234,1.31025,1.31033
2013.03.08 00:14:15.775,1.31024,1.31032
2013.03.08 00:14:16.534,1.31024,1.31032
2013.03.08 00:14:16.654,1.31024,1.31032
2013.03.08 00:14:22.025,1.31026,1.31033
2013.03.08 00:14:22.205,1.31028,1.31033
2013.03.08 00:14:22.265,1.31028,1.31036
2013.03.08 00:14:22.805,1.31028,1.31035
2013.03.08 00:14:23.344,1.31028,1.31035
2013.03.08 00:14:23.884,1.31028,1.31035
2013.03.08 00:14:24.982,1.31026,1.31034
2013.03.08 00:14:25.424,1.31025,1.31033
2013.03.08 00:14:25.724,1.31025,1.31034
2013.03.08 00:14:26.264,1.31025,1.31033
2013.03.08 00:14:26.984,1.31025,1.31033
2013.03.08 00:14:27.475,1.31025,1.31033
2013.03.08 00:14:33.414,1.31025,1.31033
2013.03.08 00:14:33.894,1.31025,1.31031
2013.03.08 00:14:34.504,1.31025,1.31031
2013.03.08 00:14:36.304,1.31025,1.31032
2013.03.08 00:14:37.135,1.31025,1.31033
2013.03.08 00:14:37.701,1.31025,1.31033
2013.03.08 00:14:38.815,1.31025,1.31032
2013.03.08 00:14:39.444,1.31025,1.31032
2013.03.08 00:14:44.435,1.31025,1.31031
2013.03.08 00:14:44.854,1.31024,1.31031
2013.03.08 00:14:51.046,1.31024,1.31031
2013.03.08 00:14:53.234,1.31019,1.31031
2013.03.08 00:14:58.145,1.31023,1.31031
2013.03.08 00:14:59.535,1.31025,1.31032
2013.03.08 00:15:00.044,1.31025,1.31032
2013.03.08 00:15:01.065,1.31024,1.31032
2013.03.08 00:15:01.575,1.31024,1.31031
2013.03.08 00:15:01.873,1.31024,1.31031
2013.03.08 00:15:01.994,1.31024,1.31031
2013.03.08 00:15:02.115,1.31024,1.31031
2013.03.08 00:15:02.885,1.31024,1.31031
2013.03.08 00:15:03.565,1.31024,1.31031
2013.03.08 00:15:03.936,1.31024,1.31032
2013.03.08 00:15:04.174,1.31024,1.31031
2013.03.08 00:15:05.015,1.31025,1.31032
2013.03.08 00:15:05.135,1.31028,1.31032
2013.03.08 00:15:05.257,1.31029,1.31036
2013.03.08 00:15:05.384,1.3103,1.3104
2013.03.08 00:15:05.565,1.3103,1.31038
2013.03.08 00:15:06.104,1.3103,1.31037
2013.03.08 00:15:06.655,1.3103,1.31038
2013.03.08 00:15:08.684,1.3103,1.31038
2013.03.08 00:15:16.085,1.31031,1.31038
2013.03.08 00:15:20.761,1.31031,1.31038
2013.03.08 00:15:22.575,1.31031,1.31038
2013.03.08 00:15:24.004,1.3103,1.31037
2013.03.08 00:15:24.064,1.31029,1.31037
2013.03.08 00:15:24.604,1.31027,1.31034
2013.03.08 00:15:41.834,1.31028,1.31035
2013.03.08 00:15:44.609,1.31028,1.31035
2013.03.08 00:15:46.116,1.31028,1.31035
2013.03.08 00:15:51.634,1.31028,1.31035
2013.03.08 00:15:53.377,1.31028,1.31035
2013.03.08 00:15:57.855,1.31028,1.31035
2013.03.08 00:15:59.024,1.31027,1.31035
2013.03.08 00:16:00.835,1.31027,1.31035
2013.03.08 00:16:01.314,1.31027,1.31035
2013.03.08 00:16:10.216,1.31027,1.31034
2013.03.08 00:16:19.986,1.31027,1.31034
2013.03.08 00:16:21.194,1.31027,1.31034
2013.03.08 00:16:42.264,1.31025,1.31033
2013.03.08 00:16:42.814,1.31025,1.31033
2013.03.08 00:16:44.358,1.31025,1.31033
2013.03.08 00:16:49.364,1.31027,1.31035
2013.03.08 00:16:50.765,1.31027,1.31034
2013.03.08 00:16:52.285,1.31027,1.31034
2013.03.08 00:16:53.164,1.31027,1.31034
2013.03.08 00:17:15.205,1.31024,1.31031
2013.03.08 00:17:15.506,1.31024,1.3103
2013.03.08 00:17:16.098,1.31024,1.3103
2013.03.08 00:17:17.355,1.31024,1.3103
2013.03.08 00:17:18.214,1.31024,1.31031
2013.03.08 00:17:25.865,1.31023,1.31031
2013.03.08 00:17:54.577,1.31024,1.31031
2013.03.08 00:18:02.555,1.31023,1.31031
2013.03.08 00:18:03.135,1.31024,1.31031
2013.03.08 00:18:05.744,1.31023,1.31031
2013.03.08 00:18:33.866,1.31024,1.31033
2013.03.08 00:18:35.450,1.31024,1.31033
2013.03.08 00:18:39.022,1.31024,1.31033
2013.03.08 00:18:39.085,1.31024,1.31033
2013.03.08 00:18:39.706,1.31024,1.31033
2013.03.08 00:18:42.425,1.31026,1.31033
2013.03.08 00:18:43.666,1.31024,1.31033
2013.03.08 00:18:47.220,1.31024,1.31033
2013.03.08 00:18:55.305,1.31026,1.31033
2013.03.08 00:19:00.455,1.31026,1.31033
2013.03.08 00:19:02.845,1.31025,1.31033
2013.03.08 00:19:18.407,1.31025,1.31033
2013.03.08 00:19:18.954,1.31023,1.31031
2013.03.08 00:19:21.018,1.31023,1.31031
2013.03.08 00:19:21.554,1.31024,1.31032
2013.03.08 00:19:29.828,1.31024,1.3103
2013.03.08 00:19:30.196,1.31024,1.31028
2013.03.08 00:19:30.497,1.31015,1.31023
2013.03.08 00:19:30.556,1.31015,1.31024
2013.03.08 00:19:30.735,1.31015,1.31024
2013.03.08 00:19:30.915,1.31015,1.31024
2013.03.08 00:19:34.047,1.31016,1.31024
2013.03.08 00:19:34.606,1.31016,1.31024
2013.03.08 00:19:34.725,1.31016,1.31025
2013.03.08 00:19:36.635,1.31016,1.31025
2013.03.08 00:19:37.176,1.31019,1.31025
2013.03.08 00:19:37.696,1.31021,1.31025
2013.03.08 00:19:40.355,1.31018,1.31025
2013.03.08 00:19:43.236,1.31024,1.3103
2013.03.08 00:19:43.417,1.31028,1.31033
2013.03.08 00:19:43.535,1.31028,1.31035
2013.03.08 00:19:43.835,1.31029,1.31035
2013.03.08 00:19:44.345,1.31029,1.31035
2013.03.08 00:19:46.305,1.31029,1.31034
2013.03.08 00:19:46.611,1.31026,1.31033
2013.03.08 00:19:46.795,1.31026,1.31033
2013.03.08 00:19:55.355,1.31026,1.31035
2013.03.08 00:19:55.596,1.31026,1.31033
2013.03.08 00:19:57.125,1.31025,1.31032
2013.03.08 00:20:00.728,1.31025,1.31032
2013.03.08 00:20:02.909,1.31025,1.31032
2013.03.08 00:20:05.025,1.31025,1.31033
2013.03.08 00:20:05.665,1.31025,1.31033
2013.03.08 00:20:06.436,1.31025,1.31032
2013.03.08 00:20:06.975,1.31025,1.31032
2013.03.08 00:20:07.603,1.31026,1.31032
2013.03.08 00:20:09.876,1.31026,1.31032
2013.03.08 00:20:09.936,1.31024,1.31032
2013.03.08 00:20:09.996,1.31021,1.31029
2013.03.08 00:20:10.295,1.31018,1.31027
2013.03.08 00:20:10.415,1.31018,1.31025
2013.03.08 00:20:15.085,1.31017,1.31025
2013.03.08 00:20:20.775,1.31018,1.31026
2013.03.08 00:20:21.017,1.3102,1.31026
2013.03.08 00:20:21.077,1.31023,1.3103
2013.03.08 00:20:21.196,1.31024,1.31031
2013.03.08 00:20:21.495,1.31024,1.31033
2013.03.08 00:20:21.798,1.31024,1.31032
2013.03.08 00:20:22.316,1.31024,1.31032
2013.03.08 00:20:22.375,1.31025,1.31033
2013.03.08 00:20:22.436,1.31025,1.31033
2013.03.08 00:20:23.666,1.31025,1.31033
2013.03.08 00:20:23.785,1.31025,1.31033
2013.03.08 00:20:24.485,1.31023,1.3103
2013.03.08 00:20:26.677,1.31023,1.31032
2013.03.08 00:20:28.915,1.31023,1.3103
2013.03.08 00:20:30.186,1.31022,1.31029
2013.03.08 00:20:30.787,1.31019,1.31026
2013.03.08 00:20:31.746,1.31017,1.31024
2013.03.08 00:20:32.106,1.31017,1.31024
2013.03.08 00:20:33.746,1.31017,1.31025
2013.03.08 00:20:35.419,1.31017,1.31028
2013.03.08 00:20:37.235,1.31017,1.31025
2013.03.08 00:20:42.245,1.31017,1.31026
2013.03.08 00:20:47.285,1.31017,1.31026
2013.03.08 00:20:49.746,1.31017,1.31024
2013.03.08 00:20:57.094,1.31017,1.31025
2013.03.08 00:21:01.015,1.31017,1.31025
2013.03.08 00:21:05.899,1.31017,1.31026
2013.03.08 00:21:06.886,1.31017,1.31024
2013.03.08 00:21:22.399,1.3102,1.31024
2013.03.08 00:21:22.484,1.31019,1.31027
2013.03.08 00:21:23.035,1.31026,1.31033
2013.03.08 00:21:23.736,1.31026,1.31033
2013.03.08 00:21:26.825,1.31026,1.31034
2013.03.08 00:21:27.386,1.31026,1.31033
2013.03.08 00:21:29.975,1.31023,1.31033
2013.03.08 00:21:30.676,1.31023,1.31032
2013.03.08 00:21:31.108,1.31023,1.31032
2013.03.08 00:21:37.705,1.31025,1.31033
2013.03.08 00:21:37.766,1.31025,1.31033
2013.03.08 00:22:13.856,1.31024,1.31031
2013.03.08 00:22:13.916,1.31024,1.31031
2013.03.08 00:22:14.096,1.31024,1.31031
2013.03.08 00:22:14.645,1.31024,1.31032
2013.03.08 00:22:17.585,1.31026,1.31034
2013.03.08 00:22:22.615,1.31027,1.31035
2013.03.08 00:22:24.515,1.31027,1.31035
2013.03.08 00:22:25.736,1.31027,1.31035
2013.03.08 00:22:26.656,1.31025,1.31033
2013.03.08 00:22:30.417,1.31025,1.31033
2013.03.08 00:22:33.885,1.31027,1.31035
2013.03.08 00:22:42.547,1.31028,1.31035
2013.03.08 00:22:42.606,1.31028,1.31035
2013.03.08 00:22:43.607,1.31028,1.31035
2013.03.08 00:22:45.115,1.31028,1.31035
2013.03.08 00:22:50.117,1.31028,1.31035
2013.03.08 00:23:12.215,1.31028,1.31035
2013.03.08 00:23:21.636,1.31028,1.31035
2013.03.08 00:23:24.395,1.31027,1.31035
2013.03.08 00:23:34.236,1.31028,1.31035
2013.03.08 00:23:36.625,1.31028,1.31035
2013.03.08 00:23:48.649,1.31028,1.31035
2013.03.08 00:23:50.535,1.31028,1.31035
2013.03.08 00:23:50.836,1.3103,1.31036
2013.03.08 00:24:04.637,1.31031,1.31039
2013.03.08 00:24:04.815,1.31032,1.3104
2013.03.08 00:24:05.175,1.31032,1.3104
2013.03.08 00:24:06.265,1.31032,1.31039
2013.03.08 00:24:06.387,1.31031,1.31038
2013.03.08 00:24:06.925,1.31032,1.31038
2013.03.08 00:24:09.005,1.31032,1.31038
2013.03.08 00:24:09.787,1.3103,1.31037
2013.03.08 00:24:12.935,1.31031,1.31038
2013.03.08 00:24:13.236,1.31032,1.31038
2013.03.08 00:24:13.415,1.31033,1.31042
2013.03.08 00:24:13.597,1.31032,1.31039
2013.03.08 00:24:14.616,1.31033,1.3104
2013.03.08 00:24:14.676,1.31033,1.31042
2013.03.08 00:24:15.216,1.31035,1.31043
2013.03.08 00:24:16.725,1.31034,1.31042
2013.03.08 00:24:20.276,1.31036,1.31043
2013.03.08 00:24:20.397,1.31037,1.31043
2013.03.08 00:24:20.875,1.31039,1.31045
2013.03.08 00:24:21.415,1.31039,1.31045
2013.03.08 00:24:24.375,1.31038,1.31045
2013.03.08 00:24:29.976,1.31037,1.31044
2013.03.08 00:24:30.515,1.31037,1.31044
2013.03.08 00:24:31.055,1.31037,1.31044
2013.03.08 00:24:31.847,1.31037,1.31044
2013.03.08 00:24:32.385,1.31038,1.31044
2013.03.08 00:24:34.726,1.3104,1.31046
2013.03.08 00:24:35.289,1.3104,1.31046
2013.03.08 00:24:38.587,1.31039,1.31046
2013.03.08 00:24:38.706,1.31039,1.31046
2013.03.08 00:24:39.798,1.31037,1.31046
2013.03.08 00:24:39.925,1.31035,1.31041
2013.03.08 00:24:40.107,1.31035,1.31041
2013.03.08 00:24:40.667,1.31035,1.31041
2013.03.08 00:24:41.025,1.31036,1.31044
2013.03.08 00:24:41.146,1.31038,1.31045
2013.03.08 00:24:41.448,1.31038,1.31046
2013.03.08 00:24:41.568,1.3104,1.31046
2013.03.08 00:24:42.155,1.3104,1.31046
2013.03.08 00:24:43.416,1.31038,1.31046
2013.03.08 00:24:43.917,1.31038,1.31046
2013.03.08 00:24:53.410,1.31038,1.31045
2013.03.08 00:24:53.606,1.31038,1.31045
2013.03.08 00:24:55.411,1.31038,1.31044
2013.03.08 00:24:58.175,1.31038,1.31044
2013.03.08 00:24:58.477,1.31031,1.3104
2013.03.08 00:24:59.907,1.3103,1.31037
2013.03.08 00:25:01.596,1.3103,1.31038
2013.03.08 00:25:01.956,1.31032,1.31039
2013.03.08 00:25:02.317,1.31035,1.31042
2013.03.08 00:25:02.676,1.31036,1.31046
2013.03.08 00:25:07.756,1.31038,1.31045
2013.03.08 00:25:08.295,1.31038,1.31045
2013.03.08 00:25:18.635,1.31038,1.31047
2013.03.08 00:25:18.756,1.3104,1.31049
2013.03.08 00:25:18.936,1.31041,1.31047
2013.03.08 00:25:19.456,1.31041,1.31048
2013.03.08 00:25:19.985,1.31041,1.31048
2013.03.08 00:25:20.966,1.31041,1.31048
2013.03.08 00:25:21.386,1.31042,1.31049
2013.03.08 00:25:21.506,1.31042,1.31049
2013.03.08 00:25:22.015,1.31043,1.31049
2013.03.08 00:25:22.149,1.31043,1.3105
2013.03.08 00:25:24.976,1.31042,1.3105
2013.03.08 00:25:25.397,1.31045,1.3105
2013.03.08 00:25:25.458,1.31047,1.31055
2013.03.08 00:25:25.517,1.31048,1.31055
2013.03.08 00:25:26.585,1.31049,1.31055
2013.03.08 00:25:28.585,1.31049,1.31055
2013.03.08 00:25:32.977,1.31049,1.31055
2013.03.08 00:25:35.147,1.31049,1.31055
2013.03.08 00:25:59.398,1.31049,1.31055
2013.03.08 00:25:59.517,1.31048,1.31055
2013.03.08 00:26:00.056,1.31048,1.31053
2013.03.08 00:26:00.658,1.31047,1.31052
2013.03.08 00:26:03.548,1.31046,1.31052
2013.03.08 00:26:03.624,1.31048,1.31053
2013.03.08 00:26:04.317,1.31047,1.31052
2013.03.08 00:26:07.156,1.31046,1.31052
2013.03.08 00:26:11.838,1.31044,1.3105
2013.03.08 00:26:11.956,1.31042,1.31049
2013.03.08 00:26:12.080,1.31041,1.31047
2013.03.08 00:26:12.448,1.31038,1.31042
2013.03.08 00:26:12.509,1.31038,1.31044
2013.03.08 00:26:12.637,1.31037,1.31042
2013.03.08 00:26:13.000,1.31036,1.31042
2013.03.08 00:26:15.417,1.31036,1.31042
2013.03.08 00:26:18.717,1.31035,1.31042
2013.03.08 00:26:19.946,1.31033,1.3104
2013.03.08 00:26:21.357,1.31033,1.3104
2013.03.08 00:26:33.467,1.31033,1.31039
2013.03.08 00:26:35.856,1.31032,1.31038
2013.03.08 00:26:36.705,1.31033,1.31039
2013.03.08 00:26:43.499,1.31034,1.3104
2013.03.08 00:26:44.595,1.31034,1.3104
2013.03.08 00:26:47.446,1.31033,1.31038
2013.03.08 00:26:49.416,1.31034,1.31038
2013.03.08 00:26:52.866,1.31034,1.3104
2013.03.08 00:26:55.348,1.31035,1.31042
2013.03.08 00:26:55.406,1.31036,1.31042
2013.03.08 00:26:55.529,1.31037,1.31045
2013.03.08 00:26:55.659,1.31039,1.31047
2013.03.08 00:26:55.967,1.31036,1.31045
2013.03.08 00:26:56.027,1.31035,1.31042
2013.03.08 00:26:56.086,1.31034,1.31042
2013.03.08 00:26:56.803,1.31035,1.3104
2013.03.08 00:26:57.526,1.31034,1.31038
2013.03.08 00:27:00.406,1.31035,1.3104
2013.03.08 00:27:00.955,1.31035,1.31039
2013.03.08 00:27:05.896,1.31033,1.31038
2013.03.08 00:27:09.507,1.31035,1.3104
2013.03.08 00:27:10.041,1.31035,1.31041
2013.03.08 00:27:12.816,1.31035,1.31039
2013.03.08 00:27:15.678,1.3103,1.31038
2013.03.08 00:27:16.038,1.31027,1.31034
2013.03.08 00:27:16.337,1.31031,1.31037
2013.03.08 00:27:16.398,1.31031,1.31037
2013.03.08 00:27:16.577,1.31031,1.31039
2013.03.08 00:27:16.636,1.31032,1.3104
2013.03.08 00:27:16.756,1.31033,1.31041
2013.03.08 00:27:16.877,1.31034,1.31041
2013.03.08 00:27:16.936,1.31034,1.31042
2013.03.08 00:27:17.577,1.31034,1.31041
2013.03.08 00:27:22.485,1.31034,1.31041
2013.03.08 00:27:37.708,1.31033,1.31041
2013.03.08 00:27:37.947,1.3103,1.31039
2013.03.08 00:27:38.006,1.31033,1.31039
2013.03.08 00:27:38.065,1.31033,1.3104
2013.03.08 00:27:38.758,1.31033,1.31039
2013.03.08 00:27:55.056,1.31033,1.31041
2013.03.08 00:28:02.955,1.31035,1.31041
2013.03.08 00:28:03.456,1.31034,1.31041
2013.03.08 00:28:22.355,1.31035,1.31042
2013.03.08 00:28:23.156,1.31035,1.31042
2013.03.08 00:28:24.286,1.31035,1.31042
2013.03.08 00:28:24.897,1.31035,1.31041
2013.03.08 00:28:39.945,1.31035,1.31042
2013.03.08 00:28:42.156,1.31035,1.31042
2013.03.08 00:28:49.898,1.31035,1.31042
2013.03.08 00:28:54.467,1.31035,1.31041
2013.03.08 00:29:09.296,1.31034,1.31041
2013.03.08 00:29:14.265,1.31034,1.31041
2013.03.08 00:29:18.368,1.31034,1.31041
2013.03.08 00:29:20.976,1.31035,1.31041
2013.03.08 00:29:21.335,1.31035,1.31042
2013.03.08 00:29:22.296,1.31034,1.31041
2013.03.08 00:29:22.416,1.31029,1.31038
2013.03.08 00:29:22.476,1.31028,1.31037
2013.03.08 00:29:23.417,1.3103,1.31036
2013.03.08 00:29:23.976,1.3103,1.31036
2013.03.08 00:29:36.916,1.3103,1.31036
2013.03.08 00:29:46.147,1.31031,1.31038
2013.03.08 00:29:46.505,1.31033,1.31039
2013.03.08 00:29:46.567,1.31033,1.31041
2013.03.08 00:29:47.106,1.31033,1.31041
2013.03.08 00:29:48.016,1.31033,1.31041
2013.03.08 00:29:48.719,1.31033,1.31041
2013.03.08 00:29:49.359,1.31033,1.3104
2013.03.08 00:30:00.866,1.31031,1.31039
2013.03.08 00:30:00.986,1.31028,1.31036
2013.03.08 00:30:01.048,1.31028,1.31035
2013.03.08 00:30:01.106,1.31026,1.31034
2013.03.08 00:30:01.466,1.31024,1.31033
2013.03.08 00:30:03.046,1.31023,1.31033
2013.03.08 00:30:06.846,1.31026,1.31033
2013.03.08 00:30:07.206,1.31026,1.31034
2013.03.08 00:30:07.746,1.31029,1.31034
2013.03.08 00:30:08.056,1.31029,1.31036
2013.03.08 00:30:08.589,1.31029,1.31036
2013.03.08 00:30:09.136,1.3103,1.31036
2013.03.08 00:30:09.777,1.31029,1.31036
2013.03.08 00:30:09.958,1.31026,1.31033
2013.03.08 00:30:10.137,1.31026,1.31033
2013.03.08 00:30:10.477,1.31025,1.31031
2013.03.08 00:30:11.106,1.31025,1.31031
2013.03.08 00:30:13.835,1.31025,1.31032
2013.03.08 00:30:17.157,1.31025,1.31032
2013.03.08 00:30:17.458,1.31029,1.31035
2013.03.08 00:30:17.816,1.31029,1.31035
2013.03.08 00:30:18.296,1.31029,1.31035
2013.03.08 00:30:20.960,1.3103,1.31039
2013.03.08 00:30:21.267,1.31033,1.31039
2013.03.08 00:30:21.927,1.31034,1.3104
2013.03.08 00:30:23.269,1.31033,1.31039
2013.03.08 00:30:28.937,1.31033,1.31039
2013.03.08 00:30:29.684,1.31031,1.31037
2013.03.08 00:30:29.818,1.31026,1.31035
2013.03.08 00:30:30.057,1.31026,1.31032
2013.03.08 00:30:34.647,1.31026,1.31032
2013.03.08 00:30:36.856,1.31025,1.31032
2013.03.08 00:30:37.638,1.31025,1.3103
2013.03.08 00:30:42.066,1.31025,1.31033
2013.03.08 00:30:42.609,1.31025,1.31033
2013.03.08 00:30:46.127,1.31025,1.31033
2013.03.08 00:30:46.246,1.31026,1.31032
2013.03.08 00:30:46.307,1.31026,1.31032
2013.03.08 00:30:46.428,1.31027,1.31035
2013.03.08 00:30:46.607,1.31025,1.31033
2013.03.08 00:30:46.788,1.31024,1.31032
2013.03.08 00:30:46.908,1.31022,1.31029
2013.03.08 00:31:03.638,1.31021,1.31029
2013.03.08 00:31:03.817,1.31021,1.31027
2013.03.08 00:31:04.177,1.31016,1.31023
2013.03.08 00:31:04.716,1.31016,1.31024
2013.03.08 00:31:07.577,1.31016,1.31025
2013.03.08 00:31:13.994,1.31016,1.31025
2013.03.08 00:31:16.304,1.31016,1.31025
2013.03.08 00:31:16.846,1.31016,1.31025
2013.03.08 00:31:34.756,1.31015,1.31022
2013.03.08 00:31:35.237,1.31016,1.31022
2013.03.08 00:31:36.507,1.31016,1.31022
2013.03.08 00:31:37.306,1.31016,1.31023
2013.03.08 00:31:54.956,1.31016,1.31022
2013.03.08 00:31:55.648,1.31015,1.31022
2013.03.08 00:31:55.794,1.31015,1.31022
2013.03.08 00:31:56.096,1.31012,1.31021
2013.03.08 00:31:56.156,1.3101,1.3102
2013.03.08 00:31:56.669,1.31011,1.3102
2013.03.08 00:31:58.397,1.3101,1.3102
2013.03.08 00:32:00.919,1.3101,1.31017
2013.03.08 00:32:01.532,1.31012,1.31018
2013.03.08 00:32:02.966,1.31013,1.31019
2013.03.08 00:32:03.896,1.31013,1.31019
2013.03.08 00:32:03.957,1.31013,1.31022
2013.03.08 00:32:07.007,1.31009,1.31017
2013.03.08 00:32:07.316,1.31009,1.31019
2013.03.08 00:32:13.027,1.31005,1.31012
2013.03.08 00:32:13.501,1.31,1.31011
2013.03.08 00:32:13.572,1.31001,1.31008
2013.03.08 00:32:14.116,1.31001,1.31009
2013.03.08 00:32:14.656,1.31003,1.31011
2013.03.08 00:32:14.716,1.31005,1.31012
2013.03.08 00:32:15.227,1.31006,1.31013
2013.03.08 00:32:15.827,1.31006,1.31014
2013.03.08 00:32:16.140,1.31008,1.31016
2013.03.08 00:32:16.209,1.31009,1.31016
2013.03.08 00:32:16.328,1.31012,1.3102
2013.03.08 00:32:16.687,1.31014,1.31022
2013.03.08 00:32:17.046,1.31015,1.31023
2013.03.08 00:32:17.826,1.31017,1.31025
2013.03.08 00:32:17.947,1.31016,1.31025
2013.03.08 00:32:18.066,1.31016,1.31024
2013.03.08 00:32:20.707,1.31016,1.31024
2013.03.08 00:32:23.418,1.31016,1.31024
2013.03.08 00:32:27.198,1.31016,1.31025
2013.03.08 00:32:27.666,1.31016,1.31024
2013.03.08 00:32:27.848,1.31012,1.31018
2013.03.08 00:32:27.966,1.31012,1.31018
2013.03.08 00:32:28.396,1.31011,1.31018
2013.03.08 00:32:29.478,1.31011,1.31015
2013.03.08 00:32:29.537,1.31005,1.31014
2013.03.08 00:32:29.840,1.31002,1.31012
2013.03.08 00:32:30.349,1.31002,1.31012
2013.03.08 00:32:30.717,1.31001,1.31012
2013.03.08 00:32:31.378,1.31001,1.31012
2013.03.08 00:32:33.739,1.31001,1.31012
2013.03.08 00:32:38.456,1.31001,1.31011
2013.03.08 00:32:41.657,1.31001,1.31011
2013.03.08 00:32:43.994,1.31001,1.31011
2013.03.08 00:32:44.588,1.31001,1.31011
2013.03.08 00:32:44.887,1.31001,1.31011
2013.03.08 00:32:45.067,1.30995,1.31009
2013.03.08 00:32:45.308,1.30998,1.31007
2013.03.08 00:32:45.368,1.30997,1.31007
2013.03.08 00:32:45.428,1.30996,1.31006
2013.03.08 00:32:48.396,1.30995,1.31004
2013.03.08 00:32:48.638,1.30998,1.31004
2013.03.08 00:32:48.697,1.30998,1.31006
2013.03.08 00:32:48.817,1.30997,1.31006
2013.03.08 00:32:48.877,1.30997,1.31006
2013.03.08 00:32:49.427,1.30997,1.31006
2013.03.08 00:32:49.987,1.30997,1.31006
2013.03.08 00:32:50.480,1.31,1.31007
2013.03.08 00:32:50.547,1.31001,1.31009
2013.03.08 00:32:50.850,1.31002,1.31012
2013.03.08 00:32:50.918,1.31002,1.31012
2013.03.08 00:32:51.487,1.31002,1.31012
2013.03.08 00:32:59.294,1.31002,1.31008
2013.03.08 00:33:01.377,1.31002,1.31008
2013.03.08 00:33:02.044,1.31001,1.31008
2013.03.08 00:33:02.238,1.30997,1.31006
2013.03.08 00:33:02.298,1.30996,1.31006
2013.03.08 00:33:02.358,1.30996,1.31004
2013.03.08 00:33:02.661,1.30996,1.31004
2013.03.08 00:33:02.728,1.3099,1.31004
2013.03.08 00:33:02.788,1.30993,1.31004
2013.03.08 00:33:02.852,1.30994,1.31004
2013.03.08 00:33:02.978,1.30995,1.31004
2013.03.08 00:33:03.577,1.30995,1.31004
2013.03.08 00:33:04.399,1.30997,1.31004
2013.03.08 00:33:04.461,1.30998,1.31006
2013.03.08 00:33:05.007,1.31001,1.31008
2013.03.08 00:33:06.509,1.30997,1.31006
2013.03.08 00:33:06.568,1.30995,1.31003
2013.03.08 00:33:06.689,1.30996,1.31003
2013.03.08 00:33:06.750,1.30996,1.31003
2013.03.08 00:33:06.868,1.30994,1.31003
2013.03.08 00:33:06.928,1.30995,1.31003
2013.03.08 00:33:07.287,1.30994,1.31003
2013.03.08 00:33:08.257,1.30994,1.31001
2013.03.08 00:33:08.378,1.30995,1.31003
2013.03.08 00:33:08.438,1.30995,1.31003
2013.03.08 00:33:08.737,1.30996,1.31006
2013.03.08 00:33:08.981,1.30998,1.31004
2013.03.08 00:33:09.050,1.30993,1.31003
2013.03.08 00:33:09.109,1.30993,1.31003
2013.03.08 00:33:09.471,1.30994,1.31003
2013.03.08 00:33:09.538,1.30995,1.31003
2013.03.08 00:33:09.657,1.30997,1.31004
2013.03.08 00:33:09.778,1.30998,1.31004
2013.03.08 00:33:10.397,1.30998,1.31007
2013.03.08 00:33:11.227,1.30997,1.31007
2013.03.08 00:33:11.768,1.30999,1.31007
2013.03.08 00:33:13.197,1.30999,1.31007
2013.03.08 00:33:13.737,1.30996,1.31004
2013.03.08 00:33:15.212,1.30995,1.31004
2013.03.08 00:33:15.757,1.30993,1.31002
2013.03.08 00:33:16.217,1.30993,1.31002
2013.03.08 00:33:16.907,1.30993,1.31002
2013.03.08 00:33:17.408,1.30993,1.31002
2013.03.08 00:33:35.887,1.30993,1.31002
2013.03.08 00:33:41.947,1.30995,1.31002
2013.03.08 00:33:42.308,1.30995,1.31003
2013.03.08 00:33:42.430,1.30998,1.31006
2013.03.08 00:33:42.730,1.31003,1.31012
2013.03.08 00:33:42.848,1.31007,1.31013
2013.03.08 00:33:42.969,1.31007,1.31015
2013.03.08 00:33:43.387,1.31007,1.31015
2013.03.08 00:33:43.688,1.31013,1.3102
2013.03.08 00:33:43.868,1.31014,1.31023
2013.03.08 00:33:44.047,1.31014,1.31023
2013.03.08 00:33:44.407,1.31014,1.31023
2013.03.08 00:33:46.887,1.31014,1.31025
2013.03.08 00:33:47.527,1.31017,1.31025
2013.03.08 00:33:47.648,1.31017,1.31025
2013.03.08 00:33:48.167,1.31017,1.31025
2013.03.08 00:33:48.917,1.31019,1.31026
2013.03.08 00:33:48.978,1.31019,1.31027
2013.03.08 00:33:49.160,1.31024,1.31032
2013.03.08 00:33:49.366,1.31024,1.31032
2013.03.08 00:33:50.028,1.31024,1.31033
2013.03.08 00:33:50.147,1.31024,1.31031
2013.03.08 00:33:50.268,1.31019,1.31029
2013.03.08 00:33:51.160,1.31022,1.31031
2013.03.08 00:33:51.239,1.31023,1.31032
2013.03.08 00:33:51.928,1.31024,1.31033
2013.03.08 00:33:52.108,1.31025,1.31034
2013.03.08 00:33:52.168,1.31025,1.31034
2013.03.08 00:33:52.739,1.31025,1.31034
2013.03.08 00:33:53.288,1.31025,1.31034
2013.03.08 00:33:53.797,1.31027,1.31034
2013.03.08 00:33:54.157,1.31027,1.31035
2013.03.08 00:33:54.968,1.31027,1.31034
2013.03.08 00:33:55.387,1.31029,1.31037
2013.03.08 00:33:55.448,1.31029,1.31037
2013.03.08 00:33:55.510,1.31031,1.31042
2013.03.08 00:33:55.569,1.31033,1.31041
2013.03.08 00:33:56.121,1.31032,1.31039
2013.03.08 00:33:56.428,1.31031,1.31038
2013.03.08 00:33:56.608,1.31029,1.31036
2013.03.08 00:33:56.968,1.31029,1.31036
2013.03.08 00:33:57.088,1.31026,1.31035
2013.03.08 00:33:57.627,1.31026,1.31035
2013.03.08 00:33:58.133,1.31026,1.31035
2013.03.08 00:34:01.041,1.31027,1.31035
2013.03.08 00:34:07.961,1.31026,1.31034
2013.03.08 00:34:08.549,1.31025,1.31032
2013.03.08 00:34:08.607,1.31024,1.31032
2013.03.08 00:34:11.337,1.31025,1.31032
2013.03.08 00:34:11.398,1.31027,1.31032
2013.03.08 00:34:11.458,1.31027,1.31035
2013.03.08 00:34:12.297,1.31027,1.31035
2013.03.08 00:34:12.817,1.31027,1.31035
2013.03.08 00:34:16.607,1.31029,1.31035
2013.03.08 00:34:16.978,1.31029,1.31035
2013.03.08 00:34:21.032,1.31026,1.31037
2013.03.08 00:34:21.277,1.31029,1.31037
2013.03.08 00:34:21.821,1.31029,1.31037
2013.03.08 00:34:23.462,1.31029,1.31036
2013.03.08 00:34:23.709,1.31026,1.31036
2013.03.08 00:34:25.753,1.31026,1.31035
2013.03.08 00:34:28.648,1.31026,1.31032
2013.03.08 00:34:28.709,1.31024,1.3103
2013.03.08 00:34:28.767,1.31022,1.31028
2013.03.08 00:34:28.890,1.3102,1.31028
2013.03.08 00:34:29.378,1.31016,1.31025
2013.03.08 00:34:29.877,1.31015,1.31025
2013.03.08 00:34:29.937,1.31016,1.31027
2013.03.08 00:34:40.278,1.31017,1.31026
2013.03.08 00:34:40.520,1.31016,1.31025
2013.03.08 00:34:41.078,1.31016,1.31025
2013.03.08 00:34:41.631,1.31016,1.31024
2013.03.08 00:34:42.799,1.31016,1.31022
2013.03.08 00:34:43.157,1.31015,1.31021
2013.03.08 00:34:45.949,1.31013,1.31019
2013.03.08 00:34:46.067,1.31011,1.31019
2013.03.08 00:34:46.187,1.31009,1.31015
2013.03.08 00:34:46.248,1.31009,1.31016
2013.03.08 00:34:46.788,1.31007,1.31015
2013.03.08 00:34:47.028,1.31007,1.31015
2013.03.08 00:34:47.697,1.31008,1.31015
2013.03.08 00:34:48.685,1.3101,1.31018
2013.03.08 00:34:48.761,1.31015,1.31023
2013.03.08 00:34:48.949,1.31016,1.31025
2013.03.08 00:34:55.197,1.31015,1.31023
2013.03.08 00:34:56.157,1.31015,1.31022
2013.03.08 00:34:56.338,1.31017,1.31024
2013.03.08 00:34:58.028,1.31017,1.31024
2013.03.08 00:34:58.148,1.31013,1.31021
2013.03.08 00:34:58.507,1.3102,1.31028
2013.03.08 00:34:58.568,1.31021,1.31028
2013.03.08 00:34:58.928,1.31023,1.31035
2013.03.08 00:35:05.350,1.31028,1.31033
2013.03.08 00:35:05.477,1.31028,1.31036
2013.03.08 00:35:06.045,1.31028,1.31037
2013.03.08 00:35:07.787,1.31029,1.31039
2013.03.08 00:35:08.207,1.31032,1.31039
2013.03.08 00:35:09.557,1.31031,1.31039
2013.03.08 00:35:09.802,1.3103,1.31037
2013.03.08 00:35:10.108,1.31028,1.31037
2013.03.08 00:35:10.228,1.31028,1.31036
2013.03.08 00:35:20.668,1.31026,1.31033
2013.03.08 00:35:26.087,1.31027,1.31035
2013.03.08 00:35:28.118,1.31026,1.31034
2013.03.08 00:35:28.237,1.31026,1.31032
2013.03.08 00:35:31.240,1.31025,1.31033
2013.03.08 00:35:31.320,1.31028,1.31037
2013.03.08 00:35:31.447,1.31028,1.31036
2013.03.08 00:35:34.017,1.31028,1.31036
2013.03.08 00:35:35.140,1.31028,1.31036
2013.03.08 00:35:35.657,1.31028,1.31036
2013.03.08 00:35:41.728,1.31028,1.31036
2013.03.08 00:35:54.847,1.31029,1.31038
2013.03.08 00:35:54.908,1.31029,1.31038
2013.03.08 00:35:55.147,1.31029,1.31039
2013.03.08 00:35:55.687,1.31029,1.31039
2013.03.08 00:35:58.628,1.3103,1.31038
2013.03.08 00:36:01.418,1.31029,1.31035
2013.03.08 00:36:01.599,1.31025,1.31033
2013.03.08 00:36:01.718,1.31024,1.31033
2013.03.08 00:36:01.838,1.31024,1.31034
2013.03.08 00:36:06.738,1.31026,1.31033
2013.03.08 00:36:07.378,1.31026,1.31033
2013.03.08 00:36:07.438,1.31026,1.31033
2013.03.08 00:36:07.976,1.31026,1.31033
2013.03.08 00:36:11.587,1.31024,1.31032
2013.03.08 00:36:13.768,1.31025,1.31032
2013.03.08 00:36:13.887,1.31022,1.31031
2013.03.08 00:36:14.012,1.31022,1.3103
2013.03.08 00:36:14.516,1.31022,1.3103
2013.03.08 00:36:15.068,1.31022,1.3103
2013.03.08 00:36:17.137,1.31022,1.31031
2013.03.08 00:36:17.648,1.31022,1.3103
2013.03.08 00:36:18.208,1.31022,1.3103
2013.03.08 00:36:18.387,1.31022,1.3103
2013.03.08 00:36:19.807,1.31024,1.31031
2013.03.08 00:36:19.932,1.31021,1.31031
2013.03.08 00:36:20.238,1.31022,1.31031
2013.03.08 00:36:20.869,1.31023,1.31032
2013.03.08 00:36:22.288,1.31024,1.31032
2013.03.08 00:36:22.530,1.31023,1.3103
2013.03.08 00:36:22.663,1.31023,1.3103
2013.03.08 00:36:22.908,1.31023,1.31029
2013.03.08 00:36:23.448,1.31019,1.31026
2013.03.08 00:36:23.629,1.31016,1.31025
2013.03.08 00:36:48.045,1.31017,1.31023
2013.03.08 00:36:48.290,1.31017,1.31023
2013.03.08 00:36:48.528,1.31017,1.31025
2013.03.08 00:36:49.079,1.31016,1.31022
2013.03.08 00:36:49.647,1.31016,1.31022
2013.03.08 00:36:50.331,1.31014,1.31021
2013.03.08 00:36:53.618,1.31015,1.31021
2013.03.08 00:36:54.116,1.31014,1.31022
2013.03.08 00:36:54.194,1.31014,1.31022
2013.03.08 00:36:59.372,1.31013,1.3102
2013.03.08 00:36:59.928,1.31013,1.3102
2013.03.08 00:37:00.238,1.31013,1.3102
2013.03.08 00:37:00.779,1.31012,1.31019
2013.03.08 00:37:01.269,1.31012,1.31018
2013.03.08 00:37:01.340,1.31006,1.31015
2013.03.08 00:37:02.068,1.31006,1.31013
2013.03.08 00:37:02.609,1.31006,1.31014
2013.03.08 00:37:03.337,1.31004,1.31013
2013.03.08 00:37:05.441,1.31004,1.31013
2013.03.08 00:37:05.568,1.31006,1.31015
2013.03.08 00:37:06.193,1.31006,1.31014
2013.03.08 00:37:08.108,1.31006,1.31015
2013.03.08 00:37:08.901,1.31007,1.31015
2013.03.08 00:37:08.968,1.31007,1.31016
2013.03.08 00:37:09.689,1.31009,1.31016
2013.03.08 00:37:11.428,1.31009,1.31016
2013.03.08 00:37:12.128,1.31009,1.31016
2013.03.08 00:37:13.328,1.31011,1.31016
2013.03.08 00:37:13.838,1.31011,1.31016
2013.03.08 00:37:14.140,1.31011,1.31019
2013.03.08 00:37:14.198,1.31011,1.31019
2013.03.08 00:37:14.319,1.31011,1.31019
2013.03.08 00:37:14.858,1.31009,1.31017
2013.03.08 00:37:18.305,1.31009,1.31016
2013.03.08 00:37:19.068,1.31009,1.31015
2013.03.08 00:37:19.369,1.31008,1.31014
2013.03.08 00:37:19.547,1.31006,1.31012
2013.03.08 00:37:20.042,1.31006,1.31013
2013.03.08 00:37:20.498,1.31006,1.31012
2013.03.08 00:37:21.218,1.31005,1.31012
2013.03.08 00:37:21.338,1.31005,1.31013
2013.03.08 00:37:28.508,1.31005,1.31014
2013.03.08 00:37:30.059,1.31007,1.31014
2013.03.08 00:37:30.868,1.31009,1.31015
2013.03.08 00:37:30.927,1.31009,1.31015
2013.03.08 00:37:33.544,1.3101,1.31016
2013.03.08 00:37:33.898,1.31013,1.31016
2013.03.08 00:37:34.078,1.31016,1.31022
2013.03.08 00:37:34.198,1.31016,1.31022
2013.03.08 00:37:34.261,1.31016,1.31023
2013.03.08 00:37:34.570,1.31016,1.31021
2013.03.08 00:37:34.932,1.31014,1.31021
2013.03.08 00:37:35.059,1.31014,1.31021
2013.03.08 00:37:35.609,1.31013,1.31021
2013.03.08 00:37:38.569,1.31013,1.31019
2013.03.08 00:37:38.937,1.31013,1.31019
2013.03.08 00:37:39.612,1.31013,1.31019
2013.03.08 00:37:40.800,1.31013,1.31019
2013.03.08 00:37:40.978,1.3101,1.31016
2013.03.08 00:37:41.038,1.3101,1.31016
2013.03.08 00:37:41.579,1.31007,1.31013
2013.03.08 00:37:41.698,1.31006,1.31013
2013.03.08 00:37:41.818,1.31006,1.31013
2013.03.08 00:37:42.358,1.31004,1.31011
2013.03.08 00:37:42.717,1.31004,1.31011
2013.03.08 00:37:48.578,1.31003,1.3101
2013.03.08 00:37:52.347,1.31003,1.3101
2013.03.08 00:37:55.223,1.31004,1.31011
2013.03.08 00:37:55.768,1.31005,1.31011
2013.03.08 00:37:56.309,1.31004,1.31011
2013.03.08 00:37:57.027,1.31004,1.31011
2013.03.08 00:37:57.537,1.31004,1.31011
2013.03.08 00:37:58.088,1.31004,1.31011
2013.03.08 00:37:58.208,1.31004,1.31012
2013.03.08 00:37:58.844,1.31004,1.31012
2013.03.08 00:37:59.188,1.31004,1.3101
2013.03.08 00:37:59.309,1.31004,1.3101
2013.03.08 00:38:00.350,1.31001,1.31008
2013.03.08 00:38:00.408,1.31001,1.31008
2013.03.08 00:38:00.768,1.31,1.31006
2013.03.08 00:38:01.367,1.30999,1.31006
2013.03.08 00:38:02.005,1.30999,1.31007
2013.03.08 00:38:02.869,1.30999,1.31007
2013.03.08 00:38:02.928,1.30999,1.31007
2013.03.08 00:38:03.529,1.30999,1.31006
2013.03.08 00:38:03.827,1.30999,1.31005
2013.03.08 00:38:06.580,1.30999,1.31004
2013.03.08 00:38:06.700,1.30996,1.31004
2013.03.08 00:38:06.998,1.30996,1.31003
2013.03.08 00:38:07.538,1.30992,1.31001
2013.03.08 00:38:08.058,1.30991,1.31001
2013.03.08 00:38:08.927,1.30993,1.31001
2013.03.08 00:38:09.277,1.30993,1.31001
2013.03.08 00:38:10.868,1.30995,1.31003
2013.03.08 00:38:13.019,1.30998,1.31004
2013.03.08 00:38:13.081,1.30998,1.31004
2013.03.08 00:38:13.215,1.30998,1.31007
2013.03.08 00:38:13.401,1.31,1.31008
2013.03.08 00:38:13.469,1.31001,1.31008
2013.03.08 00:38:14.118,1.31001,1.31009
2013.03.08 00:38:14.478,1.31001,1.31012
2013.03.08 00:38:14.657,1.31001,1.31012
2013.03.08 00:38:15.197,1.31003,1.31014
2013.03.08 00:38:15.617,1.31003,1.31014
2013.03.08 00:38:19.648,1.31005,1.31011
2013.03.08 00:38:20.189,1.31003,1.31011
2013.03.08 00:38:29.768,1.31002,1.31011
2013.03.08 00:38:29.949,1.30999,1.31008
2013.03.08 00:38:30.008,1.30999,1.31008
2013.03.08 00:38:30.568,1.30998,1.31007
2013.03.08 00:38:33.758,1.30998,1.31008
2013.03.08 00:38:33.998,1.31001,1.31008
2013.03.08 00:38:34.119,1.31002,1.31012
2013.03.08 00:38:34.239,1.31002,1.31009
2013.03.08 00:38:39.331,1.30999,1.31008
2013.03.08 00:38:39.727,1.30999,1.31008
2013.03.08 00:38:41.531,1.30999,1.31008
2013.03.08 00:38:44.667,1.30999,1.31006
2013.03.08 00:38:46.637,1.30999,1.31008
2013.03.08 00:38:46.928,1.30999,1.31006
2013.03.08 00:39:05.051,1.30999,1.31006
2013.03.08 00:39:08.909,1.30999,1.31006
2013.03.08 00:39:15.508,1.31,1.31006
2013.03.08 00:39:15.868,1.31001,1.31007
2013.03.08 00:39:16.467,1.31001,1.31007
2013.03.08 00:39:16.959,1.30996,1.31004
2013.03.08 00:39:17.197,1.30996,1.31004
2013.03.08 00:39:19.887,1.30996,1.31004
2013.03.08 00:39:20.201,1.30995,1.31003
2013.03.08 00:39:20.756,1.30995,1.31003
2013.03.08 00:39:22.648,1.30995,1.31003
2013.03.08 00:39:23.188,1.30995,1.31005
2013.03.08 00:39:23.730,1.30995,1.31005
2013.03.08 00:39:24.328,1.30995,1.31005
2013.03.08 00:39:24.868,1.30997,1.31005
2013.03.08 00:39:26.170,1.30996,1.31004
2013.03.08 00:39:26.708,1.30995,1.31003
2013.03.08 00:39:27.248,1.30993,1.31001
2013.03.08 00:39:27.367,1.30993,1.31002
2013.03.08 00:39:27.909,1.30995,1.31003
2013.03.08 00:39:28.468,1.30995,1.31003
2013.03.08 00:39:28.588,1.30995,1.31003
2013.03.08 00:39:28.949,1.30997,1.31005
2013.03.08 00:39:29.498,1.30999,1.31006
2013.03.08 00:39:31.846,1.30999,1.31006
2013.03.08 00:39:33.137,1.30998,1.31004
2013.03.08 00:39:34.391,1.30998,1.31004
2013.03.08 00:39:41.038,1.30998,1.31004
2013.03.08 00:39:41.988,1.30997,1.31004
2013.03.08 00:39:42.168,1.30997,1.31005
2013.03.08 00:39:42.348,1.30995,1.31005
2013.03.08 00:39:42.728,1.30996,1.31005
2013.03.08 00:39:43.388,1.30996,1.31004
2013.03.08 00:39:43.448,1.30996,1.31004
2013.03.08 00:39:43.508,1.30996,1.31004
2013.03.08 00:39:44.258,1.30994,1.31004
2013.03.08 00:39:44.498,1.30995,1.31004
2013.03.08 00:39:44.857,1.30996,1.31004
2013.03.08 00:39:45.458,1.30998,1.31004
2013.03.08 00:39:45.698,1.30998,1.31004
2013.03.08 00:39:45.818,1.30998,1.31004
2013.03.08 00:39:46.058,1.30995,1.31004
2013.03.08 00:39:46.338,1.30995,1.31004
2013.03.08 00:39:46.577,1.30998,1.31004
2013.03.08 00:39:46.878,1.30998,1.31004
2013.03.08 00:39:46.998,1.30995,1.31004
2013.03.08 00:39:47.998,1.30997,1.31004
2013.03.08 00:39:48.118,1.30997,1.31004
2013.03.08 00:39:48.367,1.30995,1.31004
2013.03.08 00:39:49.088,1.30997,1.31004
2013.03.08 00:39:50.227,1.30997,1.31004
2013.03.08 00:39:50.589,1.30995,1.31005
2013.03.08 00:39:51.918,1.30997,1.31004
2013.03.08 00:39:51.978,1.30997,1.31004
2013.03.08 00:39:52.400,1.30995,1.31004
2013.03.08 00:39:52.638,1.30995,1.31004
2013.03.08 00:39:52.998,1.30997,1.31005
2013.03.08 00:39:53.059,1.30997,1.31005
2013.03.08 00:39:53.567,1.30997,1.31005
2013.03.08 00:39:54.117,1.30997,1.31005
2013.03.08 00:39:55.589,1.30995,1.31005
2013.03.08 00:39:55.649,1.30995,1.31005
2013.03.08 00:39:56.370,1.30995,1.31005
2013.03.08 00:39:56.908,1.30995,1.31003
2013.03.08 00:39:57.448,1.30993,1.31003
2013.03.08 00:39:57.509,1.30993,1.31002
2013.03.08 00:39:58.106,1.30993,1.31003
2013.03.08 00:39:58.170,1.30993,1.31003
2013.03.08 00:39:59.698,1.30993,1.31003
2013.03.08 00:39:59.772,1.30993,1.31003
2013.03.08 00:40:02.972,1.30997,1.31003
2013.03.08 00:40:03.042,1.30999,1.31007
2013.03.08 00:40:03.228,1.30999,1.31007
2013.03.08 00:40:03.529,1.31002,1.3101
2013.03.08 00:40:03.768,1.31002,1.3101
2013.03.08 00:40:03.828,1.31002,1.3101
2013.03.08 00:40:07.138,1.31003,1.31011
2013.03.08 00:40:09.089,1.31002,1.31009
2013.03.08 00:40:09.269,1.31002,1.31009
2013.03.08 00:40:09.449,1.31002,1.31009
2013.03.08 00:40:09.569,1.31001,1.31009
2013.03.08 00:40:10.108,1.31002,1.31012
2013.03.08 00:40:10.181,1.31003,1.31012
2013.03.08 00:40:10.239,1.31003,1.31012
2013.03.08 00:40:11.789,1.31004,1.31011
2013.03.08 00:40:12.029,1.31004,1.31011
2013.03.08 00:40:13.288,1.31004,1.31012
2013.03.08 00:40:15.558,1.31003,1.31012
2013.03.08 00:40:15.919,1.31,1.3101
2013.03.08 00:40:16.040,1.30998,1.31006
2013.03.08 00:40:16.098,1.30998,1.31006
2013.03.08 00:40:16.540,1.30998,1.31004
2013.03.08 00:40:16.619,1.30993,1.31002
2013.03.08 00:40:16.928,1.30993,1.31002
2013.03.08 00:40:17.301,1.30994,1.31002
2013.03.08 00:40:20.968,1.30994,1.31002
2013.03.08 00:40:31.449,1.30995,1.31004
2013.03.08 00:40:31.508,1.30995,1.31004
2013.03.08 00:40:34.829,1.30994,1.31005
2013.03.08 00:40:34.888,1.30994,1.31005
2013.03.08 00:40:38.300,1.30993,1.31003
2013.03.08 00:40:38.478,1.30995,1.31004
2013.03.08 00:40:38.658,1.30995,1.31004
2013.03.08 00:40:38.778,1.30995,1.31004
2013.03.08 00:40:39.198,1.30995,1.31005
2013.03.08 00:40:39.407,1.30995,1.31005
2013.03.08 00:40:40.128,1.30995,1.31005
2013.03.08 00:40:40.669,1.30995,1.31004
2013.03.08 00:40:40.728,1.30995,1.31004
2013.03.08 00:40:44.198,1.30995,1.31004
2013.03.08 00:40:44.740,1.30995,1.31004
2013.03.08 00:40:45.399,1.30995,1.31004
2013.03.08 00:40:45.833,1.30995,1.31004
2013.03.08 00:40:45.904,1.30996,1.31004
2013.03.08 00:40:46.389,1.30996,1.31004
2013.03.08 00:40:46.509,1.30995,1.31004
2013.03.08 00:40:47.078,1.30994,1.31005
2013.03.08 00:40:47.198,1.30995,1.31004
2013.03.08 00:40:47.258,1.30995,1.31004
2013.03.08 00:40:48.419,1.30994,1.31004
2013.03.08 00:40:48.968,1.30995,1.31003
2013.03.08 00:40:50.689,1.30995,1.31004
2013.03.08 00:40:50.808,1.30994,1.31004
2013.03.08 00:40:55.608,1.30996,1.31003
2013.03.08 00:40:55.909,1.30995,1.31003
2013.03.08 00:40:56.089,1.30995,1.31003
2013.03.08 00:40:57.731,1.30995,1.31004
2013.03.08 00:40:58.219,1.30997,1.31004
2013.03.08 00:40:58.767,1.30995,1.31005
2013.03.08 00:40:58.828,1.30995,1.31005
2013.03.08 00:40:59.010,1.30995,1.31005
2013.03.08 00:40:59.069,1.30995,1.31002
2013.03.08 00:41:01.708,1.30994,1.31002
2013.03.08 00:41:02.968,1.30994,1.31002
2013.03.08 00:41:04.496,1.30994,1.31002
2013.03.08 00:41:06.119,1.30994,1.31002
2013.03.08 00:41:13.498,1.30994,1.31002
2013.03.08 00:41:14.878,1.30994,1.31004
2013.03.08 00:41:17.088,1.30994,1.31004
2013.03.08 00:41:17.619,1.30994,1.31004
2013.03.08 00:41:34.298,1.30994,1.31004
2013.03.08 00:41:58.645,1.30995,1.31004
2013.03.08 00:41:59.838,1.30997,1.31005
2013.03.08 00:42:00.139,1.30998,1.31006
2013.03.08 00:42:00.259,1.30999,1.31006
2013.03.08 00:42:00.440,1.30998,1.31007
2013.03.08 00:42:00.578,1.30997,1.31007
2013.03.08 00:42:00.712,1.30996,1.31006
2013.03.08 00:42:01.818,1.30997,1.31005
2013.03.08 00:42:02.001,1.31001,1.31008
2013.03.08 00:42:02.061,1.31002,1.3101
2013.03.08 00:42:02.179,1.31005,1.31014
2013.03.08 00:42:02.779,1.31,1.31011
2013.03.08 00:42:02.839,1.31,1.31007
2013.03.08 00:42:02.900,1.31,1.31007
2013.03.08 00:42:03.089,1.30997,1.31005
2013.03.08 00:42:03.388,1.30997,1.31005
2013.03.08 00:42:04.788,1.30996,1.31004
2013.03.08 00:42:06.888,1.30996,1.31004
2013.03.08 00:42:10.918,1.30997,1.31005
2013.03.08 00:42:11.039,1.30999,1.31007
2013.03.08 00:42:11.338,1.31,1.31007
2013.03.08 00:42:11.760,1.30999,1.31006
2013.03.08 00:42:11.998,1.30997,1.31005
2013.03.08 00:42:25.458,1.30998,1.31005
2013.03.08 00:42:30.349,1.30996,1.31004
2013.03.08 00:42:30.468,1.30994,1.31004
2013.03.08 00:42:30.651,1.30994,1.31004
2013.03.08 00:42:31.008,1.30994,1.31003
2013.03.08 00:42:35.698,1.30994,1.31002
2013.03.08 00:42:51.138,1.30994,1.31002
2013.03.08 00:43:00.159,1.30994,1.31002
2013.03.08 00:43:08.938,1.30993,1.30999
2013.03.08 00:43:09.631,1.30994,1.31002
2013.03.08 00:43:12.799,1.30994,1.31002
2013.03.08 00:43:16.189,1.30994,1.31002
2013.03.08 00:43:16.548,1.30994,1.31002
2013.03.08 00:43:16.900,1.30994,1.31002
2013.03.08 00:43:22.508,1.30995,1.31005
2013.03.08 00:43:22.810,1.30998,1.31005
2013.03.08 00:43:22.928,1.30996,1.31004
2013.03.08 00:43:23.110,1.30997,1.31005
2013.03.08 00:43:23.172,1.30997,1.31005
2013.03.08 00:43:24.959,1.31,1.31005
2013.03.08 00:43:25.078,1.31,1.31005
2013.03.08 00:43:25.632,1.31,1.31006
2013.03.08 00:43:26.548,1.31,1.31007
2013.03.08 00:43:32.099,1.31001,1.31007
2013.03.08 00:43:32.658,1.31001,1.31008
2013.03.08 00:43:35.442,1.31001,1.31007
2013.03.08 00:43:35.988,1.30998,1.31007
2013.03.08 00:43:40.408,1.30998,1.31006
2013.03.08 00:43:51.510,1.30998,1.31006
2013.03.08 00:43:53.468,1.30998,1.31006
2013.03.08 00:43:54.788,1.30999,1.31006
2013.03.08 00:43:55.760,1.31,1.31006
2013.03.08 00:43:55.818,1.31,1.31009
2013.03.08 00:43:56.179,1.31001,1.31009
2013.03.08 00:43:57.559,1.31003,1.31009
2013.03.08 00:43:58.828,1.31002,1.31009
2013.03.08 00:44:02.381,1.31003,1.31009
2013.03.08 00:44:05.379,1.31003,1.31009
2013.03.08 00:44:05.438,1.31001,1.31009
2013.03.08 00:44:05.962,1.31002,1.31009
2013.03.08 00:44:06.508,1.31002,1.31009
2013.03.08 00:44:08.903,1.31003,1.31009
2013.03.08 00:44:09.030,1.31003,1.31009
2013.03.08 00:44:10.653,1.31002,1.31009
2013.03.08 00:44:10.722,1.30999,1.31005
2013.03.08 00:44:10.850,1.30999,1.31005
2013.03.08 00:44:10.970,1.30993,1.31003
2013.03.08 00:44:11.151,1.30993,1.31003
2013.03.08 00:44:11.278,1.30993,1.31003
2013.03.08 00:44:11.339,1.30993,1.31003
2013.03.08 00:44:11.804,1.30994,1.31004
2013.03.08 00:44:12.114,1.30994,1.31004
2013.03.08 00:44:13.978,1.30995,1.31004
2013.03.08 00:44:15.571,1.30994,1.31003
2013.03.08 00:44:16.159,1.30994,1.31003
2013.03.08 00:44:16.339,1.30994,1.31002
2013.03.08 00:44:16.519,1.30994,1.31002
2013.03.08 00:44:16.878,1.30994,1.31002
2013.03.08 00:44:19.419,1.30996,1.31002
2013.03.08 00:44:19.538,1.30996,1.31002
2013.03.08 00:44:42.200,1.30996,1.31003
2013.03.08 00:44:53.279,1.30996,1.31003
2013.03.08 00:44:53.639,1.30997,1.31004
2013.03.08 00:44:53.761,1.30997,1.31006
2013.03.08 00:44:57.018,1.31,1.31007
2013.03.08 00:44:57.781,1.31,1.31007
2013.03.08 00:45:00.448,1.31,1.31006
2013.03.08 00:45:01.199,1.31001,1.31008
2013.03.08 00:45:01.559,1.31004,1.31013
2013.03.08 00:45:01.979,1.31005,1.31013
2013.03.08 00:45:02.819,1.31005,1.31011
2013.03.08 00:45:02.999,1.31004,1.31012
2013.03.08 00:45:03.059,1.31004,1.31014
2013.03.08 00:45:03.180,1.31009,1.31014
2013.03.08 00:45:03.600,1.31012,1.31019
2013.03.08 00:45:03.840,1.31014,1.31022
2013.03.08 00:45:03.899,1.31013,1.31024
2013.03.08 00:45:04.258,1.31018,1.31028
2013.03.08 00:45:04.319,1.31018,1.31028
2013.03.08 00:45:04.499,1.31019,1.31028
2013.03.08 00:45:04.978,1.31021,1.3103
2013.03.08 00:45:05.160,1.31022,1.31031
2013.03.08 00:45:05.459,1.31022,1.31032
2013.03.08 00:45:05.831,1.31024,1.31035
2013.03.08 00:45:05.900,1.31025,1.31034
2013.03.08 00:45:06.138,1.31024,1.31034
2013.03.08 00:45:06.198,1.31023,1.31033
2013.03.08 00:45:06.439,1.31026,1.31033
2013.03.08 00:45:07.372,1.31028,1.31033
2013.03.08 00:45:08.199,1.31027,1.31035
2013.03.08 00:45:08.561,1.31029,1.31038
2013.03.08 00:45:08.980,1.31031,1.31038
2013.03.08 00:45:09.099,1.31031,1.31036
2013.03.08 00:45:09.638,1.31031,1.31036
2013.03.08 00:45:09.819,1.31031,1.31038
2013.03.08 00:45:10.120,1.31031,1.31038
2013.03.08 00:45:10.659,1.3103,1.31038
2013.03.08 00:45:11.519,1.31028,1.31036
2013.03.08 00:45:11.879,1.31031,1.31038
2013.03.08 00:45:12.119,1.31033,1.31043
2013.03.08 00:45:12.180,1.31033,1.31043
2013.03.08 00:45:12.244,1.31035,1.31043
2013.03.08 00:45:12.789,1.31036,1.31046
2013.03.08 00:45:13.989,1.31036,1.31044
2013.03.08 00:45:14.471,1.31032,1.31041
2013.03.08 00:45:14.651,1.31029,1.31039
2013.03.08 00:45:15.188,1.31029,1.31039
2013.03.08 00:45:15.309,1.31029,1.31038
2013.03.08 00:45:15.729,1.31029,1.31039
2013.03.08 00:45:19.429,1.31031,1.31039
2013.03.08 00:45:19.749,1.31034,1.31045
2013.03.08 00:45:20.948,1.31036,1.31046
2013.03.08 00:45:21.129,1.31036,1.31047
2013.03.08 00:45:21.189,1.31036,1.31045
2013.03.08 00:45:21.720,1.31036,1.31046
2013.03.08 00:45:22.568,1.31036,1.31045
2013.03.08 00:45:24.209,1.31034,1.31044
2013.03.08 00:45:24.449,1.31032,1.3104
2013.03.08 00:45:24.570,1.31032,1.3104
2013.03.08 00:45:24.990,1.31032,1.31039
2013.03.08 00:45:34.579,1.31033,1.31039
2013.03.08 00:45:48.918,1.3103,1.31038
2013.03.08 00:45:50.378,1.31029,1.31037
2013.03.08 00:45:50.499,1.31029,1.31034
2013.03.08 00:45:50.619,1.31029,1.31034
2013.03.08 00:45:50.985,1.31026,1.31031
2013.03.08 00:45:51.053,1.31026,1.3103
2013.03.08 00:45:51.419,1.31021,1.3103
2013.03.08 00:45:51.959,1.31022,1.31033
2013.03.08 00:45:55.609,1.31023,1.31032
2013.03.08 00:45:55.729,1.31022,1.31032
2013.03.08 00:45:59.868,1.31022,1.3103
2013.03.08 00:46:00.139,1.31021,1.31029
2013.03.08 00:46:00.679,1.31019,1.31028
2013.03.08 00:46:06.111,1.31019,1.31027
2013.03.08 00:46:06.190,1.31015,1.31024
2013.03.08 00:46:08.339,1.31015,1.31024
2013.03.08 00:46:08.579,1.31015,1.31024
2013.03.08 00:46:09.082,1.31015,1.31026
2013.03.08 00:46:12.137,1.31016,1.31025
2013.03.08 00:46:14.208,1.31016,1.31025
2013.03.08 00:46:17.248,1.31016,1.31025
2013.03.08 00:46:17.649,1.31015,1.31025
2013.03.08 00:46:18.010,1.3101,1.31018
2013.03.08 00:46:18.311,1.31009,1.31016
2013.03.08 00:46:18.429,1.31005,1.31014
2013.03.08 00:46:18.969,1.31005,1.31012
2013.03.08 00:46:34.490,1.31005,1.31012
2013.03.08 00:46:35.979,1.31005,1.31013
2013.03.08 00:46:39.333,1.31005,1.31012
2013.03.08 00:46:39.827,1.31005,1.31013
2013.03.08 00:46:46.528,1.31005,1.31013
2013.03.08 00:46:51.520,1.31005,1.31013
2013.03.08 00:47:04.988,1.31007,1.31013
2013.03.08 00:47:05.529,1.31007,1.31014
2013.03.08 00:47:05.588,1.31007,1.31014
2013.03.08 00:47:07.720,1.31007,1.31016
2013.03.08 00:47:09.938,1.31007,1.31016
2013.03.08 00:47:10.298,1.31009,1.31017
2013.03.08 00:47:10.599,1.31015,1.31023
2013.03.08 00:47:10.918,1.31015,1.31023
2013.03.08 00:47:14.628,1.31015,1.31023
2013.03.08 00:47:14.749,1.31015,1.31023
2013.03.08 00:47:15.049,1.31016,1.31025
2013.03.08 00:47:16.599,1.31015,1.31025
2013.03.08 00:47:16.718,1.31015,1.31025
2013.03.08 00:47:17.259,1.31015,1.3102
2013.03.08 00:47:17.778,1.31015,1.3102
2013.03.08 00:47:18.198,1.31014,1.3102
2013.03.08 00:47:19.163,1.31017,1.31024
2013.03.08 00:47:19.650,1.3102,1.31027
2013.03.08 00:47:20.009,1.31022,1.3103
2013.03.08 00:47:20.549,1.31021,1.31029
2013.03.08 00:47:21.093,1.31021,1.31029
2013.03.08 00:47:25.118,1.31022,1.31029
2013.03.08 00:47:25.481,1.31022,1.3103
2013.03.08 00:47:25.601,1.31023,1.3103
2013.03.08 00:47:25.721,1.31024,1.31034
2013.03.08 00:47:25.959,1.31025,1.31034
2013.03.08 00:47:27.559,1.31026,1.31034
2013.03.08 00:47:27.620,1.31026,1.31034
2013.03.08 00:47:29.248,1.31026,1.31032
2013.03.08 00:47:31.220,1.31025,1.31031
2013.03.08 00:47:31.459,1.31025,1.31033
2013.03.08 00:47:31.579,1.31025,1.31034
2013.03.08 00:47:31.699,1.31025,1.31034
2013.03.08 00:47:32.728,1.31024,1.31034
2013.03.08 00:47:33.729,1.31024,1.31033
2013.03.08 00:47:33.789,1.31024,1.31033
2013.03.08 00:47:36.196,1.31026,1.31033
2013.03.08 00:47:42.910,1.31026,1.31034
2013.03.08 00:47:43.448,1.31026,1.31034
2013.03.08 00:47:50.469,1.31025,1.31033
2013.03.08 00:47:55.048,1.31025,1.31033
2013.03.08 00:47:57.659,1.31025,1.31033
2013.03.08 00:47:59.359,1.31025,1.31032
2013.03.08 00:47:59.849,1.31025,1.31031
2013.03.08 00:48:00.166,1.31023,1.31028
2013.03.08 00:48:00.240,1.31019,1.31028
2013.03.08 00:48:00.480,1.31019,1.31026
2013.03.08 00:48:00.839,1.31018,1.31024
2013.03.08 00:48:01.378,1.31016,1.31024
2013.03.08 00:48:01.979,1.31017,1.31024
2013.03.08 00:48:02.526,1.31019,1.31025
2013.03.08 00:48:03.079,1.31016,1.31023
2013.03.08 00:48:44.434,1.31013,1.31019
2013.03.08 00:48:44.740,1.31011,1.31017
2013.03.08 00:48:44.979,1.31009,1.31015
2013.03.08 00:48:45.159,1.31009,1.31015
2013.03.08 00:48:45.782,1.31007,1.31012
2013.03.08 00:48:45.850,1.31005,1.31012
2013.03.08 00:48:45.909,1.31004,1.31013
2013.03.08 00:48:46.029,1.31004,1.31012
2013.03.08 00:48:46.449,1.31004,1.3101
2013.03.08 00:48:46.809,1.31,1.31009
2013.03.08 00:48:47.170,1.31,1.31008
2013.03.08 00:48:47.469,1.31002,1.31008
2013.03.08 00:48:51.709,1.31,1.31008
2013.03.08 00:48:51.951,1.30999,1.31005
2013.03.08 00:48:52.011,1.30995,1.31004
2013.03.08 00:48:52.070,1.30994,1.31004
2013.03.08 00:48:52.130,1.30994,1.31004
2013.03.08 00:48:52.309,1.30994,1.31004
2013.03.08 00:48:52.789,1.30994,1.31004
2013.03.08 00:48:52.969,1.30992,1.31002
2013.03.08 00:48:54.759,1.30992,1.31002
2013.03.08 00:48:54.819,1.30992,1.31002
2013.03.08 00:48:54.879,1.30992,1.31002
2013.03.08 00:48:54.999,1.30993,1.31003
2013.03.08 00:48:55.301,1.30993,1.31003
2013.03.08 00:48:55.362,1.30993,1.31003
2013.03.08 00:48:55.432,1.30996,1.31005
2013.03.08 00:48:55.739,1.30997,1.31004
2013.03.08 00:48:55.980,1.31001,1.31009
2013.03.08 00:48:56.163,1.31001,1.31009
2013.03.08 00:48:58.549,1.31001,1.31006
2013.03.08 00:48:58.731,1.30999,1.31007
2013.03.08 00:48:58.908,1.30999,1.31006
2013.03.08 00:48:59.418,1.30997,1.31005
2013.03.08 00:49:00.150,1.30998,1.31006
2013.03.08 00:49:00.939,1.31001,1.31006
2013.03.08 00:49:01.299,1.31004,1.3101
2013.03.08 00:49:01.848,1.31004,1.31011
2013.03.08 00:49:02.888,1.31005,1.31011
2013.03.08 00:49:03.394,1.31004,1.31011
2013.03.08 00:49:05.508,1.31004,1.31011
2013.03.08 00:49:06.589,1.31005,1.31011
2013.03.08 00:49:07.333,1.31004,1.31011
2013.03.08 00:49:10.708,1.31004,1.3101
2013.03.08 00:49:10.949,1.31004,1.3101
2013.03.08 00:49:11.248,1.31006,1.31015
2013.03.08 00:49:11.310,1.31009,1.31018
2013.03.08 00:49:11.489,1.31011,1.31018
2013.03.08 00:49:11.555,1.31012,1.31018
2013.03.08 00:49:11.679,1.31013,1.31021
2013.03.08 00:49:11.980,1.31013,1.31018
2013.03.08 00:49:12.100,1.31013,1.31021
2013.03.08 00:49:12.279,1.31016,1.31026
2013.03.08 00:49:12.719,1.31016,1.31025
2013.03.08 00:49:13.259,1.31016,1.31025
2013.03.08 00:49:15.310,1.31018,1.31026
2013.03.08 00:49:20.759,1.31018,1.31026
2013.03.08 00:49:25.080,1.31018,1.31026
2013.03.08 00:49:25.380,1.3102,1.31029
2013.03.08 00:49:25.439,1.3102,1.3103
2013.03.08 00:49:25.679,1.31024,1.31032
2013.03.08 00:49:25.740,1.31024,1.31032
2013.03.08 00:49:26.281,1.31024,1.3103
2013.03.08 00:49:26.529,1.31024,1.31032
2013.03.08 00:49:26.829,1.31024,1.31032
2013.03.08 00:49:39.800,1.31024,1.31033
2013.03.08 00:49:44.798,1.31024,1.31032
2013.03.08 00:49:48.980,1.31024,1.31034
2013.03.08 00:49:50.319,1.31024,1.31031
2013.03.08 00:49:59.280,1.31023,1.3103
2013.03.08 00:49:59.399,1.31023,1.31029
2013.03.08 00:49:59.523,1.31023,1.31029
2013.03.08 00:49:59.649,1.31023,1.31029
2013.03.08 00:50:00.541,1.31023,1.31029
2013.03.08 00:50:01.480,1.31023,1.31029
2013.03.08 00:50:02.599,1.31023,1.3103
2013.03.08 00:50:03.153,1.31026,1.3103
2013.03.08 00:50:04.105,1.31026,1.31031
2013.03.08 00:50:04.740,1.31025,1.31031
2013.03.08 00:50:09.910,1.31026,1.31031
2013.03.08 00:50:09.972,1.31022,1.3103
2013.03.08 00:50:10.040,1.31022,1.31029
2013.03.08 00:50:10.162,1.31017,1.31025
2013.03.08 00:50:10.220,1.31015,1.31025
2013.03.08 00:50:10.580,1.31015,1.31023
2013.03.08 00:50:11.120,1.31013,1.31023
2013.03.08 00:50:11.649,1.31013,1.3102
2013.03.08 00:50:12.101,1.31013,1.3102
2013.03.08 00:50:12.460,1.31011,1.31018
2013.03.08 00:50:12.520,1.3101,1.31016
2013.03.08 00:50:12.760,1.31005,1.31015
2013.03.08 00:50:13.250,1.31005,1.31015
2013.03.08 00:50:13.790,1.31005,1.31014
2013.03.08 00:50:14.151,1.31005,1.31014
2013.03.08 00:50:14.270,1.31004,1.31014
2013.03.08 00:50:14.509,1.31004,1.31014
2013.03.08 00:50:14.750,1.31004,1.31012
2013.03.08 00:50:25.839,1.31006,1.31013
2013.03.08 00:50:33.560,1.31002,1.31011
2013.03.08 00:50:33.620,1.31002,1.3101
2013.03.08 00:50:34.572,1.31001,1.31009
2013.03.08 00:50:34.639,1.31001,1.31009
2013.03.08 00:50:35.001,1.30997,1.31004
2013.03.08 00:50:35.059,1.30997,1.31004
2013.03.08 00:50:35.180,1.30996,1.31004
2013.03.08 00:50:35.419,1.30996,1.31004
2013.03.08 00:50:35.929,1.30996,1.31004
2013.03.08 00:50:38.099,1.30994,1.31004
2013.03.08 00:50:38.760,1.30994,1.31003
2013.03.08 00:50:42.129,1.30995,1.31003
2013.03.08 00:50:42.640,1.30995,1.31004
2013.03.08 00:50:44.021,1.30996,1.31004
2013.03.08 00:50:44.079,1.30996,1.31004
2013.03.08 00:50:44.439,1.30996,1.31004
2013.03.08 00:50:44.559,1.30996,1.31004
2013.03.08 00:50:45.520,1.30996,1.31004
2013.03.08 00:50:45.579,1.30996,1.31004
2013.03.08 00:50:50.841,1.30996,1.31004
2013.03.08 00:50:50.961,1.30994,1.31004
2013.03.08 00:50:51.799,1.30996,1.31004
2013.03.08 00:50:53.650,1.30996,1.31004
2013.03.08 00:50:54.190,1.30995,1.31004
2013.03.08 00:50:55.340,1.30996,1.31004
2013.03.08 00:50:56.248,1.30998,1.31005
2013.03.08 00:50:56.326,1.30997,1.31005
2013.03.08 00:50:56.999,1.30997,1.31005
2013.03.08 00:50:57.061,1.30993,1.31001
2013.03.08 00:50:57.120,1.30993,1.31001
2013.03.08 00:50:57.420,1.30993,1.31001
2013.03.08 00:50:58.021,1.30993,1.31001
2013.03.08 00:50:58.920,1.30994,1.31001
2013.03.08 00:50:58.980,1.30996,1.31003
2013.03.08 00:50:59.340,1.30996,1.31004
2013.03.08 00:51:07.119,1.30998,1.31004
2013.03.08 00:51:07.700,1.30998,1.31004
2013.03.08 00:51:19.069,1.30994,1.31002
2013.03.08 00:51:19.609,1.30995,1.31004
2013.03.08 00:51:20.241,1.30995,1.31004
2013.03.08 00:51:20.760,1.30993,1.31003
2013.03.08 00:51:21.332,1.30995,1.31003
2013.03.08 00:51:21.640,1.30995,1.31003
2013.03.08 00:51:21.706,1.30995,1.31003
2013.03.08 00:51:22.351,1.30995,1.31003
2013.03.08 00:51:22.590,1.30995,1.31003
2013.03.08 00:51:23.330,1.30993,1.31001
2013.03.08 00:51:23.450,1.30993,1.31001
2013.03.08 00:51:23.990,1.30993,1.31001
2013.03.08 00:51:25.091,1.30994,1.31001
2013.03.08 00:51:25.490,1.30993,1.31001
2013.03.08 00:51:25.551,1.30993,1.31002
2013.03.08 00:51:25.672,1.30994,1.31002
2013.03.08 00:51:25.730,1.30995,1.31003
2013.03.08 00:51:25.970,1.30995,1.31003
2013.03.08 00:51:26.622,1.30995,1.31003
2013.03.08 00:51:27.100,1.30996,1.31003
2013.03.08 00:51:27.221,1.30996,1.31003
2013.03.08 00:51:27.761,1.30996,1.31003
2013.03.08 00:51:28.540,1.30996,1.31003
2013.03.08 00:51:28.659,1.30997,1.31003
2013.03.08 00:51:29.950,1.30997,1.31004
2013.03.08 00:51:30.605,1.30997,1.31003
2013.03.08 00:51:33.470,1.30995,1.31003
2013.03.08 00:51:33.590,1.30995,1.31003
2013.03.08 00:51:34.129,1.30996,1.31002
2013.03.08 00:51:34.490,1.30997,1.31002
2013.03.08 00:51:34.610,1.30997,1.31005
2013.03.08 00:51:34.790,1.30996,1.31004
2013.03.08 00:51:34.910,1.30995,1.31004
2013.03.08 00:51:35.450,1.30997,1.31005
2013.03.08 00:51:38.689,1.30997,1.31005
2013.03.08 00:51:38.930,1.30999,1.31007
2013.03.08 00:51:39.110,1.30999,1.31007
2013.03.08 00:51:39.469,1.30999,1.31007
2013.03.08 00:51:40.599,1.30999,1.31007
2013.03.08 00:51:46.113,1.30998,1.31005
2013.03.08 00:51:46.949,1.30998,1.31005
2013.03.08 00:51:55.362,1.30996,1.31004
2013.03.08 00:51:59.849,1.30995,1.31001
2013.03.08 00:51:59.909,1.30995,1.31001
2013.03.08 00:52:00.091,1.30995,1.31001
2013.03.08 00:52:00.630,1.30995,1.31003
2013.03.08 00:52:00.750,1.30995,1.31003
2013.03.08 00:52:01.235,1.30996,1.31004
2013.03.08 00:52:01.480,1.30996,1.31004
2013.03.08 00:52:01.970,1.30996,1.31004
2013.03.08 00:52:02.089,1.30996,1.31004
2013.03.08 00:52:02.689,1.30996,1.31004
2013.03.08 00:52:02.750,1.30996,1.31004
2013.03.08 00:52:03.289,1.30996,1.31004
2013.03.08 00:52:03.529,1.30996,1.31004
2013.03.08 00:52:04.069,1.30996,1.31004
2013.03.08 00:52:04.784,1.30997,1.31004
2013.03.08 00:52:05.100,1.30995,1.31005
2013.03.08 00:52:05.160,1.30995,1.31005
2013.03.08 00:52:05.280,1.30995,1.31005
2013.03.08 00:52:05.829,1.30996,1.31004
2013.03.08 00:52:07.101,1.30996,1.31004
2013.03.08 00:52:07.220,1.30996,1.31004
2013.03.08 00:52:08.480,1.30995,1.31004
2013.03.08 00:52:10.392,1.30997,1.31004
2013.03.08 00:52:10.941,1.30995,1.31002
2013.03.08 00:52:11.000,1.30995,1.31002
2013.03.08 00:52:11.120,1.30995,1.31002
2013.03.08 00:52:11.660,1.30995,1.31005
2013.03.08 00:52:11.960,1.30995,1.31005
2013.03.08 00:52:12.080,1.30995,1.31005
2013.03.08 00:52:12.619,1.30996,1.31005
2013.03.08 00:52:13.159,1.30995,1.31005
2013.03.08 00:52:13.660,1.30998,1.31006
2013.03.08 00:52:21.052,1.30998,1.31004
2013.03.08 00:52:26.651,1.30997,1.31004
2013.03.08 00:52:27.189,1.30995,1.31005
2013.03.08 00:52:27.550,1.30995,1.31005
2013.03.08 00:52:38.763,1.31,1.31006
2013.03.08 00:52:39.249,1.30999,1.31006
2013.03.08 00:52:39.432,1.31,1.31006
2013.03.08 00:52:39.669,1.31002,1.31008
2013.03.08 00:52:39.910,1.31002,1.31012
2013.03.08 00:52:41.719,1.31002,1.3101
2013.03.08 00:52:42.571,1.31003,1.3101
2013.03.08 00:52:42.880,1.31006,1.31015
2013.03.08 00:52:42.940,1.31006,1.31015
2013.03.08 00:52:43.499,1.31006,1.31015
2013.03.08 00:52:44.019,1.31006,1.31014
2013.03.08 00:52:50.241,1.31004,1.31012
2013.03.08 00:52:51.520,1.31004,1.31012
2013.03.08 00:52:56.410,1.31006,1.31013
2013.03.08 00:52:58.042,1.31006,1.31014
2013.03.08 00:52:58.580,1.31006,1.31015
2013.03.08 00:53:00.420,1.31006,1.31016
2013.03.08 00:53:00.484,1.31006,1.31016
2013.03.08 00:53:00.730,1.31008,1.31017
2013.03.08 00:53:01.089,1.31007,1.31017
2013.03.08 00:53:01.269,1.31007,1.31017
2013.03.08 00:53:01.691,1.31005,1.31013
2013.03.08 00:53:09.150,1.31007,1.31015
2013.03.08 00:53:09.210,1.31006,1.31015
2013.03.08 00:53:09.730,1.31005,1.31013
2013.03.08 00:53:11.660,1.31005,1.31014
2013.03.08 00:53:11.781,1.31006,1.31015
2013.03.08 00:53:11.840,1.31006,1.31015
2013.03.08 00:53:26.760,1.31009,1.31015
2013.03.08 00:53:27.361,1.31009,1.31015
2013.03.08 00:53:34.272,1.31009,1.31015
2013.03.08 00:53:34.630,1.31007,1.31013
2013.03.08 00:53:36.900,1.31007,1.31014
2013.03.08 00:53:36.963,1.31007,1.31015
2013.03.08 00:53:37.154,1.31006,1.31015
2013.03.08 00:53:37.521,1.31007,1.31014
2013.03.08 00:53:40.729,1.31005,1.31014
2013.03.08 00:53:41.470,1.31005,1.31014
2013.03.08 00:53:41.712,1.3101,1.31017
2013.03.08 00:53:41.770,1.31011,1.3102
2013.03.08 00:53:45.050,1.31012,1.31022
2013.03.08 00:53:52.859,1.31012,1.31021
2013.03.08 00:53:53.430,1.31012,1.31022
2013.03.08 00:54:04.281,1.31012,1.3102
2013.03.08 00:54:04.400,1.31012,1.31021
2013.03.08 00:54:04.580,1.31012,1.3102
2013.03.08 00:54:05.412,1.31012,1.31019
2013.03.08 00:54:05.650,1.31011,1.3102
2013.03.08 00:54:10.612,1.31015,1.31023
2013.03.08 00:54:10.740,1.31015,1.31023
2013.03.08 00:54:13.033,1.31016,1.31026
2013.03.08 00:54:13.150,1.31017,1.31027
2013.03.08 00:54:13.270,1.31019,1.31029
2013.03.08 00:54:13.509,1.31019,1.31027
2013.03.08 00:54:13.749,1.31019,1.31027
2013.03.08 00:54:15.070,1.31021,1.31027
2013.03.08 00:54:15.740,1.31019,1.31026
2013.03.08 00:54:15.980,1.31019,1.31026
2013.03.08 00:54:16.630,1.31019,1.31026
2013.03.08 00:54:16.810,1.31016,1.31024
2013.03.08 00:54:16.990,1.31015,1.31024
2013.03.08 00:54:17.352,1.31009,1.31018
2013.03.08 00:54:17.530,1.31007,1.31017
2013.03.08 00:54:17.950,1.31009,1.31017
2013.03.08 00:54:18.500,1.31011,1.3102
2013.03.08 00:54:19.020,1.31011,1.3102
2013.03.08 00:54:19.560,1.31011,1.31021
2013.03.08 00:54:19.680,1.31011,1.31021
2013.03.08 00:54:20.220,1.31014,1.31022
2013.03.08 00:54:22.656,1.31014,1.31022
2013.03.08 00:54:24.280,1.31014,1.31023
2013.03.08 00:54:30.021,1.31014,1.31023
2013.03.08 00:54:31.850,1.31014,1.31023
2013.03.08 00:54:33.760,1.31015,1.31023
2013.03.08 00:54:34.300,1.31015,1.31024
2013.03.08 00:54:36.152,1.31015,1.31024
2013.03.08 00:54:36.210,1.31015,1.31024
2013.03.08 00:54:36.510,1.31018,1.31026
2013.03.08 00:54:36.691,1.3102,1.31026
2013.03.08 00:54:37.290,1.31019,1.31026
2013.03.08 00:54:38.490,1.31017,1.31026
2013.03.08 00:54:38.850,1.31016,1.31024
2013.03.08 00:54:39.151,1.31016,1.31024
2013.03.08 00:54:39.330,1.31016,1.31024
2013.03.08 00:54:39.766,1.31016,1.31024
2013.03.08 00:54:41.230,1.31017,1.31025
2013.03.08 00:54:41.471,1.31015,1.31025
2013.03.08 00:54:46.739,1.31017,1.31026
2013.03.08 00:54:47.740,1.31016,1.31024
2013.03.08 00:54:48.679,1.31016,1.31024
2013.03.08 00:54:50.749,1.31018,1.31025
2013.03.08 00:54:52.170,1.31018,1.31025
2013.03.08 00:54:53.070,1.31018,1.31025
2013.03.08 00:54:56.630,1.31019,1.31026
2013.03.08 00:54:57.170,1.31019,1.31026
2013.03.08 00:54:59.180,1.31019,1.31026
2013.03.08 00:54:59.750,1.31019,1.31026
2013.03.08 00:55:00.781,1.31019,1.31026
2013.03.08 00:55:01.321,1.31022,1.31027
2013.03.08 00:55:01.441,1.31026,1.31032
2013.03.08 00:55:01.682,1.31026,1.31036
2013.03.08 00:55:01.744,1.31029,1.31039
2013.03.08 00:55:01.993,1.31029,1.31038
2013.03.08 00:55:02.303,1.31025,1.31033
2013.03.08 00:55:02.552,1.31023,1.31032
2013.03.08 00:55:02.790,1.31023,1.31032
2013.03.08 00:55:03.583,1.31023,1.31033
2013.03.08 00:55:03.760,1.31025,1.31033
2013.03.08 00:55:03.820,1.31025,1.31033
2013.03.08 00:55:04.122,1.31025,1.31033
2013.03.08 00:55:04.672,1.31023,1.31032
2013.03.08 00:55:05.211,1.31025,1.31033
2013.03.08 00:55:05.703,1.31025,1.31033
2013.03.08 00:55:08.399,1.31027,1.31035
2013.03.08 00:55:09.690,1.31027,1.31034
2013.03.08 00:55:10.219,1.31027,1.31034
2013.03.08 00:55:11.070,1.31027,1.31037
2013.03.08 00:55:11.599,1.31027,1.31034
2013.03.08 00:55:13.420,1.31026,1.31034
2013.03.08 00:55:13.480,1.31025,1.31034
2013.03.08 00:55:13.841,1.31025,1.31034
2013.03.08 00:55:14.289,1.31025,1.31035
2013.03.08 00:55:15.390,1.31027,1.31034
2013.03.08 00:55:16.021,1.31026,1.31036
2013.03.08 00:55:16.559,1.31026,1.31034
2013.03.08 00:55:21.049,1.31028,1.31036
2013.03.08 00:55:21.590,1.31028,1.31035
2013.03.08 00:55:21.891,1.31025,1.31033
2013.03.08 00:55:22.011,1.31025,1.31032
2013.03.08 00:55:22.131,1.31025,1.31032
2013.03.08 00:55:22.640,1.31025,1.31033
2013.03.08 00:55:26.390,1.31026,1.31033
2013.03.08 00:55:29.199,1.31025,1.31033
2013.03.08 00:55:36.080,1.31025,1.31033
2013.03.08 00:55:36.261,1.31025,1.31035
2013.03.08 00:55:36.380,1.31026,1.31035
2013.03.08 00:55:36.441,1.31026,1.31036
2013.03.08 00:55:36.500,1.31026,1.31037
2013.03.08 00:55:36.861,1.31029,1.31037
2013.03.08 00:55:37.448,1.31028,1.31038
2013.03.08 00:55:37.522,1.3103,1.31039
2013.03.08 00:55:37.711,1.3103,1.31038
2013.03.08 00:55:37.890,1.3103,1.31037
2013.03.08 00:55:39.143,1.3103,1.31038
2013.03.08 00:55:39.450,1.3103,1.31039
2013.03.08 00:55:40.000,1.3103,1.3104
2013.03.08 00:55:40.460,1.3103,1.31038
2013.03.08 00:55:41.251,1.31033,1.3104
2013.03.08 00:55:41.371,1.31033,1.31039
2013.03.08 00:55:41.914,1.31033,1.31044
2013.03.08 00:55:41.983,1.31033,1.31044
2013.03.08 00:55:43.201,1.31035,1.31043
2013.03.08 00:55:43.970,1.31035,1.31043
2013.03.08 00:55:44.380,1.31035,1.31043
2013.03.08 00:55:45.011,1.31037,1.31043
2013.03.08 00:55:45.251,1.31033,1.31042
2013.03.08 00:55:45.370,1.31033,1.3104
2013.03.08 00:55:45.551,1.31029,1.31036
2013.03.08 00:55:45.730,1.31029,1.31036
2013.03.08 00:55:45.790,1.31029,1.31035
2013.03.08 00:55:49.180,1.31028,1.31036
2013.03.08 00:55:50.809,1.31028,1.31036
2013.03.08 00:55:51.330,1.31028,1.31036
2013.03.08 00:55:52.900,1.31028,1.31039
2013.03.08 00:55:53.201,1.31032,1.31042
2013.03.08 00:55:53.321,1.31032,1.31042
2013.03.08 00:55:53.379,1.31032,1.31042
2013.03.08 00:55:58.922,1.31035,1.31043
2013.03.08 00:55:58.981,1.31036,1.31044
2013.03.08 00:55:59.520,1.31035,1.31046
2013.03.08 00:56:00.460,1.31035,1.31045
2013.03.08 00:56:00.830,1.31035,1.31045
2013.03.08 00:56:04.529,1.31035,1.31045
2013.03.08 00:56:10.650,1.31035,1.31045
2013.03.08 00:56:27.559,1.31035,1.31043
2013.03.08 00:56:28.112,1.31035,1.31041
2013.03.08 00:56:28.650,1.31034,1.31041
2013.03.08 00:56:29.190,1.31034,1.31043
2013.03.08 00:56:29.715,1.31037,1.31043
2013.03.08 00:56:29.919,1.31037,1.31043
2013.03.08 00:56:30.160,1.31037,1.31043
2013.03.08 00:56:34.120,1.31037,1.31043
2013.03.08 00:56:35.850,1.31037,1.31045
2013.03.08 00:56:53.340,1.31037,1.31045
2013.03.08 00:56:53.580,1.31037,1.31045
2013.03.08 00:56:57.151,1.31038,1.31046
2013.03.08 00:56:57.390,1.31038,1.31045
2013.03.08 00:56:59.531,1.31039,1.31046
2013.03.08 00:57:01.191,1.31039,1.31046
2013.03.08 00:57:01.950,1.31039,1.31045
2013.03.08 00:57:06.030,1.31039,1.31045
2013.03.08 00:57:06.152,1.31037,1.31045
2013.03.08 00:57:08.091,1.31037,1.31045
2013.03.08 00:57:08.270,1.31037,1.31043
2013.03.08 00:57:08.330,1.31036,1.31043
2013.03.08 00:57:08.451,1.31036,1.31043
2013.03.08 00:57:08.512,1.31035,1.31043
2013.03.08 00:57:08.751,1.31033,1.3104
2013.03.08 00:57:08.811,1.31033,1.31042
2013.03.08 00:57:09.051,1.31033,1.31041
2013.03.08 00:57:09.862,1.31034,1.31043
2013.03.08 00:57:10.220,1.31035,1.31042
2013.03.08 00:57:10.342,1.31035,1.31042
2013.03.08 00:57:11.076,1.31034,1.31041
2013.03.08 00:57:14.002,1.31033,1.3104
2013.03.08 00:57:14.860,1.31032,1.31042
2013.03.08 00:57:15.580,1.31033,1.3104
2013.03.08 00:57:15.941,1.31027,1.31035
2013.03.08 00:57:16.120,1.31024,1.31034
2013.03.08 00:57:16.550,1.31024,1.31032
2013.03.08 00:57:17.750,1.31026,1.31032
2013.03.08 00:57:18.551,1.31026,1.31032
2013.03.08 00:57:19.109,1.31026,1.31032
2013.03.08 00:57:23.112,1.31026,1.31032
2013.03.08 00:57:25.426,1.31026,1.31032
2013.03.08 00:57:25.850,1.31024,1.31034
2013.03.08 00:57:25.910,1.31026,1.31035
2013.03.08 00:57:26.212,1.31029,1.31037
2013.03.08 00:57:26.512,1.31033,1.31039
2013.03.08 00:57:26.630,1.31031,1.31039
2013.03.08 00:57:26.870,1.31027,1.31035
2013.03.08 00:57:26.990,1.31026,1.31034
2013.03.08 00:57:28.591,1.31026,1.31034
2013.03.08 00:57:31.871,1.31026,1.31034
2013.03.08 00:57:36.180,1.31026,1.31033
2013.03.08 00:57:38.830,1.31026,1.31034
2013.03.08 00:57:40.712,1.31027,1.31034
2013.03.08 00:57:45.010,1.31026,1.31033
2013.03.08 00:57:45.071,1.31026,1.31033
2013.03.08 00:57:45.551,1.31025,1.31031
2013.03.08 00:57:46.090,1.31023,1.3103
2013.03.08 00:57:46.331,1.31022,1.31028
2013.03.08 00:57:46.510,1.3102,1.31025
2013.03.08 00:57:46.633,1.31017,1.31025
2013.03.08 00:57:46.992,1.31016,1.31023
2013.03.08 00:57:47.170,1.31013,1.31021
2013.03.08 00:57:47.411,1.31013,1.31021
2013.03.08 00:57:47.830,1.31013,1.31022
2013.03.08 00:57:48.070,1.31013,1.31023
2013.03.08 00:57:49.840,1.31015,1.31023
2013.03.08 00:57:52.560,1.31015,1.31023
2013.03.08 00:57:52.622,1.31015,1.31023
2013.03.08 00:57:53.179,1.31013,1.31022
2013.03.08 00:57:54.262,1.31013,1.31022
2013.03.08 00:57:57.550,1.31014,1.31022
2013.03.08 00:58:02.301,1.31014,1.31023
2013.03.08 00:58:02.607,1.31015,1.31025
2013.03.08 00:58:02.671,1.31016,1.31025
2013.03.08 00:58:03.210,1.31016,1.31024
2013.03.08 00:58:03.270,1.31016,1.31024
2013.03.08 00:58:03.390,1.31016,1.31024
2013.03.08 00:58:05.732,1.31015,1.31022
2013.03.08 00:58:06.091,1.31015,1.31022
2013.03.08 00:58:06.511,1.31016,1.31024
2013.03.08 00:58:06.571,1.31016,1.31024
2013.03.08 00:58:06.871,1.31015,1.31024
2013.03.08 00:58:07.410,1.31015,1.31023
2013.03.08 00:58:08.901,1.31015,1.31024
2013.03.08 00:58:09.020,1.31017,1.31025
2013.03.08 00:58:13.141,1.31017,1.31025
2013.03.08 00:58:16.903,1.31021,1.31027
2013.03.08 00:58:17.151,1.31023,1.31031
2013.03.08 00:58:17.210,1.31023,1.31031
2013.03.08 00:58:17.828,1.31023,1.31032
2013.03.08 00:58:29.430,1.31023,1.3103
2013.03.08 00:58:30.520,1.31023,1.31032
2013.03.08 00:58:31.032,1.31023,1.31032
2013.03.08 00:58:40.202,1.31023,1.31032
2013.03.08 00:58:40.341,1.31023,1.31032
2013.03.08 00:58:40.780,1.31023,1.31032
2013.03.08 00:58:41.340,1.31023,1.31032
2013.03.08 00:58:45.630,1.31023,1.31031
2013.03.08 00:58:46.201,1.31023,1.31032
2013.03.08 00:58:47.110,1.31023,1.31031
2013.03.08 00:58:49.170,1.31023,1.31031
2013.03.08 00:58:51.470,1.31021,1.31029
2013.03.08 00:58:52.380,1.31019,1.31027
2013.03.08 00:58:52.921,1.31022,1.31028
2013.03.08 00:58:56.300,1.31023,1.31028
2013.03.08 00:59:00.880,1.31023,1.3103
2013.03.08 00:59:04.731,1.31022,1.31028
2013.03.08 00:59:07.320,1.31023,1.3103
2013.03.08 00:59:09.041,1.31023,1.31031
2013.03.08 00:59:12.321,1.31023,1.31029
2013.03.08 00:59:13.522,1.31023,1.3103
2013.03.08 00:59:15.894,1.31023,1.3103
2013.03.08 00:59:17.462,1.31022,1.3103
2013.03.08 00:59:36.457,1.31022,1.3103
2013.03.08 00:59:37.610,1.31022,1.3103
2013.03.08 00:59:47.271,1.3102,1.31028
2013.03.08 00:59:47.511,1.31016,1.31025
2013.03.08 00:59:47.750,1.31016,1.31025
2013.03.08 00:59:48.060,1.31016,1.31025
2013.03.08 01:00:00.914,1.31015,1.31023
2013.03.08 01:00:00.980,1.31015,1.31023
2013.03.08 01:00:02.770,1.31015,1.31023
2013.03.08 01:00:04.010,1.31015,1.31023
2013.03.08 01:00:08.350,1.31015,1.31023
2013.03.08 01:00:11.152,1.31014,1.3102
2013.03.08 01:00:11.511,1.31008,1.31017
2013.03.08 01:00:12.060,1.31007,1.31015
2013.03.08 01:00:21.111,1.31009,1.31017
2013.03.08 01:00:23.949,1.31009,1.31017
2013.03.08 01:00:24.131,1.31011,1.31019
2013.03.08 01:00:24.313,1.31014,1.31023
2013.03.08 01:00:24.382,1.31014,1.31024
2013.03.08 01:00:24.681,1.31015,1.31024
2013.03.08 01:00:28.991,1.31016,1.31024
2013.03.08 01:00:29.540,1.31016,1.31024
2013.03.08 01:00:31.649,1.31016,1.31024
2013.03.08 01:00:38.410,1.31016,1.31024
2013.03.08 01:00:39.707,1.31016,1.31024
2013.03.08 01:00:48.339,1.31016,1.31025
2013.03.08 01:00:58.784,1.31015,1.31025
2013.03.08 01:01:01.791,1.31016,1.31025
2013.03.08 01:01:05.182,1.31016,1.31025
2013.03.08 01:01:06.221,1.31018,1.31025
2013.03.08 01:01:06.281,1.31018,1.31025
2013.03.08 01:01:07.092,1.31018,1.31025
2013.03.08 01:01:07.212,1.31016,1.31025
2013.03.08 01:01:07.272,1.31016,1.31025
2013.03.08 01:01:09.172,1.31016,1.31019
2013.03.08 01:01:09.411,1.31009,1.31017
2013.03.08 01:01:09.471,1.31007,1.31016
2013.03.08 01:01:09.772,1.31004,1.31012
2013.03.08 01:01:09.832,1.31004,1.31012
2013.03.08 01:01:09.893,1.31003,1.31011
2013.03.08 01:01:10.441,1.31005,1.31012
2013.03.08 01:01:11.683,1.31005,1.31012
2013.03.08 01:01:12.651,1.31006,1.31013
2013.03.08 01:01:15.974,1.31006,1.31013
2013.03.08 01:01:16.475,1.31005,1.31013
2013.03.08 01:01:20.551,1.31006,1.31013
2013.03.08 01:01:31.141,1.31005,1.31013
2013.03.08 01:01:31.400,1.31006,1.31013
2013.03.08 01:01:33.500,1.31005,1.31012
2013.03.08 01:01:34.010,1.31006,1.31012
2013.03.08 01:01:43.840,1.31005,1.31012
2013.03.08 01:01:44.281,1.31006,1.31014
2013.03.08 01:01:44.351,1.31006,1.31015
2013.03.08 01:01:44.651,1.31006,1.31015
2013.03.08 01:01:45.160,1.31006,1.31015
2013.03.08 01:01:45.340,1.31006,1.31016
2013.03.08 01:01:45.400,1.31006,1.31016
2013.03.08 01:01:45.943,1.31012,1.3102
2013.03.08 01:01:46.701,1.31013,1.3102
2013.03.08 01:01:46.821,1.31013,1.3102
2013.03.08 01:01:47.832,1.31013,1.31019
2013.03.08 01:01:48.011,1.31011,1.31018
2013.03.08 01:01:48.132,1.31007,1.31015
2013.03.08 01:01:48.311,1.31004,1.31013
2013.03.08 01:01:48.550,1.31004,1.31012
2013.03.08 01:01:49.101,1.31004,1.31012
2013.03.08 01:01:51.061,1.31004,1.31012
2013.03.08 01:01:52.301,1.31005,1.31012
2013.03.08 01:01:52.421,1.31007,1.31015
2013.03.08 01:01:52.600,1.31009,1.31015
2013.03.08 01:01:52.660,1.31009,1.31015
2013.03.08 01:01:52.781,1.31009,1.31016
2013.03.08 01:01:52.841,1.3101,1.31017
2013.03.08 01:01:53.910,1.3101,1.31017
2013.03.08 01:01:55.651,1.31006,1.31015
2013.03.08 01:01:55.772,1.31006,1.31015
2013.03.08 01:01:55.902,1.31005,1.31014
2013.03.08 01:01:55.974,1.31005,1.31013
2013.03.08 01:01:56.510,1.31005,1.31013
2013.03.08 01:01:57.410,1.31004,1.31013
2013.03.08 01:02:00.474,1.31004,1.31013
2013.03.08 01:02:01.371,1.31004,1.31013
2013.03.08 01:02:03.610,1.31004,1.31013
2013.03.08 01:02:05.400,1.31004,1.31013
2013.03.08 01:02:10.570,1.31004,1.31013
2013.03.08 01:02:20.130,1.31004,1.3101
2013.03.08 01:02:20.191,1.31004,1.3101
2013.03.08 01:02:20.252,1.31001,1.31009
2013.03.08 01:02:20.551,1.30998,1.31005
2013.03.08 01:02:20.671,1.30998,1.31005
2013.03.08 01:02:21.035,1.30996,1.31006
2013.03.08 01:02:21.341,1.30998,1.31006
2013.03.08 01:02:21.701,1.30998,1.31005
2013.03.08 01:02:22.001,1.30996,1.31004
2013.03.08 01:02:25.800,1.30995,1.31005
2013.03.08 01:02:27.771,1.30995,1.31004
2013.03.08 01:02:28.071,1.30994,1.31004
2013.03.08 01:02:28.139,1.30994,1.31004
2013.03.08 01:02:28.381,1.30994,1.31004
2013.03.08 01:02:31.101,1.30994,1.31001
2013.03.08 01:02:31.661,1.30994,1.31002
2013.03.08 01:02:32.832,1.30994,1.31001
2013.03.08 01:02:33.192,1.30987,1.30994
2013.03.08 01:02:33.313,1.30984,1.30994
2013.03.08 01:02:33.371,1.30984,1.30994
2013.03.08 01:02:33.490,1.30984,1.30994
2013.03.08 01:02:33.850,1.30984,1.30994
2013.03.08 01:02:34.391,1.30985,1.30995
2013.03.08 01:02:35.030,1.30985,1.30995
2013.03.08 01:02:35.561,1.30988,1.30996
2013.03.08 01:02:35.863,1.30994,1.31003
2013.03.08 01:02:35.922,1.30997,1.31005
2013.03.08 01:02:36.341,1.30997,1.31005
2013.03.08 01:02:37.910,1.30996,1.31005
2013.03.08 01:02:41.731,1.30997,1.31005
2013.03.08 01:02:42.453,1.30998,1.31006
2013.03.08 01:02:42.691,1.30999,1.31007
2013.03.08 01:02:43.980,1.31005,1.31014
2013.03.08 01:02:56.891,1.31004,1.31012
2013.03.08 01:02:57.010,1.31004,1.31012
2013.03.08 01:02:57.132,1.31002,1.31012
2013.03.08 01:02:57.492,1.30999,1.31009
2013.03.08 01:02:57.791,1.30997,1.31006
2013.03.08 01:02:57.910,1.30997,1.31006
2013.03.08 01:03:13.131,1.30996,1.31005
2013.03.08 01:03:18.000,1.30996,1.31003
2013.03.08 01:03:18.302,1.30993,1.31002
2013.03.08 01:03:18.661,1.30996,1.31005
2013.03.08 01:03:19.994,1.30996,1.31005
2013.03.08 01:03:20.593,1.30994,1.31004
2013.03.08 01:03:23.180,1.30994,1.31002
2013.03.08 01:03:23.372,1.30991,1.31
2013.03.08 01:03:23.492,1.3099,1.31
2013.03.08 01:03:23.671,1.30985,1.30996
2013.03.08 01:03:23.790,1.30985,1.30996
2013.03.08 01:03:24.131,1.30985,1.30996
2013.03.08 01:03:26.891,1.30985,1.30994
2013.03.08 01:03:27.250,1.30985,1.30994
2013.03.08 01:03:30.914,1.30986,1.30992
2013.03.08 01:03:30.981,1.30984,1.30993
2013.03.08 01:03:33.530,1.30984,1.30995
2013.03.08 01:03:33.651,1.30984,1.30994
2013.03.08 01:03:34.112,1.30984,1.30995
2013.03.08 01:03:34.171,1.30984,1.30995
2013.03.08 01:03:36.130,1.30986,1.30993
2013.03.08 01:03:41.941,1.30984,1.30992
2013.03.08 01:03:43.528,1.30984,1.30992
2013.03.08 01:03:55.051,1.30984,1.3099
2013.03.08 01:03:55.114,1.30979,1.30989
2013.03.08 01:03:55.242,1.30979,1.30987
2013.03.08 01:03:55.302,1.30979,1.30987
2013.03.08 01:03:55.602,1.30979,1.30988
2013.03.08 01:03:55.962,1.30976,1.30986
2013.03.08 01:04:00.031,1.30976,1.30986
2013.03.08 01:04:01.031,1.30979,1.30986
2013.03.08 01:04:01.091,1.30981,1.30986
2013.03.08 01:04:01.212,1.30981,1.30988
2013.03.08 01:04:01.342,1.30981,1.30989
2013.03.08 01:04:01.403,1.30981,1.30989
2013.03.08 01:04:01.581,1.3098,1.30989
2013.03.08 01:04:02.121,1.30981,1.30989
2013.03.08 01:04:02.182,1.30982,1.30991
2013.03.08 01:04:02.541,1.30984,1.30993
2013.03.08 01:04:02.900,1.30986,1.30993
2013.03.08 01:04:03.407,1.30985,1.30994
2013.03.08 01:04:03.652,1.30983,1.30991
2013.03.08 01:04:03.862,1.3098,1.3099
2013.03.08 01:04:06.253,1.30982,1.3099
2013.03.08 01:04:06.611,1.30982,1.3099
2013.03.08 01:04:06.671,1.3098,1.3099
2013.03.08 01:04:06.791,1.30978,1.30989
2013.03.08 01:04:06.853,1.30978,1.30988
2013.03.08 01:04:07.031,1.30978,1.30988
2013.03.08 01:04:07.451,1.30979,1.30989
2013.03.08 01:04:07.994,1.30979,1.30989
2013.03.08 01:04:10.431,1.30981,1.30987
2013.03.08 01:04:10.491,1.30981,1.30989
2013.03.08 01:04:10.551,1.30983,1.30989
2013.03.08 01:04:10.970,1.30985,1.30993
2013.03.08 01:04:11.272,1.30985,1.30993
2013.03.08 01:04:12.202,1.30984,1.30993
2013.03.08 01:04:18.423,1.30986,1.30995
2013.03.08 01:04:19.053,1.30987,1.30995
2013.03.08 01:04:21.401,1.30989,1.30995
2013.03.08 01:04:21.461,1.30989,1.30997
2013.03.08 01:04:22.491,1.30987,1.30997
2013.03.08 01:04:22.552,1.30987,1.30996
2013.03.08 01:04:22.611,1.30987,1.30996
2013.03.08 01:04:24.064,1.30988,1.30996
2013.03.08 01:04:24.371,1.30988,1.30996
2013.03.08 01:04:24.610,1.30986,1.30996
2013.03.08 01:04:26.581,1.30988,1.30998
2013.03.08 01:04:26.702,1.30988,1.30998
2013.03.08 01:04:27.240,1.30988,1.30998
2013.03.08 01:04:29.601,1.30988,1.30996
2013.03.08 01:04:30.153,1.30988,1.30995
2013.03.08 01:04:32.602,1.30987,1.30996
2013.03.08 01:04:32.662,1.30987,1.30997
2013.03.08 01:04:33.033,1.30987,1.30994
2013.03.08 01:04:33.103,1.30985,1.30993
2013.03.08 01:04:33.402,1.30979,1.30986
2013.03.08 01:04:33.522,1.30979,1.30986
2013.03.08 01:04:34.061,1.30979,1.30984
2013.03.08 01:04:34.480,1.30976,1.30984
2013.03.08 01:04:34.662,1.30976,1.30984
2013.03.08 01:04:36.155,1.3097,1.30984
2013.03.08 01:04:37.751,1.30975,1.30984
2013.03.08 01:04:37.812,1.30976,1.30984
2013.03.08 01:04:38.054,1.3098,1.3099
2013.03.08 01:04:38.243,1.30984,1.3099
2013.03.08 01:04:38.481,1.30984,1.30994
2013.03.08 01:04:39.117,1.30984,1.30994
2013.03.08 01:04:39.782,1.30985,1.30993
2013.03.08 01:04:39.905,1.30983,1.30991
2013.03.08 01:04:39.973,1.30983,1.3099
2013.03.08 01:04:40.092,1.30979,1.3099
2013.03.08 01:04:40.211,1.30978,1.30987
2013.03.08 01:04:40.751,1.30974,1.30985
2013.03.08 01:04:40.871,1.30974,1.30984
2013.03.08 01:04:41.420,1.30973,1.3098
2013.03.08 01:04:41.781,1.30971,1.3098
2013.03.08 01:04:42.141,1.30968,1.30979
2013.03.08 01:04:43.681,1.30968,1.30978
2013.03.08 01:04:44.672,1.30966,1.30975
2013.03.08 01:04:44.971,1.30971,1.30978
2013.03.08 01:04:45.270,1.30972,1.30981
2013.03.08 01:04:45.751,1.30972,1.30981
2013.03.08 01:04:56.140,1.30972,1.30979
2013.03.08 01:04:58.251,1.30971,1.30981
2013.03.08 01:04:58.821,1.30971,1.30981
2013.03.08 01:04:59.240,1.30971,1.30981
2013.03.08 01:05:02.051,1.30975,1.30983
2013.03.08 01:05:02.353,1.3098,1.30989
2013.03.08 01:05:02.413,1.30983,1.30989
2013.03.08 01:05:02.951,1.30984,1.30993
2013.03.08 01:05:09.841,1.30985,1.30993
2013.03.08 01:05:10.453,1.30985,1.30993
2013.03.08 01:05:13.671,1.30985,1.30995
2013.03.08 01:05:13.791,1.30984,1.30992
2013.03.08 01:05:14.150,1.30982,1.30992
2013.03.08 01:05:15.810,1.30983,1.30992
2013.03.08 01:05:16.111,1.30983,1.30992
2013.03.08 01:05:16.901,1.30983,1.30992
2013.03.08 01:05:22.173,1.30984,1.30992
2013.03.08 01:05:55.712,1.30984,1.30991
2013.03.08 01:05:56.591,1.30983,1.3099
2013.03.08 01:05:56.892,1.30983,1.3099
2013.03.08 01:05:57.011,1.30982,1.3099
2013.03.08 01:06:14.191,1.30984,1.30991
2013.03.08 01:06:17.261,1.30984,1.3099
2013.03.08 01:06:19.761,1.30985,1.30992
2013.03.08 01:06:22.481,1.30984,1.30991
2013.03.08 01:06:24.841,1.30983,1.3099
2013.03.08 01:06:25.581,1.30981,1.3099
2013.03.08 01:06:26.961,1.30981,1.3099
2013.03.08 01:06:27.982,1.3098,1.30988
2013.03.08 01:06:28.731,1.30979,1.30987
2013.03.08 01:06:28.792,1.30978,1.30986
2013.03.08 01:06:29.151,1.30977,1.30985
2013.03.08 01:06:29.510,1.30977,1.30986
2013.03.08 01:06:43.891,1.30979,1.30986
2013.03.08 01:06:44.822,1.30981,1.30986
2013.03.08 01:06:44.882,1.30983,1.30988
2013.03.08 01:06:44.943,1.30983,1.30991
2013.03.08 01:06:45.062,1.30984,1.30992
2013.03.08 01:06:45.182,1.30986,1.30992
2013.03.08 01:06:45.422,1.30986,1.30992
2013.03.08 01:06:45.961,1.30986,1.30994
2013.03.08 01:06:47.817,1.30986,1.30994
2013.03.08 01:06:47.942,1.30986,1.30995
2013.03.08 01:06:50.912,1.30986,1.30995
2013.03.08 01:06:55.022,1.30986,1.30995
2013.03.08 01:06:55.202,1.30986,1.30994
2013.03.08 01:06:58.683,1.30987,1.30996
2013.03.08 01:06:58.922,1.30987,1.30996
2013.03.08 01:07:00.393,1.30986,1.30995
2013.03.08 01:07:02.382,1.30984,1.30992
2013.03.08 01:07:02.442,1.30984,1.30992
2013.03.08 01:07:02.943,1.30985,1.30993
2013.03.08 01:07:03.801,1.30987,1.30995
2013.03.08 01:07:04.952,1.30986,1.30995
