Time,Bid,Ask
2013.03.13 00:00:00.309,1.30301,1.30308
2013.03.13 00:00:00.925,1.30302,1.30309
2013.03.13 00:00:01.465,1.30301,1.30309
2013.03.13 00:00:01.645,1.30304,1.3031
2013.03.13 00:00:02.157,1.30302,1.30309
2013.03.13 00:00:02.615,1.30301,1.30309
2013.03.13 00:00:02.915,1.30301,1.30309
2013.03.13 00:00:03.225,1.30301,1.30307
2013.03.13 00:00:03.595,1.30302,1.30307
2013.03.13 00:00:06.227,1.30302,1.30308
2013.03.13 00:00:06.777,1.30301,1.30307
2013.03.13 00:00:07.896,1.30303,1.30309
2013.03.13 00:00:09.888,1.30302,1.30307
2013.03.13 00:00:10.366,1.30302,1.30308
2013.03.13 00:00:10.847,1.30301,1.30307
2013.03.13 00:00:11.167,1.30301,1.30305
2013.03.13 00:00:11.707,1.30299,1.30305
2013.03.13 00:00:12.846,1.30301,1.30306
2013.03.13 00:00:13.208,1.30299,1.30306
2013.03.13 00:00:13.337,1.30297,1.30306
2013.03.13 00:00:13.517,1.30295,1.30302
2013.03.13 00:00:13.816,1.30293,1.303
2013.03.13 00:00:13.881,1.30293,1.303
2013.03.13 00:00:14.188,1.30292,1.30296
2013.03.13 00:00:14.821,1.30291,1.30297
2013.03.13 00:00:14.899,1.30288,1.30294
2013.03.13 00:00:16.058,1.30289,1.30295
2013.03.13 00:00:16.356,1.3029,1.30296
2013.03.13 00:00:16.597,1.30289,1.30297
2013.03.13 00:00:20.158,1.30289,1.30297
2013.03.13 00:00:24.086,1.30289,1.30298
2013.03.13 00:00:27.906,1.30289,1.30297
2013.03.13 00:00:41.667,1.3029,1.30298
2013.03.13 00:00:42.207,1.3029,1.30296
2013.03.13 00:00:42.507,1.30288,1.30294
2013.03.13 00:00:42.806,1.30288,1.30296
2013.03.13 00:00:43.149,1.30288,1.30296
2013.03.13 00:00:43.697,1.30287,1.30294
2013.03.13 00:00:43.878,1.30287,1.30294
2013.03.13 00:00:45.550,1.30288,1.30294
2013.03.13 00:00:45.797,1.30288,1.30296
2013.03.13 00:00:45.857,1.30288,1.30296
2013.03.13 00:00:46.158,1.30286,1.30292
2013.03.13 00:00:46.397,1.30285,1.30292
2013.03.13 00:00:46.576,1.30284,1.30291
2013.03.13 00:00:47.117,1.30283,1.3029
2013.03.13 00:00:49.101,1.30281,1.30288
2013.03.13 00:00:49.409,1.30282,1.30289
2013.03.13 00:00:49.767,1.30282,1.3029
2013.03.13 00:00:50.748,1.30283,1.3029
2013.03.13 00:00:51.048,1.30286,1.30292
2013.03.13 00:00:53.667,1.30286,1.30293
2013.03.13 00:00:56.618,1.30286,1.30293
2013.03.13 00:00:57.656,1.30286,1.30293
2013.03.13 00:00:59.697,1.30288,1.30295
2013.03.13 00:00:59.819,1.30288,1.30297
2013.03.13 00:01:00.127,1.30291,1.30298
2013.03.13 00:01:01.678,1.30294,1.303
2013.03.13 00:01:01.920,1.30295,1.30301
2013.03.13 00:01:02.230,1.30298,1.30304
2013.03.13 00:01:02.358,1.30298,1.30305
2013.03.13 00:01:02.781,1.30298,1.30305
2013.03.13 00:01:03.418,1.303,1.30308
2013.03.13 00:01:03.957,1.303,1.30308
2013.03.13 00:01:04.318,1.303,1.30306
2013.03.13 00:01:04.501,1.30299,1.30305
2013.03.13 00:01:04.569,1.30299,1.30306
2013.03.13 00:01:04.817,1.30296,1.30304
2013.03.13 00:01:05.059,1.30296,1.30302
2013.03.13 00:01:05.758,1.30296,1.30301
2013.03.13 00:01:05.842,1.30294,1.30301
2013.03.13 00:01:06.088,1.30292,1.30301
2013.03.13 00:01:06.942,1.30291,1.30301
2013.03.13 00:01:07.486,1.30291,1.30299
2013.03.13 00:01:07.847,1.3029,1.30298
2013.03.13 00:01:10.537,1.30289,1.30297
2013.03.13 00:01:11.159,1.30289,1.30295
2013.03.13 00:01:11.699,1.30287,1.30295
2013.03.13 00:01:12.227,1.30286,1.30294
2013.03.13 00:01:13.069,1.30285,1.30293
2013.03.13 00:01:13.487,1.30284,1.30292
2013.03.13 00:01:14.138,1.30283,1.30291
2013.03.13 00:01:14.258,1.30282,1.3029
2013.03.13 00:01:14.379,1.30281,1.30289
2013.03.13 00:01:14.557,1.3028,1.30288
2013.03.13 00:01:14.859,1.30278,1.30286
2013.03.13 00:01:15.827,1.3028,1.30286
2013.03.13 00:01:16.558,1.3028,1.30288
2013.03.13 00:01:16.618,1.30281,1.30289
2013.03.13 00:01:16.743,1.30281,1.30286
2013.03.13 00:01:16.930,1.30281,1.30288
2013.03.13 00:01:17.487,1.30281,1.30287
2013.03.13 00:01:17.820,1.30279,1.30287
2013.03.13 00:01:17.947,1.30279,1.30285
2013.03.13 00:01:18.127,1.30279,1.30285
2013.03.13 00:01:18.668,1.30278,1.30283
2013.03.13 00:01:18.968,1.30276,1.30283
2013.03.13 00:01:19.508,1.30275,1.30282
2013.03.13 00:01:20.030,1.30274,1.30281
2013.03.13 00:01:20.099,1.30271,1.30278
2013.03.13 00:01:20.707,1.3027,1.30278
2013.03.13 00:01:21.218,1.3027,1.30278
2013.03.13 00:01:21.337,1.3027,1.30277
2013.03.13 00:01:21.639,1.30273,1.3028
2013.03.13 00:01:21.999,1.30273,1.30281
2013.03.13 00:01:22.068,1.30274,1.30282
2013.03.13 00:01:22.307,1.30277,1.30283
2013.03.13 00:01:22.917,1.30278,1.30285
2013.03.13 00:01:24.036,1.30278,1.30285
2013.03.13 00:01:24.369,1.30278,1.30285
2013.03.13 00:01:27.120,1.30278,1.30284
2013.03.13 00:01:27.548,1.30276,1.30282
2013.03.13 00:01:27.728,1.30273,1.3028
2013.03.13 00:01:27.848,1.30271,1.3028
2013.03.13 00:01:28.209,1.30268,1.30277
2013.03.13 00:01:28.399,1.30268,1.30275
2013.03.13 00:01:28.917,1.30268,1.30275
2013.03.13 00:01:29.658,1.30268,1.30275
2013.03.13 00:01:30.467,1.30268,1.30275
2013.03.13 00:01:31.126,1.30269,1.30277
2013.03.13 00:01:31.747,1.30271,1.30278
2013.03.13 00:01:31.808,1.30271,1.30278
2013.03.13 00:01:32.770,1.30271,1.30278
2013.03.13 00:01:33.317,1.30271,1.30277
2013.03.13 00:01:34.026,1.30271,1.30277
2013.03.13 00:01:34.597,1.30271,1.30277
2013.03.13 00:01:36.878,1.3027,1.30277
2013.03.13 00:01:37.417,1.30271,1.30277
2013.03.13 00:01:37.992,1.30269,1.30277
2013.03.13 00:01:39.436,1.30269,1.30275
2013.03.13 00:01:40.049,1.30271,1.30275
2013.03.13 00:01:40.357,1.30272,1.30279
2013.03.13 00:01:40.908,1.30274,1.3028
2013.03.13 00:01:42.438,1.30274,1.30279
2013.03.13 00:01:42.498,1.30274,1.3028
2013.03.13 00:01:42.798,1.30276,1.30282
2013.03.13 00:01:42.863,1.30276,1.30286
2013.03.13 00:01:42.988,1.30279,1.30287
2013.03.13 00:01:43.288,1.30281,1.30286
2013.03.13 00:01:43.827,1.3028,1.30286
2013.03.13 00:01:44.787,1.30281,1.30287
2013.03.13 00:01:45.448,1.3028,1.30286
2013.03.13 00:01:46.854,1.30279,1.30285
2013.03.13 00:01:48.399,1.30278,1.30284
2013.03.13 00:01:49.770,1.30276,1.30283
2013.03.13 00:01:50.281,1.30276,1.30282
2013.03.13 00:01:51.647,1.30276,1.30282
2013.03.13 00:01:52.162,1.30276,1.30282
2013.03.13 00:01:53.607,1.30276,1.30282
2013.03.13 00:01:54.144,1.30276,1.30282
2013.03.13 00:01:54.330,1.30274,1.30281
2013.03.13 00:01:54.459,1.30272,1.30278
2013.03.13 00:01:54.638,1.30269,1.30277
2013.03.13 00:01:54.758,1.30269,1.30277
2013.03.13 00:01:55.177,1.30269,1.30275
2013.03.13 00:01:58.957,1.30269,1.30275
2013.03.13 00:01:59.198,1.30269,1.30275
2013.03.13 00:02:00.170,1.30271,1.30277
2013.03.13 00:02:00.674,1.30271,1.30277
2013.03.13 00:02:01.508,1.30271,1.30277
2013.03.13 00:02:02.062,1.30271,1.30277
2013.03.13 00:02:02.721,1.30271,1.30277
2013.03.13 00:02:04.688,1.30271,1.30277
2013.03.13 00:02:05.227,1.30271,1.30277
2013.03.13 00:02:05.730,1.30271,1.30277
2013.03.13 00:02:06.287,1.30271,1.30277
2013.03.13 00:02:06.591,1.30271,1.30277
2013.03.13 00:02:07.137,1.30271,1.30277
2013.03.13 00:02:07.687,1.30271,1.30277
2013.03.13 00:02:09.227,1.30271,1.30277
2013.03.13 00:02:09.771,1.30271,1.30277
2013.03.13 00:02:10.325,1.30271,1.30277
2013.03.13 00:02:11.230,1.30271,1.30277
2013.03.13 00:02:11.477,1.30271,1.30278
2013.03.13 00:02:13.247,1.3027,1.30277
2013.03.13 00:02:13.797,1.3027,1.30276
2013.03.13 00:02:15.917,1.3027,1.30276
2013.03.13 00:02:18.557,1.30268,1.30274
2013.03.13 00:02:21.347,1.30268,1.30274
2013.03.13 00:02:26.287,1.30267,1.30273
2013.03.13 00:02:26.857,1.30267,1.30274
2013.03.13 00:02:28.267,1.30267,1.30274
2013.03.13 00:02:30.377,1.30268,1.30276
2013.03.13 00:02:30.857,1.3027,1.30276
2013.03.13 00:02:32.777,1.3027,1.30278
2013.03.13 00:02:35.497,1.3027,1.30278
2013.03.13 00:02:35.808,1.3027,1.30276
2013.03.13 00:02:44.857,1.3027,1.30276
2013.03.13 00:02:53.547,1.30271,1.30276
2013.03.13 00:02:53.608,1.30272,1.30279
2013.03.13 00:02:53.669,1.30273,1.30282
2013.03.13 00:02:53.848,1.30273,1.30284
2013.03.13 00:02:53.907,1.30274,1.30285
2013.03.13 00:02:54.447,1.30276,1.30284
2013.03.13 00:02:54.807,1.3028,1.30287
2013.03.13 00:02:57.098,1.30281,1.30288
2013.03.13 00:02:57.458,1.30282,1.30288
2013.03.13 00:02:57.998,1.30282,1.30289
2013.03.13 00:02:58.549,1.30283,1.30289
2013.03.13 00:02:58.858,1.30284,1.3029
2013.03.13 00:02:59.497,1.30285,1.30291
2013.03.13 00:03:00.187,1.30287,1.30294
2013.03.13 00:03:02.552,1.30287,1.30295
2013.03.13 00:03:03.188,1.30291,1.30298
2013.03.13 00:03:03.367,1.30292,1.303
2013.03.13 00:03:03.727,1.30295,1.303
2013.03.13 00:03:04.387,1.30294,1.30298
2013.03.13 00:03:05.592,1.30294,1.30298
2013.03.13 00:03:06.098,1.30291,1.30297
2013.03.13 00:03:06.158,1.30288,1.30296
2013.03.13 00:03:06.218,1.30288,1.30296
2013.03.13 00:03:06.834,1.30287,1.30294
2013.03.13 00:03:10.747,1.3029,1.30295
2013.03.13 00:03:11.297,1.30288,1.30295
2013.03.13 00:03:13.228,1.30288,1.30295
2013.03.13 00:03:13.708,1.30291,1.30297
2013.03.13 00:03:13.949,1.30291,1.30296
2013.03.13 00:03:14.069,1.3029,1.30296
2013.03.13 00:03:14.128,1.30288,1.30296
2013.03.13 00:03:14.188,1.30288,1.30294
2013.03.13 00:03:14.787,1.3029,1.30297
2013.03.13 00:03:15.328,1.30292,1.30296
2013.03.13 00:03:15.868,1.3029,1.30294
2013.03.13 00:03:16.288,1.30292,1.30296
2013.03.13 00:03:16.469,1.30294,1.30298
2013.03.13 00:03:17.550,1.30291,1.30299
2013.03.13 00:03:18.107,1.30293,1.30299
2013.03.13 00:03:19.436,1.30291,1.30296
2013.03.13 00:03:19.679,1.30289,1.30296
2013.03.13 00:03:19.799,1.30288,1.30296
2013.03.13 00:03:20.162,1.30288,1.30294
2013.03.13 00:03:20.609,1.30287,1.30294
2013.03.13 00:03:20.847,1.30287,1.30293
2013.03.13 00:03:21.088,1.30287,1.30294
2013.03.13 00:03:21.148,1.30287,1.30295
2013.03.13 00:03:21.207,1.30288,1.30296
2013.03.13 00:03:21.509,1.30291,1.30297
2013.03.13 00:03:21.630,1.30293,1.30297
2013.03.13 00:03:22.178,1.30292,1.30298
2013.03.13 00:03:23.827,1.30291,1.30299
2013.03.13 00:03:23.952,1.30293,1.30301
2013.03.13 00:03:24.257,1.30293,1.30301
2013.03.13 00:03:24.888,1.30294,1.30301
2013.03.13 00:03:29.517,1.30294,1.30299
2013.03.13 00:03:29.758,1.30292,1.30298
2013.03.13 00:03:30.178,1.3029,1.30295
2013.03.13 00:03:30.725,1.30289,1.30294
2013.03.13 00:03:31.563,1.30287,1.30294
2013.03.13 00:03:32.857,1.30288,1.30294
2013.03.13 00:03:33.098,1.30288,1.30296
2013.03.13 00:03:33.217,1.30292,1.30298
2013.03.13 00:03:33.339,1.30294,1.30301
2013.03.13 00:03:33.637,1.30295,1.30301
2013.03.13 00:03:36.520,1.30296,1.30301
2013.03.13 00:03:36.768,1.30296,1.30302
2013.03.13 00:03:36.829,1.30296,1.30304
2013.03.13 00:03:37.337,1.30297,1.30305
2013.03.13 00:03:37.397,1.30299,1.30305
2013.03.13 00:03:37.947,1.303,1.30306
2013.03.13 00:03:38.469,1.303,1.30307
2013.03.13 00:03:39.657,1.30301,1.30308
2013.03.13 00:03:40.927,1.30304,1.30311
2013.03.13 00:03:43.529,1.30304,1.3031
2013.03.13 00:03:43.827,1.30302,1.30308
2013.03.13 00:03:44.010,1.303,1.30307
2013.03.13 00:03:44.317,1.30297,1.30303
2013.03.13 00:03:44.439,1.30295,1.30302
2013.03.13 00:03:44.618,1.30295,1.30302
2013.03.13 00:03:47.307,1.30296,1.30302
2013.03.13 00:03:48.158,1.30296,1.30302
2013.03.13 00:03:48.278,1.30295,1.303
2013.03.13 00:03:48.340,1.30292,1.303
2013.03.13 00:03:48.408,1.30291,1.30298
2013.03.13 00:03:48.527,1.30289,1.30297
2013.03.13 00:03:49.068,1.30289,1.30294
2013.03.13 00:03:49.677,1.30288,1.30294
2013.03.13 00:03:50.488,1.30288,1.30294
2013.03.13 00:03:51.217,1.30288,1.30295
2013.03.13 00:03:51.278,1.30288,1.30295
2013.03.13 00:03:51.400,1.30289,1.30296
2013.03.13 00:03:51.528,1.30289,1.30297
2013.03.13 00:03:51.887,1.3029,1.30297
2013.03.13 00:03:54.017,1.30291,1.30298
2013.03.13 00:03:57.538,1.30293,1.30298
2013.03.13 00:03:57.599,1.30292,1.303
2013.03.13 00:03:57.777,1.30294,1.303
2013.03.13 00:03:58.317,1.30295,1.303
2013.03.13 00:04:00.538,1.30296,1.30301
2013.03.13 00:04:00.917,1.30296,1.30303
2013.03.13 00:04:01.098,1.30296,1.30301
2013.03.13 00:04:01.220,1.30291,1.30299
2013.03.13 00:04:01.528,1.30288,1.30297
2013.03.13 00:04:01.768,1.30288,1.30294
2013.03.13 00:04:02.307,1.30288,1.30293
2013.03.13 00:04:04.137,1.30288,1.30294
2013.03.13 00:04:04.687,1.30288,1.30294
2013.03.13 00:04:16.359,1.30288,1.30294
2013.03.13 00:04:20.726,1.30288,1.30294
2013.03.13 00:04:21.407,1.30288,1.30294
2013.03.13 00:04:22.477,1.30289,1.30295
2013.03.13 00:04:26.258,1.30289,1.30295
2013.03.13 00:04:27.267,1.30288,1.30294
2013.03.13 00:04:27.929,1.30288,1.30294
2013.03.13 00:04:28.239,1.30286,1.30293
2013.03.13 00:04:28.418,1.30287,1.30293
2013.03.13 00:04:28.957,1.30288,1.30293
2013.03.13 00:04:30.178,1.30287,1.30293
2013.03.13 00:04:30.358,1.30286,1.30293
2013.03.13 00:04:30.781,1.30285,1.30291
2013.03.13 00:04:31.327,1.30285,1.30291
2013.03.13 00:04:31.948,1.30285,1.30293
2013.03.13 00:04:33.768,1.30285,1.30292
2013.03.13 00:04:42.164,1.30284,1.30291
2013.03.13 00:04:42.290,1.30283,1.30291
2013.03.13 00:04:42.419,1.30282,1.3029
2013.03.13 00:04:42.718,1.30283,1.30288
2013.03.13 00:04:43.079,1.3028,1.30286
2013.03.13 00:04:43.382,1.30281,1.30287
2013.03.13 00:04:43.627,1.30282,1.30287
2013.03.13 00:04:44.897,1.3028,1.30287
2013.03.13 00:04:47.008,1.3028,1.30287
2013.03.13 00:04:47.548,1.3028,1.30286
2013.03.13 00:04:47.848,1.30282,1.30289
2013.03.13 00:04:48.270,1.30284,1.3029
2013.03.13 00:04:48.865,1.30282,1.3029
2013.03.13 00:04:50.678,1.30282,1.30289
2013.03.13 00:04:50.858,1.30282,1.30289
2013.03.13 00:04:51.398,1.30282,1.30289
2013.03.13 00:04:52.087,1.30281,1.30288
2013.03.13 00:04:52.868,1.30282,1.30288
2013.03.13 00:04:53.108,1.30281,1.30288
2013.03.13 00:04:59.070,1.30282,1.30288
2013.03.13 00:04:59.320,1.30279,1.30287
2013.03.13 00:04:59.508,1.30278,1.30284
2013.03.13 00:04:59.569,1.30278,1.30284
2013.03.13 00:04:59.928,1.30275,1.30282
2013.03.13 00:05:00.167,1.30275,1.3028
2013.03.13 00:05:02.213,1.30275,1.30282
2013.03.13 00:05:05.267,1.30274,1.30282
2013.03.13 00:05:10.465,1.30276,1.30281
2013.03.13 00:05:14.418,1.30275,1.30281
2013.03.13 00:05:17.427,1.30276,1.30281
2013.03.13 00:05:17.787,1.30275,1.30282
2013.03.13 00:05:19.428,1.30276,1.30281
2013.03.13 00:05:21.051,1.30276,1.30282
2013.03.13 00:05:28.987,1.30275,1.30281
2013.03.13 00:05:41.277,1.30275,1.30282
2013.03.13 00:05:43.055,1.30275,1.30281
2013.03.13 00:05:43.417,1.30274,1.30279
2013.03.13 00:05:57.207,1.30273,1.30279
2013.03.13 00:06:02.359,1.30273,1.30279
2013.03.13 00:06:02.898,1.30272,1.30278
2013.03.13 00:06:11.618,1.30272,1.30278
2013.03.13 00:06:14.677,1.30273,1.3028
2013.03.13 00:06:23.850,1.30274,1.3028
2013.03.13 00:06:51.858,1.30275,1.3028
2013.03.13 00:06:52.219,1.30277,1.30282
2013.03.13 00:06:52.458,1.30276,1.30282
2013.03.13 00:06:53.689,1.30276,1.30282
2013.03.13 00:06:53.868,1.30274,1.30282
2013.03.13 00:06:55.157,1.30274,1.3028
2013.03.13 00:06:55.688,1.30274,1.3028
2013.03.13 00:07:03.555,1.30276,1.30282
2013.03.13 00:07:03.678,1.30276,1.30282
2013.03.13 00:07:03.799,1.30276,1.30282
2013.03.13 00:07:03.858,1.30277,1.30283
2013.03.13 00:07:03.920,1.30277,1.30284
2013.03.13 00:07:04.099,1.30278,1.30284
2013.03.13 00:07:04.407,1.30279,1.30284
2013.03.13 00:07:04.947,1.3028,1.30285
2013.03.13 00:07:05.248,1.3028,1.30286
2013.03.13 00:07:16.158,1.3028,1.30287
2013.03.13 00:07:16.218,1.30281,1.30288
2013.03.13 00:07:21.399,1.30282,1.30289
2013.03.13 00:07:34.129,1.30285,1.30292
2013.03.13 00:07:51.948,1.30284,1.3029
2013.03.13 00:08:24.427,1.30281,1.30289
2013.03.13 00:08:24.549,1.30279,1.30287
2013.03.13 00:08:24.608,1.30278,1.30287
2013.03.13 00:08:25.149,1.30276,1.30283
2013.03.13 00:08:25.208,1.30276,1.30282
2013.03.13 00:08:29.740,1.30276,1.30282
2013.03.13 00:08:35.737,1.30276,1.30282
2013.03.13 00:08:46.210,1.30275,1.30282
2013.03.13 00:08:47.888,1.30273,1.3028
2013.03.13 00:08:47.948,1.30272,1.30279
2013.03.13 00:08:48.308,1.30274,1.30278
2013.03.13 00:08:48.734,1.30275,1.3028
2013.03.13 00:08:49.939,1.30275,1.3028
2013.03.13 00:09:11.289,1.30276,1.3028
2013.03.13 00:09:12.038,1.30276,1.3028
2013.03.13 00:09:13.067,1.30276,1.3028
2013.03.13 00:09:16.458,1.30276,1.3028
2013.03.13 00:09:16.999,1.30274,1.3028
2013.03.13 00:09:23.760,1.30274,1.3028
2013.03.13 00:09:34.698,1.30274,1.30279
2013.03.13 00:09:37.031,1.30275,1.3028
2013.03.13 00:09:37.678,1.30275,1.30281
2013.03.13 00:09:43.898,1.30274,1.3028
2013.03.13 00:09:44.647,1.30276,1.30284
2013.03.13 00:09:44.708,1.30274,1.30283
2013.03.13 00:09:44.889,1.30274,1.30282
2013.03.13 00:09:45.071,1.30273,1.30282
2013.03.13 00:09:47.580,1.30272,1.30279
2013.03.13 00:09:48.578,1.30271,1.30278
2013.03.13 00:09:48.938,1.30273,1.30277
2013.03.13 00:09:49.498,1.30272,1.30277
2013.03.13 00:09:56.608,1.30272,1.30277
2013.03.13 00:09:58.907,1.30272,1.30277
2013.03.13 00:09:59.268,1.30274,1.30277
2013.03.13 00:09:59.447,1.30276,1.30281
2013.03.13 00:10:00.137,1.30275,1.3028
2013.03.13 00:10:04.959,1.30276,1.30281
2013.03.13 00:10:05.518,1.30275,1.30279
2013.03.13 00:10:06.030,1.30273,1.30279
2013.03.13 00:10:07.018,1.30273,1.30279
2013.03.13 00:10:07.538,1.30273,1.30279
2013.03.13 00:10:09.391,1.30273,1.30278
2013.03.13 00:10:09.579,1.30271,1.30277
2013.03.13 00:10:09.639,1.30272,1.30278
2013.03.13 00:10:10.178,1.30273,1.30278
2013.03.13 00:10:11.758,1.30273,1.3028
2013.03.13 00:10:11.877,1.30273,1.30278
2013.03.13 00:10:13.427,1.30273,1.3028
2013.03.13 00:10:14.359,1.30273,1.3028
2013.03.13 00:10:16.040,1.30273,1.30278
2013.03.13 00:10:16.108,1.30271,1.30277
2013.03.13 00:10:16.288,1.3027,1.30278
2013.03.13 00:10:16.590,1.30268,1.30275
2013.03.13 00:10:16.650,1.30267,1.30275
2013.03.13 00:10:16.718,1.30266,1.30274
2013.03.13 00:10:17.558,1.30268,1.30274
2013.03.13 00:10:18.302,1.30268,1.30273
2013.03.13 00:10:22.907,1.30268,1.30274
2013.03.13 00:10:43.168,1.30269,1.30275
2013.03.13 00:10:43.408,1.30271,1.30278
2013.03.13 00:10:43.588,1.30273,1.3028
2013.03.13 00:10:44.100,1.30275,1.3028
2013.03.13 00:10:45.887,1.30274,1.3028
2013.03.13 00:10:46.308,1.30274,1.30281
2013.03.13 00:10:46.547,1.30274,1.3028
2013.03.13 00:10:54.772,1.30275,1.3028
2013.03.13 00:11:02.390,1.30275,1.30281
2013.03.13 00:11:03.138,1.30275,1.30282
2013.03.13 00:11:04.620,1.30278,1.30282
2013.03.13 00:11:06.118,1.30278,1.30282
2013.03.13 00:11:14.188,1.30278,1.30283
2013.03.13 00:11:14.489,1.30274,1.3028
2013.03.13 00:11:15.028,1.30274,1.3028
2013.03.13 00:11:51.172,1.30273,1.30281
2013.03.13 00:12:05.267,1.30273,1.30281
2013.03.13 00:12:09.218,1.30273,1.3028
2013.03.13 00:12:16.147,1.30275,1.3028
2013.03.13 00:12:17.647,1.30275,1.3028
2013.03.13 00:12:26.457,1.30275,1.30281
2013.03.13 00:12:34.747,1.30275,1.30281
2013.03.13 00:12:39.768,1.30275,1.30282
2013.03.13 00:12:45.297,1.30275,1.30281
2013.03.13 00:12:52.208,1.30275,1.30282
2013.03.13 00:12:52.739,1.30275,1.30281
2013.03.13 00:12:55.129,1.30275,1.3028
2013.03.13 00:13:09.998,1.30275,1.30281
2013.03.13 00:13:10.548,1.30275,1.30281
2013.03.13 00:13:11.249,1.30275,1.30281
2013.03.13 00:13:12.898,1.30275,1.30281
2013.03.13 00:13:14.809,1.30277,1.30281
2013.03.13 00:13:26.988,1.30277,1.30282
2013.03.13 00:13:29.038,1.30277,1.30282
2013.03.13 00:13:29.399,1.3028,1.30285
2013.03.13 00:13:29.459,1.3028,1.30285
2013.03.13 00:13:29.519,1.3028,1.30285
2013.03.13 00:13:29.578,1.3028,1.30289
2013.03.13 00:13:29.639,1.30283,1.30291
2013.03.13 00:13:30.178,1.30284,1.30291
2013.03.13 00:13:32.719,1.30284,1.30291
2013.03.13 00:13:33.101,1.30284,1.30293
2013.03.13 00:13:36.259,1.30286,1.30293
2013.03.13 00:13:39.068,1.30287,1.30293
2013.03.13 00:13:49.128,1.30287,1.30293
2013.03.13 00:13:49.668,1.30285,1.30292
2013.03.13 00:13:50.353,1.30284,1.30291
2013.03.13 00:13:50.538,1.30286,1.30291
2013.03.13 00:13:50.839,1.30287,1.30293
2013.03.13 00:13:51.379,1.30287,1.30293
2013.03.13 00:13:51.917,1.30287,1.30293
2013.03.13 00:13:57.139,1.30286,1.30294
2013.03.13 00:13:57.382,1.30286,1.30293
2013.03.13 00:13:58.278,1.30285,1.30292
2013.03.13 00:13:58.818,1.30286,1.30293
2013.03.13 00:14:03.139,1.30286,1.30292
2013.03.13 00:14:04.838,1.30286,1.30292
2013.03.13 00:14:05.342,1.30286,1.30292
2013.03.13 00:14:22.538,1.30286,1.3029
2013.03.13 00:14:24.560,1.30283,1.30289
2013.03.13 00:14:25.149,1.30281,1.30289
2013.03.13 00:14:30.610,1.30281,1.30287
2013.03.13 00:14:32.320,1.30278,1.30283
2013.03.13 00:14:32.678,1.30278,1.30285
2013.03.13 00:14:32.739,1.30279,1.30286
2013.03.13 00:14:32.799,1.3028,1.30286
2013.03.13 00:14:33.849,1.30281,1.30286
2013.03.13 00:14:34.498,1.30282,1.30286
2013.03.13 00:14:35.481,1.30283,1.30287
2013.03.13 00:14:39.248,1.30286,1.3029
2013.03.13 00:14:41.409,1.30285,1.3029
2013.03.13 00:14:41.948,1.30285,1.3029
2013.03.13 00:14:43.819,1.30284,1.3029
2013.03.13 00:14:44.188,1.30281,1.30288
2013.03.13 00:14:44.250,1.3028,1.30288
2013.03.13 00:14:44.766,1.3028,1.30285
2013.03.13 00:14:44.851,1.30277,1.30284
2013.03.13 00:14:50.150,1.30278,1.30283
2013.03.13 00:14:51.258,1.30278,1.30284
2013.03.13 00:14:51.498,1.30278,1.30283
2013.03.13 00:14:54.727,1.30278,1.30284
2013.03.13 00:14:55.569,1.3028,1.30284
2013.03.13 00:14:58.068,1.30281,1.30285
2013.03.13 00:14:58.369,1.30283,1.30287
2013.03.13 00:14:59.001,1.3028,1.30285
2013.03.13 00:14:59.669,1.3028,1.30285
2013.03.13 00:15:00.188,1.3028,1.30285
2013.03.13 00:15:00.731,1.30279,1.30285
2013.03.13 00:15:04.838,1.30279,1.30285
2013.03.13 00:15:05.989,1.30279,1.30283
2013.03.13 00:15:10.359,1.30279,1.30284
2013.03.13 00:15:11.949,1.30279,1.30283
2013.03.13 00:15:14.539,1.30279,1.30285
2013.03.13 00:15:17.608,1.30279,1.30285
2013.03.13 00:15:20.688,1.30278,1.30285
2013.03.13 00:15:21.049,1.30276,1.30283
2013.03.13 00:15:21.949,1.30275,1.3028
2013.03.13 00:15:22.489,1.30276,1.3028
2013.03.13 00:15:27.272,1.30276,1.3028
2013.03.13 00:15:27.579,1.30277,1.30284
2013.03.13 00:15:27.699,1.30277,1.30282
2013.03.13 00:15:33.970,1.30277,1.30282
2013.03.13 00:15:36.488,1.30278,1.30283
2013.03.13 00:15:38.309,1.30279,1.30283
2013.03.13 00:15:38.490,1.3028,1.30288
2013.03.13 00:15:38.611,1.3028,1.30284
2013.03.13 00:15:39.332,1.30279,1.30284
2013.03.13 00:15:44.959,1.30278,1.30285
2013.03.13 00:15:47.828,1.3028,1.30285
2013.03.13 00:15:53.060,1.30277,1.30285
2013.03.13 00:15:53.608,1.30277,1.30284
2013.03.13 00:15:55.208,1.30277,1.30283
2013.03.13 00:16:01.010,1.30276,1.30283
2013.03.13 00:16:04.068,1.30276,1.30283
2013.03.13 00:16:05.199,1.30276,1.30283
2013.03.13 00:16:05.318,1.30276,1.30281
2013.03.13 00:16:05.379,1.30275,1.3028
2013.03.13 00:16:05.895,1.30275,1.30279
2013.03.13 00:16:08.099,1.30274,1.30278
2013.03.13 00:16:12.490,1.30274,1.30278
2013.03.13 00:16:13.401,1.30274,1.30278
2013.03.13 00:16:13.580,1.30272,1.30279
2013.03.13 00:16:13.641,1.30269,1.30275
2013.03.13 00:16:13.761,1.30268,1.30274
2013.03.13 00:16:14.609,1.30268,1.30273
2013.03.13 00:16:15.088,1.30268,1.30274
2013.03.13 00:16:15.608,1.30268,1.30274
2013.03.13 00:16:15.909,1.30269,1.30275
2013.03.13 00:16:16.029,1.3027,1.30276
2013.03.13 00:16:16.328,1.30273,1.3028
2013.03.13 00:16:17.980,1.30274,1.3028
2013.03.13 00:16:18.052,1.30277,1.30281
2013.03.13 00:16:18.180,1.30276,1.30283
2013.03.13 00:16:18.360,1.30276,1.30282
2013.03.13 00:16:19.528,1.30275,1.3028
2013.03.13 00:16:27.200,1.30274,1.3028
2013.03.13 00:16:31.449,1.30274,1.3028
2013.03.13 00:16:31.570,1.30271,1.30278
2013.03.13 00:16:31.629,1.3027,1.30278
2013.03.13 00:16:32.168,1.3027,1.30277
2013.03.13 00:16:36.159,1.3027,1.30277
2013.03.13 00:16:39.709,1.3027,1.30277
2013.03.13 00:16:40.679,1.30271,1.30278
2013.03.13 00:16:41.885,1.30271,1.30278
2013.03.13 00:16:46.338,1.30271,1.30278
2013.03.13 00:16:46.965,1.3027,1.30278
2013.03.13 00:16:47.268,1.30271,1.30278
2013.03.13 00:16:47.513,1.30273,1.30281
2013.03.13 00:16:47.758,1.30274,1.30282
2013.03.13 00:16:50.528,1.30274,1.3028
2013.03.13 00:16:51.013,1.30272,1.30279
2013.03.13 00:16:51.200,1.30274,1.3028
2013.03.13 00:16:51.261,1.30274,1.30281
2013.03.13 00:16:53.729,1.30274,1.30281
2013.03.13 00:17:14.549,1.30274,1.3028
2013.03.13 00:17:14.669,1.30273,1.3028
2013.03.13 00:17:18.198,1.30273,1.30281
2013.03.13 00:17:18.738,1.30274,1.30281
2013.03.13 00:17:57.221,1.30274,1.30281
2013.03.13 00:18:13.789,1.30274,1.30282
2013.03.13 00:18:16.200,1.30274,1.3028
2013.03.13 00:18:16.503,1.30272,1.3028
2013.03.13 00:18:16.929,1.30271,1.3028
2013.03.13 00:18:18.209,1.30271,1.30278
2013.03.13 00:18:18.269,1.3027,1.30277
2013.03.13 00:18:18.808,1.3027,1.30276
2013.03.13 00:18:18.929,1.30268,1.30276
2013.03.13 00:18:19.858,1.30268,1.30275
2013.03.13 00:18:22.973,1.30268,1.30274
2013.03.13 00:18:25.409,1.30267,1.30273
2013.03.13 00:18:25.768,1.30265,1.30272
2013.03.13 00:18:26.080,1.30265,1.30272
2013.03.13 00:18:26.591,1.30265,1.30272
2013.03.13 00:18:27.348,1.30265,1.30272
2013.03.13 00:18:29.328,1.30264,1.30272
2013.03.13 00:18:29.449,1.30263,1.30269
2013.03.13 00:18:36.959,1.30263,1.30269
2013.03.13 00:18:47.111,1.30262,1.30266
2013.03.13 00:18:47.361,1.3026,1.30266
2013.03.13 00:18:47.909,1.30259,1.30266
2013.03.13 00:18:47.969,1.30259,1.30264
2013.03.13 00:18:48.211,1.30255,1.30261
2013.03.13 00:18:50.239,1.30255,1.30261
2013.03.13 00:18:52.280,1.30255,1.30262
2013.03.13 00:18:52.339,1.30255,1.30263
2013.03.13 00:18:54.530,1.30255,1.30262
2013.03.13 00:18:54.600,1.30255,1.30262
2013.03.13 00:18:55.263,1.30255,1.30262
2013.03.13 00:18:59.260,1.30255,1.30261
2013.03.13 00:18:59.379,1.30253,1.30259
2013.03.13 00:18:59.929,1.30253,1.30259
2013.03.13 00:19:02.059,1.30253,1.30259
2013.03.13 00:19:02.562,1.30255,1.30262
2013.03.13 00:19:04.109,1.30255,1.30262
2013.03.13 00:19:07.408,1.30255,1.30262
2013.03.13 00:19:07.910,1.30255,1.30262
2013.03.13 00:19:10.629,1.30256,1.30262
2013.03.13 00:19:18.620,1.30255,1.30262
2013.03.13 00:19:20.521,1.30256,1.30262
2013.03.13 00:19:20.792,1.30257,1.30263
2013.03.13 00:19:20.859,1.30257,1.30263
2013.03.13 00:19:21.370,1.30258,1.30265
2013.03.13 00:19:23.010,1.30258,1.30265
2013.03.13 00:19:25.060,1.30257,1.30264
2013.03.13 00:19:25.610,1.30258,1.30265
2013.03.13 00:19:39.220,1.30258,1.30263
2013.03.13 00:19:39.583,1.30261,1.30266
2013.03.13 00:19:39.709,1.30263,1.3027
2013.03.13 00:19:40.009,1.30262,1.3027
2013.03.13 00:19:40.189,1.30264,1.30271
2013.03.13 00:19:40.850,1.30262,1.3027
2013.03.13 00:19:40.970,1.3026,1.30268
2013.03.13 00:19:41.030,1.3026,1.30267
2013.03.13 00:19:41.151,1.30257,1.30265
2013.03.13 00:19:41.689,1.30257,1.30265
2013.03.13 00:19:42.228,1.30257,1.30265
2013.03.13 00:19:44.819,1.30258,1.30265
2013.03.13 00:19:45.179,1.30258,1.30265
2013.03.13 00:19:47.281,1.30257,1.30265
2013.03.13 00:19:47.818,1.30257,1.30265
2013.03.13 00:19:48.059,1.30257,1.30263
2013.03.13 00:19:48.179,1.30255,1.30262
2013.03.13 00:19:50.860,1.30256,1.30263
2013.03.13 00:19:51.049,1.30256,1.30264
2013.03.13 00:19:52.908,1.30258,1.30265
2013.03.13 00:19:53.211,1.30261,1.30265
2013.03.13 00:19:53.333,1.30261,1.30267
2013.03.13 00:19:53.580,1.30264,1.30271
2013.03.13 00:19:53.639,1.30264,1.30272
2013.03.13 00:19:53.819,1.30264,1.30272
2013.03.13 00:19:54.178,1.30266,1.30274
2013.03.13 00:19:55.211,1.30268,1.30274
2013.03.13 00:19:57.089,1.3027,1.30275
2013.03.13 00:19:57.919,1.3027,1.30275
2013.03.13 00:19:58.159,1.30266,1.30274
2013.03.13 00:20:02.709,1.30266,1.30272
2013.03.13 00:20:02.771,1.30266,1.30273
2013.03.13 00:20:03.188,1.30266,1.30273
2013.03.13 00:20:03.889,1.30266,1.30273
2013.03.13 00:20:13.229,1.30266,1.30272
2013.03.13 00:20:33.530,1.30264,1.30271
2013.03.13 00:20:33.829,1.30264,1.3027
2013.03.13 00:20:34.649,1.30264,1.3027
2013.03.13 00:20:54.151,1.30264,1.30268
2013.03.13 00:20:54.453,1.30263,1.30267
2013.03.13 00:20:54.700,1.30259,1.30264
2013.03.13 00:20:55.511,1.30259,1.30263
2013.03.13 00:20:56.069,1.30258,1.30263
2013.03.13 00:20:58.215,1.30259,1.30265
2013.03.13 00:20:58.740,1.30259,1.30265
2013.03.13 00:21:01.069,1.30258,1.30265
2013.03.13 00:21:26.129,1.30258,1.30265
2013.03.13 00:21:30.169,1.30258,1.30265
2013.03.13 00:21:30.705,1.30258,1.30265
2013.03.13 00:21:33.280,1.30258,1.30265
2013.03.13 00:21:33.819,1.30258,1.30265
2013.03.13 00:21:39.549,1.30259,1.30265
2013.03.13 00:21:40.099,1.30259,1.30265
2013.03.13 00:21:52.560,1.3026,1.30265
2013.03.13 00:21:53.951,1.30259,1.30265
2013.03.13 00:21:54.153,1.30261,1.30267
2013.03.13 00:21:54.223,1.3026,1.30269
2013.03.13 00:21:54.470,1.30263,1.3027
2013.03.13 00:21:59.229,1.30265,1.3027
2013.03.13 00:22:00.704,1.30265,1.3027
2013.03.13 00:22:05.834,1.30264,1.3027
2013.03.13 00:22:15.790,1.30264,1.30271
2013.03.13 00:22:18.829,1.30264,1.30269
2013.03.13 00:22:20.410,1.30264,1.3027
2013.03.13 00:22:23.542,1.30264,1.30271
2013.03.13 00:22:32.409,1.30264,1.30271
2013.03.13 00:22:39.520,1.30264,1.30271
2013.03.13 00:22:44.821,1.30262,1.30269
2013.03.13 00:22:45.181,1.30258,1.30266
2013.03.13 00:22:45.310,1.30258,1.30266
2013.03.13 00:22:45.434,1.30256,1.30263
2013.03.13 00:22:45.991,1.30254,1.30263
2013.03.13 00:22:51.050,1.30256,1.30262
2013.03.13 00:22:51.589,1.30256,1.30262
2013.03.13 00:22:52.123,1.30255,1.30262
2013.03.13 00:22:53.039,1.30255,1.30262
2013.03.13 00:22:53.779,1.30255,1.30264
2013.03.13 00:22:54.320,1.30256,1.30264
2013.03.13 00:23:05.609,1.3026,1.30264
2013.03.13 00:23:06.209,1.30259,1.30265
2013.03.13 00:23:06.571,1.30259,1.30266
2013.03.13 00:23:06.642,1.30259,1.30265
2013.03.13 00:23:06.770,1.30259,1.30268
2013.03.13 00:23:06.831,1.30258,1.30267
2013.03.13 00:23:07.370,1.3026,1.30268
2013.03.13 00:23:08.972,1.30261,1.30268
2013.03.13 00:23:09.280,1.30261,1.30267
2013.03.13 00:23:09.340,1.30261,1.30266
2013.03.13 00:23:09.519,1.30261,1.30267
2013.03.13 00:23:09.640,1.30263,1.3027
2013.03.13 00:23:09.699,1.30264,1.3027
2013.03.13 00:23:09.760,1.30265,1.3027
2013.03.13 00:23:11.320,1.30265,1.3027
2013.03.13 00:23:15.800,1.30266,1.30272
2013.03.13 00:23:16.339,1.30266,1.30272
2013.03.13 00:23:16.840,1.30266,1.30271
2013.03.13 00:23:17.380,1.30266,1.30271
2013.03.13 00:23:22.261,1.30266,1.30273
2013.03.13 00:23:22.559,1.30266,1.30275
2013.03.13 00:23:22.622,1.30267,1.30277
2013.03.13 00:23:22.810,1.30272,1.30277
2013.03.13 00:23:23.052,1.30273,1.30281
2013.03.13 00:23:23.300,1.30275,1.30282
2013.03.13 00:23:23.659,1.30275,1.30282
2013.03.13 00:23:27.889,1.30275,1.30282
2013.03.13 00:23:31.579,1.30274,1.30281
2013.03.13 00:23:32.089,1.30274,1.30281
2013.03.13 00:23:34.630,1.30276,1.30283
2013.03.13 00:23:35.144,1.30275,1.30282
2013.03.13 00:23:35.806,1.30275,1.3028
2013.03.13 00:23:36.869,1.30275,1.3028
2013.03.13 00:23:40.619,1.30275,1.3028
2013.03.13 00:23:43.961,1.30274,1.3028
2013.03.13 00:23:46.449,1.30274,1.30281
2013.03.13 00:23:49.050,1.30275,1.30282
2013.03.13 00:23:49.594,1.30275,1.30281
2013.03.13 00:23:57.749,1.30273,1.30281
2013.03.13 00:24:03.569,1.30273,1.30281
2013.03.13 00:24:19.143,1.30273,1.30279
2013.03.13 00:24:23.449,1.30273,1.30279
2013.03.13 00:24:30.770,1.30275,1.3028
2013.03.13 00:24:31.329,1.30274,1.3028
2013.03.13 00:24:34.220,1.30273,1.30279
2013.03.13 00:24:34.580,1.30271,1.30279
2013.03.13 00:24:34.699,1.30267,1.30276
2013.03.13 00:24:37.380,1.30268,1.30274
2013.03.13 00:24:38.499,1.30268,1.30274
2013.03.13 00:24:39.190,1.30269,1.30275
2013.03.13 00:24:39.489,1.30271,1.30277
2013.03.13 00:24:40.150,1.3027,1.30276
2013.03.13 00:24:40.700,1.3027,1.30276
2013.03.13 00:24:46.291,1.3027,1.30276
2013.03.13 00:24:46.840,1.30268,1.30276
2013.03.13 00:24:47.201,1.3027,1.30277
2013.03.13 00:24:47.260,1.30272,1.30277
2013.03.13 00:24:47.439,1.30272,1.30279
2013.03.13 00:24:48.080,1.30274,1.30279
2013.03.13 00:24:49.162,1.30276,1.30279
2013.03.13 00:24:55.399,1.30274,1.3028
2013.03.13 00:24:58.830,1.30274,1.30282
2013.03.13 00:24:59.189,1.30278,1.30284
2013.03.13 00:25:14.539,1.30276,1.30282
2013.03.13 00:25:18.069,1.30276,1.30284
2013.03.13 00:25:20.120,1.30276,1.30283
2013.03.13 00:25:21.429,1.30275,1.30283
2013.03.13 00:25:22.839,1.30276,1.30283
2013.03.13 00:25:25.111,1.30276,1.30281
2013.03.13 00:25:27.850,1.30276,1.30283
2013.03.13 00:25:32.639,1.30276,1.30281
2013.03.13 00:25:36.280,1.30274,1.30281
2013.03.13 00:25:37.039,1.30274,1.3028
2013.03.13 00:25:50.139,1.30274,1.3028
2013.03.13 00:25:53.650,1.30274,1.30279
2013.03.13 00:25:54.190,1.30274,1.30279
2013.03.13 00:26:04.239,1.30275,1.3028
2013.03.13 00:26:04.661,1.30277,1.30281
2013.03.13 00:26:05.342,1.30279,1.30284
2013.03.13 00:26:13.903,1.30275,1.30283
2013.03.13 00:26:13.969,1.30274,1.30281
2013.03.13 00:26:14.091,1.30275,1.30281
2013.03.13 00:26:14.630,1.30277,1.30282
2013.03.13 00:26:15.689,1.30277,1.30284
2013.03.13 00:26:18.129,1.30277,1.30282
2013.03.13 00:26:20.921,1.30277,1.30284
2013.03.13 00:26:54.257,1.30276,1.30282
2013.03.13 00:26:55.910,1.30276,1.30283
2013.03.13 00:27:25.311,1.3028,1.30286
2013.03.13 00:27:25.571,1.30282,1.30288
2013.03.13 00:27:25.821,1.30284,1.3029
2013.03.13 00:27:26.119,1.30284,1.3029
2013.03.13 00:27:32.230,1.30284,1.3029
2013.03.13 00:27:32.780,1.30285,1.3029
2013.03.13 00:27:33.020,1.30285,1.30291
2013.03.13 00:27:33.639,1.30285,1.30291
2013.03.13 00:27:34.632,1.30285,1.30291
2013.03.13 00:27:43.941,1.30285,1.30291
2013.03.13 00:27:52.990,1.30286,1.30292
2013.03.13 00:27:57.613,1.30285,1.30292
2013.03.13 00:27:58.739,1.30285,1.3029
2013.03.13 00:28:31.849,1.30283,1.30289
2013.03.13 00:28:51.031,1.30283,1.30288
2013.03.13 00:28:51.211,1.30281,1.30287
2013.03.13 00:28:51.391,1.3028,1.30287
2013.03.13 00:28:51.938,1.30281,1.30285
2013.03.13 00:28:52.969,1.3028,1.30285
2013.03.13 00:28:53.519,1.3028,1.30284
2013.03.13 00:28:53.821,1.30278,1.30285
2013.03.13 00:29:02.309,1.30277,1.30284
2013.03.13 00:29:02.370,1.30278,1.30282
2013.03.13 00:29:02.553,1.30276,1.30283
2013.03.13 00:29:03.109,1.30276,1.30282
2013.03.13 00:29:11.815,1.30276,1.30281
2013.03.13 00:29:12.000,1.30272,1.30278
2013.03.13 00:29:12.060,1.30272,1.30278
2013.03.13 00:29:12.599,1.30272,1.30278
2013.03.13 00:29:12.779,1.30272,1.30278
2013.03.13 00:29:13.319,1.30272,1.30278
2013.03.13 00:29:16.490,1.30272,1.3028
2013.03.13 00:29:16.670,1.30275,1.30282
2013.03.13 00:29:16.852,1.30276,1.30282
2013.03.13 00:29:17.209,1.30276,1.30283
2013.03.13 00:29:18.000,1.30277,1.30284
2013.03.13 00:29:22.020,1.30278,1.30284
2013.03.13 00:29:22.440,1.30281,1.30285
2013.03.13 00:29:22.561,1.30281,1.30287
2013.03.13 00:29:23.109,1.30282,1.30287
2013.03.13 00:29:23.689,1.30281,1.30287
2013.03.13 00:29:27.006,1.30283,1.30287
2013.03.13 00:29:28.695,1.30283,1.30287
2013.03.13 00:29:29.179,1.30283,1.30288
2013.03.13 00:29:29.719,1.30283,1.30288
2013.03.13 00:29:32.139,1.30283,1.30289
2013.03.13 00:29:34.082,1.30282,1.30288
2013.03.13 00:29:34.331,1.30281,1.30287
2013.03.13 00:29:34.391,1.30277,1.30284
2013.03.13 00:29:34.929,1.30277,1.30283
2013.03.13 00:29:35.370,1.30277,1.30283
2013.03.13 00:29:36.479,1.30277,1.30283
2013.03.13 00:29:37.249,1.30277,1.30284
2013.03.13 00:29:38.469,1.30277,1.30284
2013.03.13 00:29:42.555,1.30277,1.30282
2013.03.13 00:29:42.679,1.30277,1.30282
2013.03.13 00:29:45.528,1.30277,1.30282
2013.03.13 00:29:47.911,1.30277,1.30284
2013.03.13 00:29:48.150,1.30275,1.30285
2013.03.13 00:29:48.650,1.30275,1.30283
2013.03.13 00:29:48.728,1.30276,1.30281
2013.03.13 00:29:57.061,1.30275,1.3028
2013.03.13 00:30:00.650,1.30272,1.30278
2013.03.13 00:30:00.893,1.30272,1.30279
2013.03.13 00:30:01.320,1.30274,1.30282
2013.03.13 00:30:01.380,1.30274,1.30282
2013.03.13 00:30:01.681,1.30275,1.30282
2013.03.13 00:30:02.040,1.30276,1.30283
2013.03.13 00:30:05.110,1.30276,1.30283
2013.03.13 00:30:05.801,1.30276,1.30284
2013.03.13 00:30:05.981,1.30276,1.30282
2013.03.13 00:30:06.520,1.30276,1.30283
2013.03.13 00:30:07.054,1.30276,1.30283
2013.03.13 00:30:08.774,1.30275,1.30281
2013.03.13 00:30:10.111,1.30274,1.30281
2013.03.13 00:30:10.170,1.30274,1.30281
2013.03.13 00:30:10.712,1.30274,1.30281
2013.03.13 00:30:11.261,1.30273,1.30281
2013.03.13 00:30:11.440,1.30272,1.3028
2013.03.13 00:30:11.623,1.30272,1.30279
2013.03.13 00:30:11.752,1.30271,1.30279
2013.03.13 00:30:11.949,1.30272,1.30277
2013.03.13 00:30:12.489,1.3027,1.30277
2013.03.13 00:30:12.791,1.3027,1.30276
2013.03.13 00:30:21.331,1.30268,1.30276
2013.03.13 00:30:21.992,1.30268,1.30275
2013.03.13 00:30:22.351,1.30267,1.30275
2013.03.13 00:30:22.910,1.30264,1.30271
2013.03.13 00:30:24.150,1.30265,1.30271
2013.03.13 00:30:33.181,1.30265,1.30271
2013.03.13 00:30:36.470,1.30265,1.30272
2013.03.13 00:30:37.010,1.30265,1.30272
2013.03.13 00:30:39.170,1.30267,1.30274
2013.03.13 00:30:39.802,1.30267,1.30274
2013.03.13 00:30:41.130,1.30267,1.30273
2013.03.13 00:30:41.621,1.30268,1.30274
2013.03.13 00:30:42.181,1.30267,1.30273
2013.03.13 00:30:45.110,1.30267,1.30273
2013.03.13 00:30:48.609,1.30268,1.30275
2013.03.13 00:30:57.209,1.30267,1.30273
2013.03.13 00:31:00.372,1.30268,1.30275
2013.03.13 00:31:00.930,1.30268,1.30275
2013.03.13 00:31:07.220,1.30268,1.30275
2013.03.13 00:31:13.530,1.30268,1.30273
2013.03.13 00:31:17.160,1.30267,1.30273
2013.03.13 00:31:17.472,1.30263,1.30271
2013.03.13 00:31:17.531,1.30264,1.30271
2013.03.13 00:31:17.710,1.30264,1.30269
2013.03.13 00:31:18.223,1.30263,1.30269
2013.03.13 00:31:18.669,1.30264,1.3027
2013.03.13 00:31:19.211,1.30264,1.30269
2013.03.13 00:31:22.610,1.30262,1.30269
2013.03.13 00:31:23.090,1.30261,1.30267
2013.03.13 00:31:23.907,1.30261,1.30267
2013.03.13 00:31:35.031,1.30262,1.30269
2013.03.13 00:31:35.090,1.30262,1.30269
2013.03.13 00:31:35.151,1.30263,1.3027
2013.03.13 00:31:35.211,1.30263,1.3027
2013.03.13 00:31:35.330,1.30263,1.3027
2013.03.13 00:31:35.450,1.30263,1.3027
2013.03.13 00:31:35.631,1.30263,1.3027
2013.03.13 00:31:35.870,1.30262,1.3027
2013.03.13 00:31:35.991,1.30262,1.3027
2013.03.13 00:31:36.591,1.3026,1.30268
2013.03.13 00:31:36.669,1.30257,1.30264
2013.03.13 00:31:36.910,1.30255,1.30263
2013.03.13 00:31:37.091,1.30255,1.30263
2013.03.13 00:31:38.620,1.30255,1.30262
2013.03.13 00:31:40.275,1.30255,1.30263
2013.03.13 00:31:43.960,1.30258,1.30262
2013.03.13 00:31:44.321,1.30254,1.30261
2013.03.13 00:31:44.562,1.30251,1.30258
2013.03.13 00:31:44.631,1.3025,1.30258
2013.03.13 00:31:44.930,1.30248,1.30256
2013.03.13 00:31:45.490,1.30248,1.30254
2013.03.13 00:31:45.550,1.30248,1.30256
2013.03.13 00:31:47.830,1.3025,1.30255
2013.03.13 00:31:47.951,1.30248,1.30254
2013.03.13 00:31:49.050,1.30248,1.30254
2013.03.13 00:31:49.600,1.30248,1.30254
2013.03.13 00:31:49.841,1.30249,1.30254
2013.03.13 00:31:49.901,1.30252,1.30257
2013.03.13 00:31:49.960,1.30252,1.30259
2013.03.13 00:31:50.021,1.30252,1.30259
2013.03.13 00:31:51.084,1.30254,1.30262
2013.03.13 00:31:51.921,1.30254,1.30261
2013.03.13 00:31:52.359,1.30257,1.30265
2013.03.13 00:31:52.425,1.30259,1.30266
2013.03.13 00:31:53.770,1.30259,1.30267
2013.03.13 00:31:54.332,1.30259,1.30267
2013.03.13 00:31:54.781,1.30259,1.30265
2013.03.13 00:31:54.960,1.30257,1.30263
2013.03.13 00:31:55.203,1.30257,1.30263
2013.03.13 00:31:57.311,1.30257,1.30266
2013.03.13 00:31:58.040,1.3026,1.30265
2013.03.13 00:31:58.361,1.30263,1.30269
2013.03.13 00:31:58.421,1.30263,1.30271
2013.03.13 00:31:58.481,1.30265,1.30271
2013.03.13 00:31:58.661,1.30267,1.30276
2013.03.13 00:31:59.194,1.30269,1.30275
2013.03.13 00:31:59.501,1.30269,1.30276
2013.03.13 00:31:59.760,1.30265,1.30273
2013.03.13 00:32:00.310,1.30265,1.30271
2013.03.13 00:32:02.244,1.30264,1.3027
2013.03.13 00:32:03.819,1.30264,1.3027
2013.03.13 00:32:04.771,1.30263,1.30268
2013.03.13 00:32:07.700,1.30263,1.30268
2013.03.13 00:32:08.240,1.30263,1.30268
2013.03.13 00:32:09.372,1.30263,1.30267
2013.03.13 00:32:09.921,1.30262,1.30267
2013.03.13 00:32:10.692,1.30261,1.30267
2013.03.13 00:32:11.252,1.3026,1.30266
2013.03.13 00:32:11.312,1.3026,1.30266
2013.03.13 00:32:11.491,1.30258,1.30263
2013.03.13 00:32:11.554,1.30258,1.30263
2013.03.13 00:32:13.245,1.30256,1.30261
2013.03.13 00:32:13.552,1.30257,1.30262
2013.03.13 00:32:13.742,1.30256,1.30264
2013.03.13 00:32:13.861,1.30258,1.30264
2013.03.13 00:32:13.921,1.3026,1.30263
2013.03.13 00:32:14.525,1.30261,1.30264
2013.03.13 00:32:14.730,1.30262,1.30265
2013.03.13 00:32:14.850,1.30262,1.30267
2013.03.13 00:32:15.392,1.30264,1.30267
2013.03.13 00:32:15.510,1.30263,1.3027
2013.03.13 00:32:15.570,1.30265,1.3027
2013.03.13 00:32:16.504,1.30269,1.30273
2013.03.13 00:32:16.811,1.30271,1.30276
2013.03.13 00:32:17.125,1.30275,1.30279
2013.03.13 00:32:17.550,1.30276,1.30282
2013.03.13 00:32:18.090,1.30278,1.30284
2013.03.13 00:32:18.667,1.30278,1.30285
2013.03.13 00:32:19.220,1.30276,1.30284
2013.03.13 00:32:20.580,1.30278,1.30284
2013.03.13 00:32:21.811,1.30278,1.30284
2013.03.13 00:32:24.750,1.30275,1.30281
2013.03.13 00:32:25.870,1.30275,1.30281
2013.03.13 00:32:27.310,1.30276,1.30282
2013.03.13 00:32:28.690,1.30276,1.30282
2013.03.13 00:32:28.933,1.30275,1.30279
2013.03.13 00:32:29.123,1.30272,1.30279
2013.03.13 00:32:29.311,1.3027,1.30277
2013.03.13 00:32:29.670,1.30268,1.30276
2013.03.13 00:32:30.561,1.3027,1.30276
2013.03.13 00:32:30.801,1.30272,1.30279
2013.03.13 00:32:31.280,1.30275,1.3028
2013.03.13 00:32:32.181,1.30275,1.3028
2013.03.13 00:32:32.240,1.30275,1.3028
2013.03.13 00:32:32.780,1.30277,1.30284
2013.03.13 00:32:33.140,1.30276,1.30282
2013.03.13 00:32:36.143,1.30277,1.30282
2013.03.13 00:32:37.721,1.30276,1.30281
2013.03.13 00:32:37.961,1.30276,1.30284
2013.03.13 00:32:38.260,1.30277,1.30285
2013.03.13 00:32:38.501,1.30281,1.30286
2013.03.13 00:32:38.563,1.30281,1.30286
2013.03.13 00:32:38.631,1.30283,1.30287
2013.03.13 00:32:39.171,1.30284,1.3029
2013.03.13 00:32:39.292,1.30284,1.3029
2013.03.13 00:32:39.353,1.30285,1.30291
2013.03.13 00:32:39.481,1.30285,1.30292
2013.03.13 00:32:39.720,1.30285,1.30294
2013.03.13 00:32:39.840,1.30285,1.30294
2013.03.13 00:32:40.391,1.30285,1.30294
2013.03.13 00:32:42.381,1.30285,1.30294
2013.03.13 00:32:43.252,1.30286,1.30293
2013.03.13 00:32:44.453,1.30284,1.30292
2013.03.13 00:32:44.641,1.30282,1.30292
2013.03.13 00:32:44.701,1.30282,1.3029
2013.03.13 00:32:45.003,1.30282,1.30289
2013.03.13 00:32:45.241,1.30281,1.30288
2013.03.13 00:32:45.542,1.3028,1.30286
2013.03.13 00:32:45.843,1.3028,1.30288
2013.03.13 00:32:45.972,1.30281,1.30289
2013.03.13 00:32:46.330,1.30284,1.30292
2013.03.13 00:32:46.929,1.30284,1.30292
2013.03.13 00:32:47.170,1.30284,1.30292
2013.03.13 00:32:48.061,1.30284,1.30292
2013.03.13 00:32:52.651,1.30284,1.30291
2013.03.13 00:32:54.444,1.30285,1.3029
2013.03.13 00:32:56.072,1.30285,1.30292
2013.03.13 00:32:56.671,1.30285,1.30291
2013.03.13 00:32:59.010,1.30287,1.30293
2013.03.13 00:32:59.070,1.30287,1.30293
2013.03.13 00:32:59.190,1.30287,1.30293
2013.03.13 00:32:59.729,1.30286,1.30292
2013.03.13 00:33:01.120,1.30287,1.30293
2013.03.13 00:33:02.376,1.30287,1.30293
2013.03.13 00:33:02.860,1.30288,1.30292
2013.03.13 00:33:10.410,1.30288,1.30293
2013.03.13 00:33:11.573,1.30289,1.30293
2013.03.13 00:33:11.644,1.30289,1.30293
2013.03.13 00:33:11.771,1.30289,1.30295
2013.03.13 00:33:11.831,1.3029,1.30296
2013.03.13 00:33:11.901,1.3029,1.30296
2013.03.13 00:33:14.110,1.3029,1.30295
2013.03.13 00:33:14.230,1.3029,1.30295
2013.03.13 00:33:14.289,1.3029,1.30295
2013.03.13 00:33:14.650,1.30286,1.30294
2013.03.13 00:33:14.830,1.30287,1.30293
2013.03.13 00:33:16.212,1.30286,1.30292
2013.03.13 00:33:16.333,1.30286,1.3029
2013.03.13 00:33:16.821,1.30283,1.30288
2013.03.13 00:33:16.880,1.3028,1.30288
2013.03.13 00:33:17.000,1.30279,1.30287
2013.03.13 00:33:17.121,1.30276,1.30284
2013.03.13 00:33:17.241,1.30278,1.30284
2013.03.13 00:33:17.937,1.30279,1.30284
2013.03.13 00:33:18.561,1.3028,1.30284
2013.03.13 00:33:19.391,1.30276,1.30283
2013.03.13 00:33:19.945,1.30277,1.30282
2013.03.13 00:33:21.422,1.30277,1.30282
2013.03.13 00:33:21.961,1.30278,1.30283
2013.03.13 00:33:22.021,1.30278,1.30284
2013.03.13 00:33:22.500,1.30278,1.30285
2013.03.13 00:33:23.040,1.30281,1.30287
2013.03.13 00:33:23.402,1.30284,1.30288
2013.03.13 00:33:23.461,1.30285,1.30291
2013.03.13 00:33:23.521,1.30285,1.30291
2013.03.13 00:33:23.581,1.30285,1.30292
2013.03.13 00:33:23.642,1.30285,1.30293
2013.03.13 00:33:23.881,1.30287,1.30293
2013.03.13 00:33:28.881,1.30287,1.30293
2013.03.13 00:33:29.431,1.30286,1.30292
2013.03.13 00:33:33.685,1.30287,1.30295
2013.03.13 00:33:33.810,1.30287,1.30296
2013.03.13 00:33:35.205,1.30291,1.30299
2013.03.13 00:33:35.390,1.30294,1.303
2013.03.13 00:33:35.452,1.30295,1.303
2013.03.13 00:33:35.810,1.30293,1.303
2013.03.13 00:33:35.870,1.30292,1.30299
2013.03.13 00:33:35.991,1.30291,1.30298
2013.03.13 00:33:36.350,1.3029,1.30296
2013.03.13 00:33:37.078,1.30291,1.30298
2013.03.13 00:33:37.223,1.30292,1.30298
2013.03.13 00:33:37.351,1.30291,1.30299
2013.03.13 00:33:37.650,1.30291,1.30298
2013.03.13 00:33:38.083,1.30292,1.30298
2013.03.13 00:33:38.630,1.3029,1.30297
2013.03.13 00:33:39.481,1.30291,1.30298
2013.03.13 00:33:40.031,1.30291,1.30298
2013.03.13 00:33:41.401,1.30291,1.30298
2013.03.13 00:33:44.921,1.30291,1.30297
2013.03.13 00:33:45.901,1.30291,1.30298
2013.03.13 00:33:48.290,1.30291,1.30297
2013.03.13 00:33:48.860,1.30291,1.30297
2013.03.13 00:33:49.509,1.30291,1.30296
2013.03.13 00:33:49.591,1.30287,1.30295
2013.03.13 00:33:50.141,1.30287,1.30294
2013.03.13 00:33:52.710,1.30288,1.30294
2013.03.13 00:33:52.891,1.30286,1.30292
2013.03.13 00:33:53.810,1.30286,1.30292
2013.03.13 00:33:54.581,1.30286,1.30292
2013.03.13 00:33:55.180,1.30288,1.30294
2013.03.13 00:33:55.542,1.3029,1.30296
2013.03.13 00:33:56.112,1.3029,1.30296
2013.03.13 00:33:57.834,1.30286,1.30293
2013.03.13 00:33:57.904,1.30284,1.30292
2013.03.13 00:33:58.090,1.30284,1.30291
2013.03.13 00:33:58.273,1.30281,1.30288
2013.03.13 00:33:58.334,1.30281,1.30288
2013.03.13 00:33:58.461,1.30284,1.30288
2013.03.13 00:33:58.822,1.30286,1.30291
2013.03.13 00:34:00.022,1.30286,1.30293
2013.03.13 00:34:00.350,1.30286,1.30293
2013.03.13 00:34:01.331,1.30286,1.30293
2013.03.13 00:34:03.150,1.30286,1.30292
2013.03.13 00:34:06.971,1.30286,1.30293
2013.03.13 00:34:08.070,1.30285,1.30289
2013.03.13 00:34:08.430,1.30282,1.30289
2013.03.13 00:34:08.613,1.3028,1.30287
2013.03.13 00:34:08.680,1.3028,1.30287
2013.03.13 00:34:09.232,1.30281,1.30288
2013.03.13 00:34:09.541,1.30281,1.30288
2013.03.13 00:34:10.211,1.30282,1.30289
2013.03.13 00:34:10.874,1.30282,1.30287
2013.03.13 00:34:10.941,1.30281,1.30287
2013.03.13 00:34:11.121,1.30279,1.30285
2013.03.13 00:34:12.991,1.30278,1.30283
2013.03.13 00:34:13.492,1.30278,1.30284
2013.03.13 00:34:14.061,1.30278,1.30285
2013.03.13 00:34:16.252,1.3028,1.30286
2013.03.13 00:34:16.312,1.3028,1.30286
2013.03.13 00:34:16.550,1.30282,1.30287
2013.03.13 00:34:16.972,1.30279,1.30286
2013.03.13 00:34:18.621,1.30279,1.30286
2013.03.13 00:34:20.440,1.3028,1.30287
2013.03.13 00:34:20.501,1.30281,1.30291
2013.03.13 00:34:20.621,1.30283,1.30292
2013.03.13 00:34:20.681,1.30287,1.30293
2013.03.13 00:34:20.861,1.30289,1.30298
2013.03.13 00:34:21.340,1.3029,1.30297
2013.03.13 00:34:21.880,1.30289,1.30295
2013.03.13 00:34:26.930,1.3029,1.30297
2013.03.13 00:34:29.780,1.3029,1.30297
2013.03.13 00:34:30.330,1.3029,1.30297
2013.03.13 00:34:36.320,1.30289,1.30295
2013.03.13 00:34:36.861,1.30287,1.30295
2013.03.13 00:34:42.292,1.30287,1.30295
2013.03.13 00:34:46.482,1.30287,1.30294
2013.03.13 00:34:52.140,1.30287,1.30295
2013.03.13 00:34:55.341,1.30287,1.30295
2013.03.13 00:34:59.622,1.30286,1.30293
2013.03.13 00:35:02.563,1.30287,1.30293
2013.03.13 00:35:03.090,1.30289,1.30295
2013.03.13 00:35:03.651,1.30289,1.30295
2013.03.13 00:35:04.263,1.30289,1.30295
2013.03.13 00:35:04.810,1.30287,1.30293
2013.03.13 00:35:05.111,1.30287,1.30294
2013.03.13 00:35:05.532,1.30287,1.30295
2013.03.13 00:35:06.081,1.30288,1.30295
2013.03.13 00:35:06.381,1.30288,1.30295
2013.03.13 00:35:08.121,1.30287,1.30294
2013.03.13 00:35:08.182,1.30287,1.30293
2013.03.13 00:35:10.924,1.30287,1.30293
2013.03.13 00:35:12.282,1.30287,1.30295
2013.03.13 00:35:13.050,1.30288,1.30295
2013.03.13 00:35:15.260,1.30288,1.30295
2013.03.13 00:35:17.071,1.30288,1.30295
2013.03.13 00:35:17.704,1.30288,1.30295
2013.03.13 00:35:26.028,1.30287,1.30295
2013.03.13 00:35:32.000,1.30287,1.30294
2013.03.13 00:35:32.734,1.30286,1.30293
2013.03.13 00:35:32.937,1.30286,1.30293
2013.03.13 00:35:33.086,1.3029,1.30294
2013.03.13 00:35:33.233,1.30291,1.30299
2013.03.13 00:35:33.305,1.30293,1.303
2013.03.13 00:35:33.373,1.30294,1.30301
2013.03.13 00:35:33.980,1.30295,1.30302
2013.03.13 00:35:34.790,1.30295,1.30301
2013.03.13 00:35:39.442,1.30295,1.30301
2013.03.13 00:35:41.911,1.30295,1.30302
2013.03.13 00:35:42.370,1.30295,1.30301
2013.03.13 00:35:52.756,1.30294,1.303
2013.03.13 00:35:52.944,1.30291,1.30298
2013.03.13 00:35:53.250,1.30291,1.30297
2013.03.13 00:35:58.901,1.3029,1.30294
2013.03.13 00:35:59.021,1.30288,1.30294
2013.03.13 00:36:09.181,1.30288,1.30294
2013.03.13 00:36:09.741,1.30288,1.30294
2013.03.13 00:36:18.317,1.30287,1.30293
2013.03.13 00:36:27.921,1.30289,1.30295
2013.03.13 00:36:27.982,1.30289,1.30295
2013.03.13 00:36:28.665,1.30289,1.30295
2013.03.13 00:36:45.602,1.30288,1.30295
2013.03.13 00:36:49.453,1.30286,1.30292
2013.03.13 00:36:49.763,1.30284,1.30292
2013.03.13 00:36:51.782,1.30285,1.30289
2013.03.13 00:36:52.334,1.30284,1.30289
2013.03.13 00:36:59.548,1.30284,1.30289
2013.03.13 00:37:01.961,1.30283,1.30289
2013.03.13 00:37:02.082,1.30283,1.30289
2013.03.13 00:37:02.562,1.30286,1.30292
2013.03.13 00:37:02.623,1.30288,1.30294
2013.03.13 00:37:07.811,1.30288,1.30295
2013.03.13 00:37:11.261,1.30288,1.30294
2013.03.13 00:37:22.621,1.30286,1.30293
2013.03.13 00:37:22.697,1.30286,1.30293
2013.03.13 00:37:33.561,1.30286,1.30293
2013.03.13 00:37:41.561,1.30286,1.30293
2013.03.13 00:37:42.861,1.30286,1.30293
2013.03.13 00:37:53.151,1.30286,1.30293
2013.03.13 00:37:56.771,1.30286,1.30291
2013.03.13 00:37:57.640,1.30285,1.3029
2013.03.13 00:37:57.723,1.30284,1.3029
2013.03.13 00:37:58.881,1.30283,1.30289
2013.03.13 00:37:59.263,1.30282,1.30288
2013.03.13 00:37:59.861,1.30281,1.30288
2013.03.13 00:38:02.042,1.30281,1.30287
2013.03.13 00:38:02.581,1.3028,1.30286
2013.03.13 00:38:12.350,1.30279,1.30285
2013.03.13 00:38:12.591,1.30277,1.30285
2013.03.13 00:38:12.651,1.30277,1.30284
2013.03.13 00:38:13.191,1.30277,1.30283
2013.03.13 00:38:14.531,1.30277,1.30282
2013.03.13 00:38:16.934,1.30276,1.30281
2013.03.13 00:38:19.601,1.30272,1.30279
2013.03.13 00:38:19.961,1.30273,1.30279
2013.03.13 00:38:30.174,1.30273,1.30279
2013.03.13 00:38:33.321,1.30272,1.30279
2013.03.13 00:38:33.860,1.30273,1.30279
2013.03.13 00:38:40.621,1.30273,1.30279
2013.03.13 00:38:42.561,1.30273,1.30279
2013.03.13 00:38:42.981,1.30274,1.30282
2013.03.13 00:38:43.041,1.30275,1.30282
2013.03.13 00:38:43.402,1.30276,1.30282
2013.03.13 00:38:48.101,1.30276,1.30284
2013.03.13 00:38:50.691,1.30277,1.30284
2013.03.13 00:38:54.452,1.30276,1.30284
2013.03.13 00:38:54.811,1.30278,1.30285
2013.03.13 00:38:57.201,1.30278,1.30285
2013.03.13 00:38:59.903,1.30277,1.30284
2013.03.13 00:39:00.422,1.30276,1.30284
2013.03.13 00:39:07.471,1.30276,1.30283
2013.03.13 00:39:08.016,1.30275,1.30282
2013.03.13 00:39:08.570,1.30275,1.30282
2013.03.13 00:39:09.112,1.30274,1.30281
2013.03.13 00:39:09.652,1.30272,1.30279
2013.03.13 00:39:10.011,1.30275,1.3028
2013.03.13 00:39:10.515,1.30275,1.30282
2013.03.13 00:39:30.902,1.30272,1.3028
2013.03.13 00:39:31.441,1.3027,1.30276
2013.03.13 00:39:31.501,1.30268,1.30275
2013.03.13 00:39:31.562,1.30267,1.30274
2013.03.13 00:39:31.921,1.30266,1.30273
2013.03.13 00:39:32.430,1.30267,1.30273
2013.03.13 00:39:33.190,1.30266,1.30273
2013.03.13 00:39:35.651,1.30267,1.30274
2013.03.13 00:39:44.131,1.30267,1.30275
2013.03.13 00:39:49.695,1.30267,1.30274
2013.03.13 00:39:55.084,1.30267,1.30274
2013.03.13 00:40:11.851,1.30268,1.30275
2013.03.13 00:40:12.271,1.30269,1.30276
2013.03.13 00:40:15.791,1.30269,1.30275
2013.03.13 00:40:18.091,1.30268,1.30274
2013.03.13 00:40:25.801,1.30268,1.30275
2013.03.13 00:40:33.693,1.30268,1.30275
2013.03.13 00:40:44.841,1.30268,1.30275
2013.03.13 00:40:46.691,1.30268,1.30275
2013.03.13 00:40:49.191,1.30268,1.30276
2013.03.13 00:40:49.251,1.3027,1.30277
2013.03.13 00:40:49.311,1.30272,1.30278
2013.03.13 00:40:49.493,1.30275,1.30279
2013.03.13 00:40:49.552,1.30275,1.30279
2013.03.13 00:40:50.034,1.30276,1.30283
2013.03.13 00:40:50.861,1.30277,1.30283
2013.03.13 00:40:52.455,1.30277,1.30284
2013.03.13 00:40:53.061,1.30277,1.30284
2013.03.13 00:40:53.600,1.30276,1.30282
2013.03.13 00:40:54.702,1.30275,1.30281
2013.03.13 00:40:55.216,1.30275,1.3028
2013.03.13 00:40:55.293,1.30275,1.3028
2013.03.13 00:40:59.051,1.30275,1.30282
2013.03.13 00:40:59.171,1.30275,1.30282
2013.03.13 00:40:59.472,1.30277,1.30284
2013.03.13 00:41:00.131,1.30279,1.30285
2013.03.13 00:41:01.352,1.30278,1.30285
2013.03.13 00:41:01.412,1.30279,1.30285
2013.03.13 00:41:02.943,1.30278,1.30285
2013.03.13 00:41:03.185,1.30279,1.30285
2013.03.13 00:41:03.563,1.30282,1.30289
2013.03.13 00:41:03.753,1.30283,1.3029
2013.03.13 00:41:04.291,1.30283,1.30289
2013.03.13 00:41:05.933,1.30284,1.3029
2013.03.13 00:41:06.511,1.30285,1.3029
2013.03.13 00:41:07.943,1.30284,1.30288
2013.03.13 00:41:08.062,1.3028,1.30287
2013.03.13 00:41:08.183,1.3028,1.30286
2013.03.13 00:41:08.422,1.30279,1.30286
2013.03.13 00:41:08.483,1.30277,1.30285
2013.03.13 00:41:09.021,1.30277,1.30284
2013.03.13 00:41:11.836,1.30277,1.30284
2013.03.13 00:41:12.833,1.30279,1.30284
2013.03.13 00:41:13.192,1.30278,1.30283
2013.03.13 00:41:13.612,1.30275,1.30279
2013.03.13 00:41:14.172,1.30275,1.30279
2013.03.13 00:41:14.871,1.30273,1.30278
2013.03.13 00:41:15.173,1.30272,1.30276
2013.03.13 00:41:15.711,1.30269,1.30275
2013.03.13 00:41:17.672,1.30271,1.30276
2013.03.13 00:41:19.222,1.30272,1.30278
2013.03.13 00:41:19.282,1.30272,1.30278
2013.03.13 00:41:19.402,1.30272,1.30278
2013.03.13 00:41:19.951,1.30271,1.30278
2013.03.13 00:41:20.307,1.30272,1.30278
2013.03.13 00:41:20.851,1.30272,1.30278
2013.03.13 00:41:21.142,1.3027,1.30274
2013.03.13 00:41:21.204,1.3027,1.30274
2013.03.13 00:41:21.572,1.30271,1.30274
2013.03.13 00:41:22.182,1.30272,1.30278
2013.03.13 00:41:22.485,1.30274,1.30281
2013.03.13 00:41:22.556,1.30274,1.30282
2013.03.13 00:41:23.111,1.30273,1.3028
2013.03.13 00:41:23.925,1.30274,1.3028
2013.03.13 00:41:24.292,1.30275,1.30281
2013.03.13 00:41:29.131,1.30275,1.30281
2013.03.13 00:41:30.485,1.30275,1.30281
2013.03.13 00:41:32.203,1.30272,1.30279
2013.03.13 00:41:32.392,1.30271,1.30278
2013.03.13 00:41:32.992,1.30272,1.30278
2013.03.13 00:41:41.893,1.30272,1.30278
2013.03.13 00:41:42.018,1.30274,1.30278
2013.03.13 00:41:42.205,1.30276,1.30283
2013.03.13 00:41:42.761,1.30277,1.30284
2013.03.13 00:41:45.832,1.30278,1.30284
2013.03.13 00:41:45.952,1.30279,1.30286
2013.03.13 00:41:46.491,1.30281,1.30287
2013.03.13 00:41:47.032,1.30281,1.30288
2013.03.13 00:41:47.092,1.30281,1.30288
2013.03.13 00:41:47.151,1.30281,1.30288
2013.03.13 00:41:47.692,1.30281,1.30287
2013.03.13 00:41:47.872,1.30282,1.30287
2013.03.13 00:41:48.232,1.3028,1.30287
2013.03.13 00:41:50.161,1.30281,1.30288
2013.03.13 00:41:50.713,1.30283,1.3029
2013.03.13 00:41:50.856,1.30283,1.30288
2013.03.13 00:41:51.402,1.30284,1.3029
2013.03.13 00:41:53.866,1.30284,1.3029
2013.03.13 00:41:58.926,1.30284,1.30291
2013.03.13 00:42:06.378,1.30284,1.30291
2013.03.13 00:42:22.328,1.30286,1.30291
2013.03.13 00:42:23.001,1.30287,1.30292
2013.03.13 00:42:23.242,1.30288,1.30295
2013.03.13 00:42:23.421,1.30288,1.30295
2013.03.13 00:42:23.961,1.30288,1.30295
2013.03.13 00:42:24.271,1.30288,1.30295
2013.03.13 00:42:24.331,1.30289,1.30295
2013.03.13 00:42:24.872,1.30289,1.30295
2013.03.13 00:42:25.412,1.30288,1.30295
2013.03.13 00:42:25.951,1.30288,1.30295
2013.03.13 00:42:27.571,1.30288,1.30295
2013.03.13 00:42:28.121,1.30288,1.30295
2013.03.13 00:42:29.341,1.30288,1.30294
2013.03.13 00:42:33.149,1.30288,1.30295
2013.03.13 00:42:35.151,1.30288,1.30294
2013.03.13 00:42:40.123,1.30287,1.30294
2013.03.13 00:42:40.684,1.30287,1.30294
2013.03.13 00:42:41.495,1.30287,1.30294
2013.03.13 00:42:57.982,1.30287,1.30294
2013.03.13 00:42:58.720,1.30286,1.30292
2013.03.13 00:43:02.050,1.30286,1.30292
2013.03.13 00:43:02.605,1.30288,1.30294
2013.03.13 00:43:06.181,1.30288,1.30294
2013.03.13 00:43:07.693,1.30288,1.30295
2013.03.13 00:43:07.940,1.30288,1.30295
2013.03.13 00:43:08.815,1.30287,1.30295
2013.03.13 00:43:09.334,1.30286,1.30293
2013.03.13 00:43:16.520,1.30285,1.30292
2013.03.13 00:43:16.641,1.30285,1.30291
2013.03.13 00:43:16.821,1.30283,1.30288
2013.03.13 00:43:17.121,1.30281,1.30287
2013.03.13 00:43:17.671,1.30281,1.30286
2013.03.13 00:43:18.252,1.30281,1.30286
2013.03.13 00:43:29.080,1.30278,1.30285
2013.03.13 00:43:33.330,1.30278,1.30285
2013.03.13 00:43:33.750,1.30277,1.30285
2013.03.13 00:43:34.343,1.30277,1.30283
2013.03.13 00:43:34.882,1.30276,1.30283
2013.03.13 00:43:35.591,1.30275,1.30283
2013.03.13 00:43:35.800,1.30277,1.30283
2013.03.13 00:43:37.202,1.30279,1.30283
2013.03.13 00:43:42.141,1.30278,1.30285
2013.03.13 00:43:42.422,1.30278,1.30285
2013.03.13 00:44:07.251,1.30278,1.30285
2013.03.13 00:44:41.414,1.30277,1.30284
2013.03.13 00:44:54.571,1.30276,1.30282
2013.03.13 00:44:57.192,1.30277,1.30282
2013.03.13 00:45:01.429,1.30276,1.30282
2013.03.13 00:45:05.210,1.30276,1.30282
2013.03.13 00:45:06.710,1.30276,1.30282
2013.03.13 00:45:14.511,1.30277,1.30283
2013.03.13 00:45:16.472,1.30277,1.30283
2013.03.13 00:45:24.141,1.30277,1.30283
2013.03.13 00:45:33.173,1.30277,1.30284
2013.03.13 00:45:45.511,1.30277,1.30285
2013.03.13 00:45:47.161,1.30277,1.30285
2013.03.13 00:45:54.091,1.3028,1.30285
2013.03.13 00:45:54.211,1.30278,1.30285
2013.03.13 00:46:05.362,1.30278,1.30284
2013.03.13 00:46:07.845,1.30278,1.30285
2013.03.13 00:46:22.453,1.30281,1.30285
2013.03.13 00:46:22.573,1.30282,1.30288
2013.03.13 00:47:01.142,1.30282,1.30288
2013.03.13 00:47:01.796,1.30282,1.30288
2013.03.13 00:47:09.708,1.30281,1.30288
2013.03.13 00:47:22.518,1.3028,1.30288
2013.03.13 00:47:23.122,1.3028,1.30288
2013.03.13 00:47:27.642,1.3028,1.30288
2013.03.13 00:47:27.763,1.3028,1.30288
2013.03.13 00:47:28.972,1.3028,1.30288
2013.03.13 00:47:33.191,1.30279,1.30287
2013.03.13 00:47:35.839,1.30278,1.30287
2013.03.13 00:47:41.259,1.30278,1.30286
2013.03.13 00:47:46.221,1.30278,1.30284
2013.03.13 00:47:46.786,1.30278,1.30286
2013.03.13 00:47:48.285,1.30278,1.30284
2013.03.13 00:47:49.986,1.30275,1.30282
2013.03.13 00:47:50.053,1.30275,1.30279
2013.03.13 00:47:50.292,1.30273,1.3028
2013.03.13 00:47:50.415,1.30272,1.30279
2013.03.13 00:47:51.561,1.30271,1.30278
2013.03.13 00:47:55.321,1.30269,1.30276
2013.03.13 00:47:59.981,1.30268,1.30275
2013.03.13 00:48:08.372,1.30268,1.30273
2013.03.13 00:48:09.092,1.30263,1.30271
2013.03.13 00:48:09.412,1.30264,1.3027
2013.03.13 00:48:13.182,1.30265,1.30272
2013.03.13 00:48:13.303,1.30266,1.30273
2013.03.13 00:48:13.781,1.30268,1.30276
2013.03.13 00:48:14.082,1.30268,1.30276
2013.03.13 00:48:20.102,1.3027,1.30276
2013.03.13 00:48:20.641,1.30271,1.30278
2013.03.13 00:48:22.191,1.30271,1.30278
2013.03.13 00:48:23.483,1.30272,1.3028
2013.03.13 00:48:24.932,1.30274,1.3028
2013.03.13 00:48:25.173,1.30273,1.3028
2013.03.13 00:48:25.532,1.30274,1.3028
2013.03.13 00:48:26.012,1.30274,1.30281
2013.03.13 00:48:26.372,1.30275,1.30281
2013.03.13 00:48:26.851,1.30276,1.30282
2013.03.13 00:48:27.635,1.30279,1.30286
2013.03.13 00:48:28.381,1.30278,1.30286
2013.03.13 00:48:31.932,1.30278,1.30285
2013.03.13 00:48:34.081,1.30278,1.30285
2013.03.13 00:48:40.372,1.30278,1.30285
2013.03.13 00:48:41.212,1.30277,1.30284
2013.03.13 00:48:47.240,1.30278,1.30285
2013.03.13 00:48:47.307,1.30278,1.30285
2013.03.13 00:48:47.553,1.30282,1.30288
2013.03.13 00:48:47.673,1.30282,1.30288
2013.03.13 00:48:57.572,1.30282,1.30288
2013.03.13 00:48:58.604,1.30282,1.30288
2013.03.13 00:48:59.082,1.30283,1.30289
2013.03.13 00:48:59.262,1.30283,1.30289
2013.03.13 00:48:59.623,1.30284,1.30289
2013.03.13 00:48:59.682,1.30283,1.30289
2013.03.13 00:49:00.101,1.30282,1.30288
2013.03.13 00:49:00.282,1.30282,1.30288
2013.03.13 00:49:02.513,1.30282,1.30288
2013.03.13 00:49:02.572,1.30283,1.30288
2013.03.13 00:49:02.757,1.30285,1.30289
2013.03.13 00:49:03.122,1.30285,1.30289
2013.03.13 00:49:03.241,1.30285,1.30289
2013.03.13 00:49:03.782,1.30287,1.30293
2013.03.13 00:49:04.971,1.30286,1.30292
2013.03.13 00:49:05.271,1.30288,1.30293
2013.03.13 00:49:08.503,1.30288,1.30295
2013.03.13 00:49:08.682,1.30292,1.30298
2013.03.13 00:49:09.162,1.3029,1.30297
2013.03.13 00:49:09.732,1.30288,1.30296
2013.03.13 00:49:14.442,1.30288,1.30293
2013.03.13 00:49:16.594,1.30288,1.30294
2013.03.13 00:49:16.711,1.30288,1.30294
2013.03.13 00:49:16.952,1.30288,1.30292
2013.03.13 00:49:23.532,1.30286,1.3029
2013.03.13 00:49:25.313,1.30284,1.3029
2013.03.13 00:49:25.862,1.30286,1.30291
2013.03.13 00:49:36.172,1.30286,1.30291
2013.03.13 00:49:40.251,1.30286,1.30292
2013.03.13 00:49:44.202,1.30287,1.30291
2013.03.13 00:49:44.742,1.30286,1.30292
2013.03.13 00:49:46.952,1.30286,1.30293
2013.03.13 00:49:47.512,1.30286,1.30292
2013.03.13 00:49:48.153,1.30288,1.30294
2013.03.13 00:49:48.701,1.30286,1.30291
2013.03.13 00:49:48.881,1.30287,1.30294
2013.03.13 00:49:49.550,1.30288,1.30293
2013.03.13 00:49:50.622,1.30288,1.30292
2013.03.13 00:49:57.771,1.30286,1.3029
2013.03.13 00:49:57.952,1.30284,1.30289
2013.03.13 00:49:58.192,1.30282,1.30289
2013.03.13 00:49:58.372,1.30278,1.30286
2013.03.13 00:49:58.731,1.30278,1.30284
2013.03.13 00:50:00.993,1.30278,1.30284
2013.03.13 00:50:02.232,1.30278,1.30284
2013.03.13 00:50:02.772,1.3028,1.30288
2013.03.13 00:50:02.831,1.3028,1.30287
2013.03.13 00:50:08.127,1.3028,1.30287
2013.03.13 00:50:08.663,1.30284,1.30289
2013.03.13 00:50:09.812,1.30284,1.30288
2013.03.13 00:50:10.362,1.30285,1.30289
2013.03.13 00:50:11.508,1.30283,1.30289
2013.03.13 00:50:13.241,1.30284,1.3029
2013.03.13 00:50:13.902,1.30284,1.3029
2013.03.13 00:50:14.449,1.30286,1.30292
2013.03.13 00:50:15.043,1.30287,1.30292
2013.03.13 00:50:15.723,1.30286,1.30292
2013.03.13 00:50:20.326,1.30285,1.3029
2013.03.13 00:50:21.622,1.30282,1.30289
2013.03.13 00:50:22.102,1.30282,1.30288
2013.03.13 00:50:22.652,1.30282,1.30286
2013.03.13 00:50:23.313,1.30283,1.30289
2013.03.13 00:50:23.436,1.30284,1.30289
2013.03.13 00:50:23.982,1.30286,1.3029
2013.03.13 00:50:26.783,1.30286,1.3029
2013.03.13 00:50:28.942,1.30286,1.3029
2013.03.13 00:50:32.883,1.30286,1.30291
2013.03.13 00:50:34.382,1.30287,1.30291
2013.03.13 00:50:44.371,1.30286,1.30292
2013.03.13 00:50:45.131,1.30287,1.30291
2013.03.13 00:50:47.410,1.30286,1.30292
2013.03.13 00:50:48.001,1.30287,1.30291
2013.03.13 00:50:50.132,1.30287,1.30291
2013.03.13 00:50:53.683,1.30287,1.30291
2013.03.13 00:50:54.439,1.30287,1.30291
2013.03.13 00:50:56.563,1.30287,1.30291
2013.03.13 00:50:57.112,1.30287,1.30291
2013.03.13 00:51:00.728,1.30286,1.30291
2013.03.13 00:51:01.811,1.30287,1.30291
2013.03.13 00:51:05.722,1.30287,1.30291
2013.03.13 00:51:06.263,1.30288,1.30294
2013.03.13 00:51:06.503,1.30288,1.30294
2013.03.13 00:51:06.814,1.30288,1.30293
2013.03.13 00:51:08.031,1.30288,1.30293
2013.03.13 00:51:08.153,1.30288,1.30294
2013.03.13 00:51:08.946,1.30288,1.30294
2013.03.13 00:51:12.009,1.30288,1.30294
2013.03.13 00:51:12.701,1.30288,1.30294
2013.03.13 00:51:14.913,1.30288,1.30294
2013.03.13 00:51:15.098,1.30286,1.30293
2013.03.13 00:51:15.164,1.30287,1.30291
2013.03.13 00:51:15.723,1.30287,1.30291
2013.03.13 00:51:19.123,1.30287,1.30291
2013.03.13 00:51:19.666,1.30288,1.30292
2013.03.13 00:51:21.033,1.30288,1.30292
2013.03.13 00:51:23.626,1.30285,1.30291
2013.03.13 00:51:24.142,1.30286,1.30292
2013.03.13 00:51:26.413,1.30284,1.30291
2013.03.13 00:51:26.932,1.30284,1.3029
2013.03.13 00:51:27.903,1.30284,1.30289
2013.03.13 00:51:28.023,1.30283,1.30288
2013.03.13 00:51:28.082,1.30283,1.30288
2013.03.13 00:51:28.383,1.30279,1.30286
2013.03.13 00:51:31.740,1.3028,1.30286
2013.03.13 00:51:37.992,1.30279,1.30286
2013.03.13 00:51:41.143,1.3028,1.30285
2013.03.13 00:51:41.445,1.30278,1.30284
2013.03.13 00:51:41.633,1.30278,1.30284
2013.03.13 00:51:41.945,1.30277,1.30283
2013.03.13 00:51:42.492,1.30278,1.30283
2013.03.13 00:51:43.042,1.30277,1.30283
2013.03.13 00:51:43.503,1.30278,1.30282
2013.03.13 00:51:43.986,1.30275,1.30281
2013.03.13 00:51:44.055,1.30273,1.30281
2013.03.13 00:51:44.242,1.30272,1.30277
2013.03.13 00:51:44.362,1.30273,1.30277
2013.03.13 00:51:44.721,1.30271,1.30278
2013.03.13 00:51:45.325,1.30273,1.30278
2013.03.13 00:51:45.573,1.30275,1.30282
2013.03.13 00:51:45.812,1.30277,1.30282
2013.03.13 00:51:46.297,1.30276,1.30281
2013.03.13 00:51:46.842,1.30275,1.3028
2013.03.13 00:51:51.162,1.30275,1.30281
2013.03.13 00:51:52.819,1.30275,1.3028
2013.03.13 00:51:52.947,1.30275,1.30279
2013.03.13 00:51:53.133,1.30272,1.30277
2013.03.13 00:51:53.252,1.30271,1.30278
2013.03.13 00:51:53.313,1.3027,1.30277
2013.03.13 00:51:53.852,1.3027,1.30274
2013.03.13 00:51:54.722,1.3027,1.30276
2013.03.13 00:51:55.942,1.30272,1.30276
2013.03.13 00:51:56.123,1.30272,1.30279
2013.03.13 00:51:56.711,1.30272,1.30276
2013.03.13 00:51:57.733,1.30272,1.30278
2013.03.13 00:51:57.803,1.3027,1.30277
2013.03.13 00:51:58.043,1.3027,1.30276
2013.03.13 00:51:58.164,1.3027,1.30274
2013.03.13 00:51:58.686,1.30269,1.30274
2013.03.13 00:51:58.768,1.30268,1.30274
2013.03.13 00:51:59.132,1.30267,1.30274
2013.03.13 00:51:59.672,1.30267,1.30273
2013.03.13 00:52:00.723,1.30266,1.30273
2013.03.13 00:52:01.262,1.30266,1.30272
2013.03.13 00:52:02.972,1.30265,1.30271
2013.03.13 00:52:03.092,1.30264,1.3027
2013.03.13 00:52:03.624,1.30263,1.3027
2013.03.13 00:52:05.453,1.30261,1.30267
2013.03.13 00:52:05.762,1.30262,1.30269
2013.03.13 00:52:05.823,1.30262,1.30271
2013.03.13 00:52:06.663,1.30264,1.3027
2013.03.13 00:52:07.812,1.30263,1.30269
2013.03.13 00:52:08.652,1.30264,1.3027
2013.03.13 00:52:09.164,1.30264,1.3027
2013.03.13 00:52:09.522,1.30263,1.30269
2013.03.13 00:52:09.823,1.30263,1.30269
2013.03.13 00:52:09.945,1.30263,1.30269
2013.03.13 00:52:11.277,1.30263,1.30269
2013.03.13 00:52:15.922,1.30263,1.30269
2013.03.13 00:52:16.462,1.30264,1.30271
2013.03.13 00:52:17.283,1.30265,1.30271
2013.03.13 00:52:22.843,1.30265,1.30271
2013.03.13 00:52:23.202,1.30265,1.3027
2013.03.13 00:52:23.262,1.30265,1.30267
2013.03.13 00:52:23.683,1.30262,1.30267
2013.03.13 00:52:27.302,1.30262,1.30268
2013.03.13 00:52:27.422,1.30262,1.30267
2013.03.13 00:52:29.122,1.30262,1.30268
2013.03.13 00:52:29.653,1.30262,1.30267
2013.03.13 00:52:33.004,1.30262,1.30268
2013.03.13 00:52:33.243,1.30262,1.30267
2013.03.13 00:52:39.264,1.30262,1.30266
2013.03.13 00:52:39.632,1.30262,1.30265
2013.03.13 00:52:39.933,1.30262,1.30266
2013.03.13 00:52:40.712,1.30262,1.30266
2013.03.13 00:52:40.955,1.30262,1.30265
2013.03.13 00:52:41.507,1.30262,1.30266
2013.03.13 00:52:42.404,1.30262,1.30264
2013.03.13 00:52:42.643,1.30258,1.30266
2013.03.13 00:52:42.822,1.30258,1.30264
2013.03.13 00:52:43.005,1.30255,1.30262
2013.03.13 00:52:43.192,1.30255,1.30264
2013.03.13 00:52:43.732,1.30256,1.30264
2013.03.13 00:52:44.353,1.30258,1.30263
2013.03.13 00:52:44.943,1.30257,1.30262
2013.03.13 00:52:45.482,1.30257,1.30262
2013.03.13 00:52:46.122,1.30257,1.30262
2013.03.13 00:52:48.092,1.30256,1.30265
2013.03.13 00:52:48.632,1.30255,1.30263
2013.03.13 00:52:51.622,1.30257,1.30263
2013.03.13 00:52:52.183,1.30256,1.30264
2013.03.13 00:52:52.363,1.30259,1.30266
2013.03.13 00:52:52.614,1.30261,1.30269
2013.03.13 00:52:53.154,1.30263,1.30272
2013.03.13 00:52:53.692,1.30263,1.30272
2013.03.13 00:52:54.060,1.30264,1.30272
2013.03.13 00:52:54.182,1.30264,1.30272
2013.03.13 00:52:54.362,1.30265,1.30273
2013.03.13 00:52:54.902,1.30264,1.30272
2013.03.13 00:52:55.882,1.30267,1.30272
2013.03.13 00:52:56.422,1.30267,1.30272
2013.03.13 00:52:56.784,1.30266,1.30271
2013.03.13 00:52:59.462,1.30264,1.30273
2013.03.13 00:53:00.100,1.30267,1.30272
2013.03.13 00:53:00.762,1.30266,1.3027
2013.03.13 00:53:01.344,1.30266,1.3027
2013.03.13 00:53:01.463,1.30266,1.3027
2013.03.13 00:53:01.582,1.30266,1.3027
2013.03.13 00:53:01.702,1.30266,1.3027
2013.03.13 00:53:02.242,1.30266,1.30272
2013.03.13 00:53:02.362,1.30266,1.30272
2013.03.13 00:53:02.484,1.30266,1.30272
2013.03.13 00:53:02.793,1.30263,1.30268
2013.03.13 00:53:02.853,1.30261,1.30268
2013.03.13 00:53:02.913,1.30261,1.30266
2013.03.13 00:53:03.157,1.3026,1.30266
2013.03.13 00:53:03.702,1.30258,1.30265
2013.03.13 00:53:03.953,1.30258,1.30264
2013.03.13 00:53:04.073,1.30258,1.30264
2013.03.13 00:53:04.133,1.30258,1.30264
2013.03.13 00:53:07.252,1.30258,1.30264
2013.03.13 00:53:14.233,1.30258,1.30264
2013.03.13 00:53:17.932,1.30258,1.30265
2013.03.13 00:53:20.931,1.30258,1.30264
2013.03.13 00:53:21.402,1.30258,1.30264
2013.03.13 00:53:22.422,1.30258,1.30265
2013.03.13 00:53:38.123,1.3026,1.30265
2013.03.13 00:53:51.227,1.30259,1.30265
2013.03.13 00:53:51.412,1.30258,1.30262
2013.03.13 00:53:51.713,1.30255,1.30261
2013.03.13 00:53:51.894,1.30254,1.30258
2013.03.13 00:53:52.014,1.30254,1.30258
2013.03.13 00:53:52.373,1.30253,1.30258
2013.03.13 00:53:52.913,1.30252,1.30258
2013.03.13 00:53:53.452,1.30252,1.30256
2013.03.13 00:53:55.782,1.3025,1.30256
2013.03.13 00:54:01.472,1.30249,1.30253
2013.03.13 00:54:01.982,1.30251,1.30255
2013.03.13 00:54:02.312,1.30251,1.30256
2013.03.13 00:54:03.352,1.30248,1.30254
2013.03.13 00:54:03.892,1.30249,1.30255
2013.03.13 00:54:04.432,1.30248,1.30254
2013.03.13 00:54:05.055,1.30249,1.30255
2013.03.13 00:54:07.333,1.30248,1.30255
2013.03.13 00:54:07.873,1.30247,1.30253
2013.03.13 00:54:08.532,1.30248,1.30254
2013.03.13 00:54:08.591,1.30248,1.30254
2013.03.13 00:54:15.142,1.30249,1.30255
2013.03.13 00:54:15.395,1.30251,1.30256
2013.03.13 00:54:15.463,1.30251,1.30257
2013.03.13 00:54:15.522,1.30252,1.30257
2013.03.13 00:54:15.583,1.30254,1.30261
2013.03.13 00:54:16.132,1.30254,1.30263
2013.03.13 00:54:16.662,1.30254,1.30263
2013.03.13 00:54:17.351,1.30254,1.30263
2013.03.13 00:54:23.962,1.30257,1.30263
2013.03.13 00:54:24.502,1.30257,1.30263
2013.03.13 00:54:25.482,1.30257,1.30265
2013.03.13 00:54:27.732,1.30259,1.30264
2013.03.13 00:54:28.643,1.30256,1.30262
2013.03.13 00:54:28.823,1.30255,1.30262
2013.03.13 00:54:28.883,1.30254,1.30261
2013.03.13 00:54:30.112,1.30253,1.30258
2013.03.13 00:54:31.314,1.30254,1.30258
2013.03.13 00:54:31.554,1.30252,1.30261
2013.03.13 00:54:32.074,1.30254,1.30261
2013.03.13 00:54:32.611,1.30254,1.30261
2013.03.13 00:54:33.982,1.30255,1.30261
2013.03.13 00:54:34.563,1.30255,1.30259
2013.03.13 00:54:35.382,1.30255,1.3026
2013.03.13 00:54:36.002,1.30254,1.3026
2013.03.13 00:54:39.103,1.30252,1.30258
2013.03.13 00:54:39.406,1.3025,1.30254
2013.03.13 00:54:39.655,1.3025,1.30256
2013.03.13 00:54:39.902,1.30252,1.30255
2013.03.13 00:54:40.442,1.30252,1.30256
2013.03.13 00:54:43.693,1.30251,1.30258
2013.03.13 00:54:44.762,1.30252,1.30258
2013.03.13 00:54:49.263,1.30253,1.30259
2013.03.13 00:54:49.623,1.30251,1.30262
2013.03.13 00:54:49.682,1.30252,1.30262
2013.03.13 00:54:50.221,1.30253,1.30262
2013.03.13 00:54:50.462,1.30254,1.30262
2013.03.13 00:54:50.821,1.30255,1.30262
2013.03.13 00:54:51.363,1.30255,1.30263
2013.03.13 00:54:51.903,1.3026,1.30265
2013.03.13 00:54:52.617,1.3026,1.30266
2013.03.13 00:54:52.932,1.30259,1.30265
2013.03.13 00:54:53.992,1.30259,1.30265
2013.03.13 00:54:55.216,1.30259,1.30265
2013.03.13 00:55:00.064,1.30256,1.30261
2013.03.13 00:55:00.123,1.30254,1.30261
2013.03.13 00:55:00.303,1.30254,1.30261
2013.03.13 00:55:00.424,1.30252,1.3026
2013.03.13 00:55:00.782,1.30253,1.30258
2013.03.13 00:55:01.154,1.30249,1.30255
2013.03.13 00:55:01.292,1.30249,1.30254
2013.03.13 00:55:01.415,1.30249,1.30255
2013.03.13 00:55:01.593,1.30249,1.30255
2013.03.13 00:55:01.713,1.30249,1.30257
2013.03.13 00:55:02.013,1.30249,1.30258
2013.03.13 00:55:02.552,1.3025,1.30259
2013.03.13 00:55:02.920,1.30253,1.30261
2013.03.13 00:55:02.988,1.30255,1.30263
2013.03.13 00:55:03.114,1.30255,1.30264
2013.03.13 00:55:03.473,1.30257,1.30265
2013.03.13 00:55:04.453,1.30261,1.30265
2013.03.13 00:55:04.754,1.30262,1.30267
2013.03.13 00:55:04.874,1.30262,1.30269
2013.03.13 00:55:04.993,1.30262,1.30269
2013.03.13 00:55:05.238,1.30265,1.30272
2013.03.13 00:55:05.363,1.30266,1.30271
2013.03.13 00:55:05.664,1.30265,1.30271
2013.03.13 00:55:05.793,1.30265,1.30271
2013.03.13 00:55:06.333,1.30265,1.30272
2013.03.13 00:55:06.636,1.30265,1.30272
2013.03.13 00:55:06.705,1.30265,1.30272
2013.03.13 00:55:07.262,1.30265,1.30272
2013.03.13 00:55:09.993,1.30267,1.30272
2013.03.13 00:55:10.544,1.30267,1.30272
2013.03.13 00:55:11.204,1.30267,1.30272
2013.03.13 00:55:11.983,1.30266,1.30271
2013.03.13 00:55:15.133,1.30265,1.30271
2013.03.13 00:55:16.452,1.30266,1.30271
2013.03.13 00:55:17.078,1.30265,1.30272
2013.03.13 00:55:17.597,1.30266,1.30272
2013.03.13 00:55:18.323,1.30267,1.30272
2013.03.13 00:55:18.852,1.30267,1.30272
2013.03.13 00:55:19.410,1.30267,1.30272
2013.03.13 00:55:20.582,1.30267,1.30272
2013.03.13 00:55:20.702,1.30265,1.30272
2013.03.13 00:55:20.763,1.30263,1.30272
2013.03.13 00:55:20.942,1.30264,1.30269
2013.03.13 00:55:21.425,1.30264,1.30269
2013.03.13 00:55:21.743,1.30263,1.30269
2013.03.13 00:55:21.923,1.30262,1.30269
2013.03.13 00:55:22.437,1.30262,1.30269
2013.03.13 00:55:22.624,1.30262,1.30268
2013.03.13 00:55:23.104,1.30263,1.30269
2013.03.13 00:55:23.342,1.30263,1.30269
2013.03.13 00:55:34.727,1.30264,1.30269
2013.03.13 00:55:36.302,1.30265,1.30269
2013.03.13 00:55:36.602,1.30266,1.3027
2013.03.13 00:55:37.919,1.30269,1.30273
2013.03.13 00:55:40.773,1.30269,1.30274
2013.03.13 00:55:40.953,1.30269,1.30274
2013.03.13 00:55:41.194,1.30268,1.30277
2013.03.13 00:55:41.317,1.30269,1.30278
2013.03.13 00:55:41.385,1.30271,1.30278
2013.03.13 00:55:41.972,1.30271,1.30279
2013.03.13 00:55:42.542,1.30272,1.3028
2013.03.13 00:55:45.158,1.30274,1.3028
2013.03.13 00:55:45.954,1.30278,1.30283
2013.03.13 00:55:46.015,1.30274,1.30282
2013.03.13 00:55:46.134,1.30271,1.30279
2013.03.13 00:55:46.252,1.3027,1.30279
2013.03.13 00:55:46.612,1.3027,1.30275
2013.03.13 00:55:47.614,1.3027,1.30275
2013.03.13 00:55:47.792,1.30273,1.30277
2013.03.13 00:55:47.852,1.30273,1.30278
2013.03.13 00:55:48.342,1.30273,1.30278
2013.03.13 00:55:48.524,1.30271,1.30277
2013.03.13 00:55:49.003,1.3027,1.30275
2013.03.13 00:55:51.952,1.3027,1.30276
2013.03.13 00:55:52.494,1.30269,1.30275
2013.03.13 00:55:54.203,1.30269,1.30275
2013.03.13 00:55:54.322,1.3027,1.30275
2013.03.13 00:55:54.882,1.30269,1.30275
2013.03.13 00:55:56.572,1.3027,1.30278
2013.03.13 00:56:04.794,1.30271,1.30278
2013.03.13 00:56:05.033,1.30271,1.30279
2013.03.13 00:56:05.282,1.30271,1.3028
2013.03.13 00:56:07.154,1.30276,1.30282
2013.03.13 00:56:07.800,1.30275,1.30282
2013.03.13 00:56:08.693,1.30275,1.30282
2013.03.13 00:56:09.083,1.30272,1.3028
2013.03.13 00:56:09.264,1.30272,1.30278
2013.03.13 00:56:09.383,1.30272,1.30278
2013.03.13 00:56:09.922,1.30274,1.3028
2013.03.13 00:56:10.682,1.30274,1.3028
2013.03.13 00:56:11.222,1.30272,1.30279
2013.03.13 00:56:12.618,1.30272,1.30277
2013.03.13 00:56:19.703,1.30271,1.30276
2013.03.13 00:56:19.943,1.30267,1.30273
2013.03.13 00:56:20.657,1.30266,1.30271
2013.03.13 00:56:20.731,1.30265,1.30272
2013.03.13 00:56:21.202,1.30266,1.30272
2013.03.13 00:56:24.164,1.30268,1.30272
2013.03.13 00:56:24.283,1.30268,1.30273
2013.03.13 00:56:30.764,1.30268,1.30275
2013.03.13 00:56:33.023,1.30269,1.30274
2013.03.13 00:56:34.242,1.30269,1.30276
2013.03.13 00:56:38.773,1.3027,1.30276
2013.03.13 00:56:44.388,1.30271,1.30276
2013.03.13 00:56:44.703,1.3027,1.30276
2013.03.13 00:56:48.933,1.3027,1.30276
2013.03.13 00:56:51.206,1.3027,1.30276
2013.03.13 00:56:52.302,1.3027,1.30276
2013.03.13 00:56:53.025,1.30271,1.30278
2013.03.13 00:56:53.144,1.30273,1.30278
2013.03.13 00:56:53.846,1.30274,1.30279
2013.03.13 00:56:54.354,1.30276,1.30279
2013.03.13 00:56:55.003,1.30276,1.3028
2013.03.13 00:56:55.304,1.30277,1.30281
2013.03.13 00:56:55.423,1.30277,1.30281
2013.03.13 00:56:55.963,1.30279,1.30283
2013.03.13 00:56:56.023,1.30277,1.30282
2013.03.13 00:57:05.704,1.30278,1.30282
2013.03.13 00:57:05.763,1.30278,1.30282
2013.03.13 00:57:06.064,1.30278,1.30283
2013.03.13 00:57:06.125,1.30278,1.30284
2013.03.13 00:57:06.194,1.30279,1.30285
2013.03.13 00:57:06.314,1.30279,1.30287
2013.03.13 00:57:06.895,1.30281,1.30287
2013.03.13 00:57:07.445,1.30282,1.30288
2013.03.13 00:57:07.754,1.30285,1.3029
2013.03.13 00:57:08.123,1.30285,1.3029
2013.03.13 00:57:14.985,1.30283,1.3029
2013.03.13 00:57:17.384,1.30282,1.30288
2013.03.13 00:57:17.804,1.30279,1.30286
2013.03.13 00:57:18.480,1.3028,1.30286
2013.03.13 00:57:23.632,1.30281,1.30287
2013.03.13 00:57:24.182,1.30281,1.30287
2013.03.13 00:57:31.368,1.30281,1.30287
2013.03.13 00:57:35.243,1.30283,1.30288
2013.03.13 00:57:35.363,1.30284,1.30291
2013.03.13 00:57:35.543,1.30285,1.30292
2013.03.13 00:57:36.082,1.30286,1.30292
2013.03.13 00:57:36.465,1.30286,1.30292
2013.03.13 00:57:51.044,1.30284,1.3029
2013.03.13 00:57:51.162,1.30284,1.30288
2013.03.13 00:57:51.703,1.30283,1.30288
2013.03.13 00:57:55.765,1.30283,1.30287
2013.03.13 00:57:55.824,1.30283,1.30287
2013.03.13 00:57:56.074,1.3028,1.30287
2013.03.13 00:57:56.373,1.30281,1.30285
2013.03.13 00:57:57.354,1.30282,1.30286
2013.03.13 00:57:57.862,1.30282,1.30287
2013.03.13 00:58:00.222,1.30282,1.30287
2013.03.13 00:58:00.763,1.30282,1.30288
2013.03.13 00:58:01.303,1.30283,1.30288
2013.03.13 00:58:01.842,1.30282,1.30287
2013.03.13 00:58:02.085,1.3028,1.30284
2013.03.13 00:58:02.612,1.3028,1.30284
2013.03.13 00:58:03.514,1.3028,1.30285
2013.03.13 00:58:04.054,1.3028,1.30284
2013.03.13 00:58:04.664,1.3028,1.30284
2013.03.13 00:58:04.964,1.30282,1.30287
2013.03.13 00:58:07.464,1.30283,1.30287
2013.03.13 00:58:08.433,1.30281,1.30285
2013.03.13 00:58:10.519,1.30282,1.30287
2013.03.13 00:58:12.623,1.30282,1.30288
2013.03.13 00:58:12.983,1.30284,1.30289
2013.03.13 00:58:13.403,1.30285,1.3029
2013.03.13 00:58:13.704,1.30288,1.30293
2013.03.13 00:58:14.244,1.30287,1.30291
2013.03.13 00:58:14.423,1.30286,1.30291
2013.03.13 00:58:14.663,1.30283,1.30287
2013.03.13 00:58:15.144,1.30286,1.3029
2013.03.13 00:58:15.203,1.30286,1.30291
2013.03.13 00:58:17.094,1.30286,1.30291
2013.03.13 00:58:17.162,1.30288,1.30291
2013.03.13 00:58:17.226,1.30288,1.30291
2013.03.13 00:58:17.535,1.30289,1.30294
2013.03.13 00:58:17.605,1.30288,1.30294
2013.03.13 00:58:17.962,1.30287,1.30292
2013.03.13 00:58:20.853,1.30288,1.30292
2013.03.13 00:58:22.494,1.3029,1.30295
2013.03.13 00:58:22.556,1.3029,1.30295
2013.03.13 00:58:23.103,1.30292,1.30295
2013.03.13 00:58:25.243,1.30292,1.30294
2013.03.13 00:58:28.484,1.3029,1.30294
2013.03.13 00:58:29.713,1.30292,1.30296
2013.03.13 00:58:30.904,1.30291,1.30294
2013.03.13 00:58:31.085,1.30289,1.30295
2013.03.13 00:58:31.649,1.30289,1.30294
2013.03.13 00:58:33.503,1.30289,1.30294
2013.03.13 00:58:36.284,1.30289,1.30294
2013.03.13 00:58:36.463,1.3029,1.30295
2013.03.13 00:58:36.656,1.30292,1.30296
2013.03.13 00:58:36.963,1.3029,1.30296
2013.03.13 00:58:37.023,1.3029,1.30296
2013.03.13 00:58:37.444,1.30291,1.30296
2013.03.13 00:58:37.566,1.30292,1.30297
2013.03.13 00:58:37.638,1.30294,1.30301
2013.03.13 00:58:37.944,1.30295,1.30301
2013.03.13 00:58:38.123,1.30296,1.30302
2013.03.13 00:58:38.185,1.30297,1.30303
2013.03.13 00:58:38.555,1.30298,1.30303
2013.03.13 00:58:38.674,1.30299,1.30304
2013.03.13 00:58:38.793,1.30299,1.30304
2013.03.13 00:58:40.858,1.30299,1.30303
2013.03.13 00:58:40.925,1.30297,1.30303
2013.03.13 00:58:41.174,1.30297,1.30301
2013.03.13 00:58:41.474,1.30296,1.303
2013.03.13 00:58:44.133,1.30295,1.30299
2013.03.13 00:58:44.694,1.30294,1.30299
2013.03.13 00:58:45.265,1.30292,1.30298
2013.03.13 00:58:45.324,1.30293,1.30298
2013.03.13 00:58:45.882,1.30294,1.30298
2013.03.13 00:58:47.483,1.30294,1.30298
2013.03.13 00:58:47.663,1.30292,1.30296
2013.03.13 00:58:47.723,1.30292,1.30296
2013.03.13 00:58:48.263,1.30294,1.30298
2013.03.13 00:58:50.893,1.30293,1.30301
2013.03.13 00:58:51.135,1.30295,1.303
2013.03.13 00:58:52.725,1.30295,1.303
2013.03.13 00:58:53.084,1.30296,1.30302
2013.03.13 00:58:53.206,1.30299,1.30305
2013.03.13 00:58:53.274,1.30299,1.30306
2013.03.13 00:58:53.695,1.30299,1.30307
2013.03.13 00:58:53.824,1.303,1.30307
2013.03.13 00:58:53.886,1.303,1.30308
2013.03.13 00:58:54.015,1.30302,1.30308
2013.03.13 00:58:54.253,1.30302,1.30309
2013.03.13 00:58:54.313,1.30303,1.3031
2013.03.13 00:58:54.372,1.30307,1.30313
2013.03.13 00:58:54.553,1.30307,1.30314
2013.03.13 00:58:55.033,1.30308,1.30313
2013.03.13 00:58:56.653,1.30307,1.3031
2013.03.13 00:58:56.953,1.30303,1.30309
2013.03.13 00:58:57.314,1.30305,1.30311
2013.03.13 00:58:57.435,1.30305,1.30312
2013.03.13 00:58:57.973,1.30306,1.30312
2013.03.13 00:58:59.396,1.30306,1.30312
2013.03.13 00:58:59.923,1.30306,1.30311
2013.03.13 00:59:00.483,1.30307,1.30312
2013.03.13 00:59:01.083,1.30308,1.30312
2013.03.13 00:59:01.444,1.30309,1.30316
2013.03.13 00:59:02.284,1.30309,1.30316
2013.03.13 00:59:02.644,1.30309,1.30312
2013.03.13 00:59:02.703,1.30305,1.30311
2013.03.13 00:59:02.764,1.30308,1.30311
2013.03.13 00:59:02.883,1.30308,1.30313
2013.03.13 00:59:03.003,1.30307,1.3031
2013.03.13 00:59:03.123,1.30303,1.30309
2013.03.13 00:59:03.363,1.303,1.30307
2013.03.13 00:59:03.483,1.303,1.30307
2013.03.13 00:59:03.543,1.303,1.30306
2013.03.13 00:59:03.603,1.303,1.30306
2013.03.13 00:59:04.037,1.30298,1.30305
2013.03.13 00:59:04.104,1.30298,1.30305
2013.03.13 00:59:04.644,1.30297,1.30304
2013.03.13 00:59:11.862,1.30297,1.30304
2013.03.13 00:59:12.403,1.30297,1.30305
2013.03.13 00:59:15.195,1.30297,1.30305
2013.03.13 00:59:15.873,1.30297,1.30305
2013.03.13 00:59:16.403,1.30296,1.30303
2013.03.13 00:59:18.585,1.30296,1.30303
2013.03.13 00:59:19.246,1.30294,1.30299
2013.03.13 00:59:19.821,1.30294,1.30299
2013.03.13 00:59:21.132,1.30294,1.30299
2013.03.13 00:59:21.613,1.30295,1.30302
2013.03.13 00:59:21.673,1.30295,1.30302
2013.03.13 00:59:22.043,1.30296,1.30301
2013.03.13 00:59:24.962,1.30296,1.30301
2013.03.13 00:59:25.262,1.30296,1.30301
2013.03.13 00:59:25.773,1.30295,1.30301
2013.03.13 00:59:26.952,1.30295,1.30301
2013.03.13 00:59:27.467,1.30294,1.30299
2013.03.13 00:59:32.556,1.30293,1.30299
2013.03.13 00:59:32.628,1.30289,1.30297
2013.03.13 00:59:33.173,1.30289,1.30296
2013.03.13 00:59:33.737,1.30289,1.30296
2013.03.13 00:59:37.363,1.30289,1.30296
2013.03.13 00:59:42.743,1.30289,1.30296
2013.03.13 00:59:55.443,1.30289,1.30296
2013.03.13 00:59:55.564,1.30289,1.30296
2013.03.13 00:59:56.342,1.30289,1.30296
2013.03.13 00:59:56.884,1.30291,1.30298
2013.03.13 00:59:58.823,1.3029,1.30297
2013.03.13 01:00:00.722,1.30289,1.30296
2013.03.13 01:00:01.623,1.30291,1.30297
2013.03.13 01:00:02.132,1.30292,1.30299
2013.03.13 01:00:02.193,1.30292,1.303
2013.03.13 01:00:02.737,1.30292,1.303
2013.03.13 01:00:06.583,1.30294,1.303
2013.03.13 01:00:06.893,1.30295,1.30301
2013.03.13 01:00:07.313,1.30296,1.30303
2013.03.13 01:00:07.493,1.30297,1.30304
2013.03.13 01:00:10.898,1.303,1.30305
2013.03.13 01:00:11.143,1.30301,1.30307
2013.03.13 01:00:12.643,1.303,1.30306
2013.03.13 01:00:13.183,1.30299,1.30304
2013.03.13 01:00:19.545,1.303,1.30306
2013.03.13 01:00:19.663,1.303,1.30306
2013.03.13 01:00:22.953,1.30301,1.30306
2013.03.13 01:00:23.833,1.30301,1.30306
2013.03.13 01:00:24.383,1.303,1.30306
2013.03.13 01:00:25.363,1.30298,1.30304
2013.03.13 01:00:27.413,1.30297,1.30304
2013.03.13 01:00:27.803,1.30297,1.30304
2013.03.13 01:00:31.033,1.30299,1.30306
2013.03.13 01:00:31.772,1.30299,1.30306
2013.03.13 01:00:33.984,1.30299,1.30306
2013.03.13 01:00:41.684,1.303,1.30305
2013.03.13 01:00:45.795,1.30299,1.30304
2013.03.13 01:00:45.917,1.303,1.30307
2013.03.13 01:00:46.478,1.303,1.30307
2013.03.13 01:00:52.174,1.303,1.30307
2013.03.13 01:00:54.534,1.30302,1.30307
2013.03.13 01:00:54.954,1.30303,1.30309
2013.03.13 01:00:55.255,1.30306,1.30312
2013.03.13 01:00:55.615,1.30307,1.30313
2013.03.13 01:00:56.543,1.30307,1.30313
2013.03.13 01:00:56.724,1.30307,1.30313
2013.03.13 01:00:59.616,1.30307,1.30314
2013.03.13 01:01:00.164,1.30309,1.30314
2013.03.13 01:01:01.444,1.30309,1.30313
2013.03.13 01:01:01.564,1.30308,1.30312
2013.03.13 01:01:01.743,1.30309,1.30315
2013.03.13 01:01:04.356,1.30309,1.30315
2013.03.13 01:01:04.903,1.30309,1.30315
2013.03.13 01:01:05.464,1.30309,1.30315
2013.03.13 01:01:06.020,1.30308,1.30315
2013.03.13 01:01:08.383,1.30308,1.30315
2013.03.13 01:01:10.175,1.30306,1.30313
2013.03.13 01:01:10.715,1.30306,1.30313
2013.03.13 01:01:11.264,1.30307,1.30313
2013.03.13 01:01:11.324,1.30308,1.30313
2013.03.13 01:01:13.475,1.30309,1.30315
2013.03.13 01:01:13.534,1.30308,1.30315
2013.03.13 01:01:13.837,1.30308,1.30315
2013.03.13 01:01:13.907,1.30308,1.30316
2013.03.13 01:01:14.036,1.30309,1.30315
2013.03.13 01:01:14.864,1.30309,1.30315
2013.03.13 01:01:15.186,1.30308,1.30315
2013.03.13 01:01:15.784,1.30308,1.30315
2013.03.13 01:01:18.794,1.30307,1.30315
2013.03.13 01:01:20.354,1.30307,1.30313
2013.03.13 01:01:20.715,1.30307,1.30313
2013.03.13 01:01:20.773,1.30307,1.30311
2013.03.13 01:01:22.436,1.30306,1.30311
2013.03.13 01:01:22.565,1.30305,1.30311
2013.03.13 01:01:22.925,1.30303,1.30312
2013.03.13 01:01:22.987,1.30303,1.3031
2013.03.13 01:01:23.355,1.30303,1.30309
2013.03.13 01:01:23.416,1.30302,1.30308
2013.03.13 01:01:23.596,1.30301,1.30307
2013.03.13 01:01:25.695,1.30301,1.30305
2013.03.13 01:01:26.185,1.30299,1.30306
2013.03.13 01:01:26.437,1.30298,1.30305
2013.03.13 01:01:26.565,1.30298,1.30303
2013.03.13 01:01:27.129,1.30297,1.30303
2013.03.13 01:01:32.684,1.30296,1.30303
2013.03.13 01:01:48.874,1.30296,1.30301
2013.03.13 01:01:49.396,1.30295,1.303
2013.03.13 01:02:00.416,1.30291,1.30297
2013.03.13 01:02:00.715,1.30293,1.303
2013.03.13 01:02:01.016,1.30293,1.30299
2013.03.13 01:02:01.376,1.30293,1.30297
2013.03.13 01:02:01.884,1.30291,1.30296
2013.03.13 01:02:02.423,1.30291,1.30296
2013.03.13 01:02:03.776,1.30291,1.30296
2013.03.13 01:02:04.315,1.30291,1.30296
2013.03.13 01:02:06.574,1.30291,1.30296
2013.03.13 01:02:07.076,1.30291,1.30296
2013.03.13 01:02:20.120,1.30292,1.30297
2013.03.13 01:02:20.386,1.30292,1.30298
2013.03.13 01:02:20.579,1.30292,1.30297
2013.03.13 01:02:21.844,1.30292,1.30298
2013.03.13 01:02:21.965,1.30292,1.30297
2013.03.13 01:02:22.755,1.30292,1.30297
2013.03.13 01:02:31.934,1.30292,1.30298
2013.03.13 01:02:32.121,1.30292,1.30297
2013.03.13 01:02:32.725,1.30292,1.30297
2013.03.13 01:02:34.274,1.30292,1.30298
2013.03.13 01:02:39.263,1.30291,1.30297
2013.03.13 01:02:42.807,1.30289,1.30296
2013.03.13 01:02:42.876,1.30289,1.30293
2013.03.13 01:02:42.940,1.3029,1.30293
2013.03.13 01:02:45.784,1.3029,1.30295
2013.03.13 01:02:46.324,1.3029,1.30295
2013.03.13 01:02:46.864,1.3029,1.30294
2013.03.13 01:02:56.904,1.30287,1.30293
2013.03.13 01:02:57.264,1.30291,1.30296
2013.03.13 01:02:57.814,1.30291,1.30296
2013.03.13 01:03:04.673,1.30292,1.30296
2013.03.13 01:03:12.043,1.30291,1.30297
2013.03.13 01:03:12.353,1.3029,1.30297
2013.03.13 01:03:12.873,1.3029,1.30295
2013.03.13 01:03:13.413,1.30289,1.30295
2013.03.13 01:03:14.265,1.30288,1.30294
2013.03.13 01:03:14.694,1.30287,1.30292
2013.03.13 01:03:15.204,1.30289,1.30294
2013.03.13 01:03:15.804,1.30289,1.30295
2013.03.13 01:03:15.985,1.3029,1.30295
2013.03.13 01:03:18.177,1.30289,1.30293
2013.03.13 01:03:18.305,1.30289,1.30293
2013.03.13 01:03:18.882,1.30287,1.30293
2013.03.13 01:03:22.354,1.30289,1.30293
2013.03.13 01:03:22.783,1.30288,1.30295
2013.03.13 01:03:23.145,1.30289,1.30295
2013.03.13 01:03:24.714,1.30289,1.30297
2013.03.13 01:03:24.786,1.30289,1.30295
2013.03.13 01:03:29.454,1.30289,1.30294
2013.03.13 01:03:29.960,1.30288,1.30294
2013.03.13 01:03:31.555,1.30289,1.30294
2013.03.13 01:03:33.254,1.30289,1.30295
2013.03.13 01:03:33.734,1.30289,1.30293
2013.03.13 01:03:36.334,1.30287,1.30293
2013.03.13 01:03:37.584,1.30289,1.30293
2013.03.13 01:03:46.405,1.30289,1.30294
2013.03.13 01:03:46.549,1.30291,1.30297
2013.03.13 01:03:46.619,1.30291,1.30297
2013.03.13 01:03:46.689,1.30293,1.30299
2013.03.13 01:03:46.755,1.30293,1.303
2013.03.13 01:03:46.815,1.30295,1.303
2013.03.13 01:03:46.935,1.30296,1.303
2013.03.13 01:03:47.483,1.30295,1.30299
2013.03.13 01:03:50.604,1.30298,1.30303
2013.03.13 01:03:50.785,1.303,1.30306
2013.03.13 01:03:50.904,1.303,1.30306
2013.03.13 01:03:51.085,1.30299,1.30306
2013.03.13 01:03:51.505,1.30301,1.30308
2013.03.13 01:03:51.685,1.30303,1.30309
2013.03.13 01:03:51.744,1.30303,1.3031
2013.03.13 01:03:52.225,1.303,1.30307
2013.03.13 01:03:52.284,1.30301,1.30306
2013.03.13 01:03:52.586,1.30297,1.30304
2013.03.13 01:03:52.645,1.30297,1.30304
2013.03.13 01:03:52.894,1.30297,1.30303
2013.03.13 01:03:54.054,1.30296,1.30303
2013.03.13 01:03:55.794,1.30296,1.30302
2013.03.13 01:03:56.096,1.30293,1.30299
2013.03.13 01:03:56.168,1.3029,1.30297
2013.03.13 01:03:57.205,1.3029,1.30297
2013.03.13 01:03:57.576,1.30293,1.303
2013.03.13 01:03:57.634,1.30295,1.30302
2013.03.13 01:03:57.695,1.30297,1.30305
2013.03.13 01:03:58.115,1.30297,1.30304
2013.03.13 01:03:59.024,1.30297,1.30304
2013.03.13 01:04:01.583,1.30298,1.30304
2013.03.13 01:04:02.136,1.30298,1.30304
2013.03.13 01:04:04.154,1.30299,1.30305
2013.03.13 01:04:04.394,1.30301,1.30307
2013.03.13 01:04:06.394,1.30299,1.30305
2013.03.13 01:04:07.074,1.30298,1.30305
2013.03.13 01:04:07.824,1.30297,1.30304
2013.03.13 01:04:08.920,1.30297,1.30304
2013.03.13 01:04:09.284,1.30299,1.30304
2013.03.13 01:04:11.514,1.303,1.30304
2013.03.13 01:04:12.494,1.303,1.30305
2013.03.13 01:04:13.045,1.303,1.30305
2013.03.13 01:04:27.044,1.303,1.30304
2013.03.13 01:04:27.595,1.30299,1.30303
2013.03.13 01:04:29.035,1.30299,1.30305
2013.03.13 01:04:29.214,1.30301,1.30305
2013.03.13 01:04:30.975,1.303,1.30305
2013.03.13 01:04:31.580,1.30301,1.30306
2013.03.13 01:04:33.085,1.303,1.30304
2013.03.13 01:04:33.515,1.303,1.30304
2013.03.13 01:04:36.566,1.303,1.30304
2013.03.13 01:04:42.454,1.30299,1.30303
2013.03.13 01:04:43.310,1.30299,1.30304
2013.03.13 01:04:45.294,1.30298,1.30303
2013.03.13 01:04:46.814,1.30299,1.30303
2013.03.13 01:04:57.113,1.30299,1.30304
2013.03.13 01:04:58.255,1.303,1.30304
2013.03.13 01:04:58.794,1.30301,1.30305
2013.03.13 01:05:01.535,1.303,1.30305
2013.03.13 01:05:01.654,1.303,1.30304
2013.03.13 01:05:02.204,1.30302,1.30306
2013.03.13 01:05:04.646,1.303,1.30305
2013.03.13 01:05:05.184,1.30301,1.30305
2013.03.13 01:05:07.244,1.30299,1.30305
2013.03.13 01:05:07.897,1.30299,1.30305
2013.03.13 01:05:08.325,1.30298,1.30303
2013.03.13 01:05:09.194,1.30298,1.30304
2013.03.13 01:05:09.495,1.30298,1.30304
2013.03.13 01:05:16.749,1.30298,1.30304
2013.03.13 01:05:17.255,1.30298,1.30304
2013.03.13 01:05:33.416,1.303,1.30305
2013.03.13 01:05:33.674,1.30301,1.30306
2013.03.13 01:05:34.264,1.30302,1.30306
2013.03.13 01:05:34.625,1.30303,1.30308
2013.03.13 01:05:35.174,1.30303,1.30308
2013.03.13 01:05:36.069,1.30303,1.30308
2013.03.13 01:05:37.084,1.30304,1.30309
2013.03.13 01:05:41.163,1.30301,1.30309
2013.03.13 01:05:41.224,1.30301,1.30306
2013.03.13 01:05:41.464,1.30299,1.30306
2013.03.13 01:05:41.586,1.30298,1.30303
2013.03.13 01:05:42.124,1.30297,1.30303
2013.03.13 01:05:42.715,1.30296,1.30301
2013.03.13 01:05:43.075,1.30294,1.30301
2013.03.13 01:05:43.435,1.30294,1.30301
2013.03.13 01:05:43.673,1.30296,1.30302
2013.03.13 01:05:44.405,1.30296,1.30302
2013.03.13 01:05:45.136,1.30296,1.30302
2013.03.13 01:05:46.508,1.30296,1.30301
2013.03.13 01:05:46.814,1.30293,1.303
2013.03.13 01:05:46.995,1.30294,1.303
2013.03.13 01:05:47.534,1.30294,1.30299
2013.03.13 01:05:49.096,1.30294,1.30299
2013.03.13 01:05:51.534,1.30294,1.30299
2013.03.13 01:05:51.656,1.30295,1.30302
2013.03.13 01:05:52.444,1.30295,1.30302
2013.03.13 01:05:52.683,1.30296,1.30304
2013.03.13 01:05:52.865,1.30299,1.30305
2013.03.13 01:05:53.285,1.30301,1.30308
2013.03.13 01:05:54.243,1.303,1.30306
2013.03.13 01:05:54.785,1.303,1.30306
2013.03.13 01:05:55.334,1.30299,1.30306
2013.03.13 01:05:55.874,1.30299,1.30306
2013.03.13 01:06:05.774,1.30298,1.30306
2013.03.13 01:06:12.164,1.303,1.30306
2013.03.13 01:06:13.885,1.303,1.30306
2013.03.13 01:06:18.677,1.30297,1.30305
2013.03.13 01:06:19.034,1.30297,1.30303
2013.03.13 01:06:19.095,1.30296,1.30303
2013.03.13 01:06:19.635,1.30295,1.30302
2013.03.13 01:06:19.768,1.30292,1.30298
2013.03.13 01:06:20.135,1.30293,1.30301
2013.03.13 01:06:20.494,1.30295,1.30301
2013.03.13 01:06:22.954,1.30296,1.30302
2013.03.13 01:06:25.757,1.303,1.30304
2013.03.13 01:06:28.703,1.303,1.30306
2013.03.13 01:06:29.744,1.303,1.30306
2013.03.13 01:06:30.286,1.30301,1.30306
2013.03.13 01:06:30.824,1.30303,1.30308
2013.03.13 01:06:30.885,1.30303,1.30308
2013.03.13 01:06:32.655,1.30301,1.30308
2013.03.13 01:06:33.195,1.30301,1.30308
2013.03.13 01:06:33.765,1.30299,1.30307
2013.03.13 01:06:34.125,1.30299,1.30306
2013.03.13 01:06:34.185,1.30299,1.30306
2013.03.13 01:06:34.725,1.30301,1.30307
2013.03.13 01:06:35.288,1.30301,1.30307
2013.03.13 01:06:35.415,1.30299,1.30306
2013.03.13 01:06:41.364,1.30298,1.30305
2013.03.13 01:06:41.914,1.30298,1.30305
2013.03.13 01:06:43.034,1.30297,1.30305
2013.03.13 01:06:48.043,1.30297,1.30304
2013.03.13 01:06:48.164,1.30297,1.30304
2013.03.13 01:06:48.468,1.30296,1.30304
2013.03.13 01:06:48.536,1.30295,1.30303
2013.03.13 01:06:49.074,1.30295,1.30301
2013.03.13 01:06:49.614,1.30293,1.30299
2013.03.13 01:06:51.414,1.30293,1.303
2013.03.13 01:06:52.119,1.30296,1.30301
2013.03.13 01:06:52.192,1.30298,1.30305
2013.03.13 01:06:53.124,1.30298,1.30305
2013.03.13 01:06:53.305,1.30298,1.30305
2013.03.13 01:06:58.454,1.303,1.30306
2013.03.13 01:07:08.795,1.303,1.30307
2013.03.13 01:07:11.087,1.30298,1.30305
2013.03.13 01:07:11.215,1.30298,1.30305
2013.03.13 01:07:11.275,1.30297,1.30305
2013.03.13 01:07:12.147,1.30297,1.30304
2013.03.13 01:07:13.114,1.30297,1.30304
2013.03.13 01:07:14.114,1.30296,1.30303
2013.03.13 01:07:14.655,1.30294,1.30301
2013.03.13 01:07:15.164,1.30294,1.30302
2013.03.13 01:07:18.389,1.30294,1.30301
2013.03.13 01:07:19.106,1.30294,1.303
2013.03.13 01:07:19.416,1.30289,1.30298
2013.03.13 01:07:19.655,1.30289,1.30298
2013.03.13 01:07:21.346,1.30292,1.30298
2013.03.13 01:07:23.114,1.3029,1.30297
2013.03.13 01:07:23.474,1.30288,1.30295
2013.03.13 01:07:23.979,1.30288,1.30295
2013.03.13 01:07:24.888,1.3029,1.30296
2013.03.13 01:07:26.655,1.30292,1.30297
2013.03.13 01:07:26.775,1.30292,1.30298
2013.03.13 01:07:27.557,1.3029,1.30297
2013.03.13 01:07:27.626,1.30289,1.30295
2013.03.13 01:07:27.986,1.30288,1.30295
2013.03.13 01:07:28.344,1.30288,1.30295
2013.03.13 01:07:29.314,1.3029,1.30295
2013.03.13 01:07:29.817,1.30292,1.30297
2013.03.13 01:07:33.044,1.30293,1.30297
2013.03.13 01:07:33.166,1.30293,1.30299
2013.03.13 01:07:33.346,1.30293,1.30299
2013.03.13 01:07:33.525,1.30293,1.30299
2013.03.13 01:07:52.975,1.30294,1.30301
2013.03.13 01:07:53.534,1.30297,1.30303
2013.03.13 01:07:58.753,1.30297,1.30303
2013.03.13 01:08:01.686,1.30297,1.30304
2013.03.13 01:08:02.195,1.30297,1.30304
2013.03.13 01:08:02.773,1.30298,1.30305
2013.03.13 01:08:04.775,1.30298,1.30305
2013.03.13 01:08:08.155,1.30298,1.30305
2013.03.13 01:08:19.815,1.30296,1.30303
2013.03.13 01:08:19.998,1.30297,1.30304
2013.03.13 01:08:22.007,1.30297,1.30303
2013.03.13 01:08:22.548,1.30297,1.30303
2013.03.13 01:08:27.974,1.30297,1.30301
2013.03.13 01:08:32.075,1.30296,1.30303
2013.03.13 01:08:53.315,1.30297,1.30302
2013.03.13 01:08:56.784,1.30297,1.30302
2013.03.13 01:09:05.785,1.30297,1.30302
2013.03.13 01:09:07.010,1.30297,1.30303
2013.03.13 01:09:14.814,1.30296,1.30303
2013.03.13 01:09:23.122,1.30295,1.30303
2013.03.13 01:09:24.672,1.30295,1.30301
2013.03.13 01:09:30.395,1.30295,1.30301
2013.03.13 01:09:31.145,1.30293,1.30301
2013.03.13 01:09:31.447,1.3029,1.30298
2013.03.13 01:09:31.576,1.30291,1.30297
2013.03.13 01:09:31.636,1.30291,1.30297
2013.03.13 01:09:32.276,1.3029,1.30295
2013.03.13 01:09:33.536,1.3029,1.30295
2013.03.13 01:09:35.410,1.30289,1.30295
2013.03.13 01:09:38.997,1.30289,1.30295
2013.03.13 01:09:39.175,1.30286,1.30292
2013.03.13 01:09:39.295,1.30286,1.30292
2013.03.13 01:09:40.575,1.30288,1.30294
2013.03.13 01:09:41.310,1.3029,1.30294
2013.03.13 01:09:41.846,1.3029,1.30296
2013.03.13 01:09:43.969,1.3029,1.30293
2013.03.13 01:09:44.156,1.30288,1.30294
2013.03.13 01:09:44.336,1.30288,1.30293
2013.03.13 01:09:45.105,1.30288,1.30292
2013.03.13 01:09:45.238,1.30286,1.30293
2013.03.13 01:09:45.368,1.30284,1.30292
2013.03.13 01:09:45.494,1.30284,1.30293
2013.03.13 01:09:45.995,1.30285,1.30292
2013.03.13 01:09:52.206,1.30286,1.30293
2013.03.13 01:09:52.745,1.30286,1.30292
2013.03.13 01:09:54.845,1.30287,1.30294
2013.03.13 01:09:55.269,1.30286,1.30295
2013.03.13 01:09:55.337,1.30287,1.30293
2013.03.13 01:09:55.576,1.30286,1.30293
2013.03.13 01:09:55.995,1.30286,1.30292
2013.03.13 01:09:56.056,1.30282,1.30289
2013.03.13 01:09:56.176,1.30285,1.30292
2013.03.13 01:09:56.236,1.30285,1.30292
2013.03.13 01:09:56.595,1.30287,1.30294
2013.03.13 01:09:59.012,1.30287,1.30294
2013.03.13 01:09:59.555,1.3029,1.30295
2013.03.13 01:10:00.347,1.3029,1.30298
2013.03.13 01:10:00.885,1.3029,1.30298
2013.03.13 01:10:04.795,1.3029,1.30298
2013.03.13 01:10:04.855,1.30292,1.30298
2013.03.13 01:10:05.459,1.30292,1.30298
2013.03.13 01:10:05.533,1.30292,1.30298
2013.03.13 01:10:06.035,1.3029,1.30296
2013.03.13 01:10:06.800,1.30289,1.30296
2013.03.13 01:10:08.728,1.30288,1.30296
2013.03.13 01:10:08.797,1.30288,1.30294
2013.03.13 01:10:08.977,1.30286,1.30293
2013.03.13 01:10:09.095,1.30286,1.30293
2013.03.13 01:10:15.075,1.30285,1.30292
2013.03.13 01:10:19.315,1.30286,1.30292
2013.03.13 01:10:20.714,1.30288,1.30294
2013.03.13 01:10:21.685,1.30288,1.30294
2013.03.13 01:10:22.197,1.30287,1.30294
2013.03.13 01:10:24.821,1.30286,1.30294
2013.03.13 01:10:25.861,1.30287,1.30294
2013.03.13 01:10:26.046,1.30286,1.30294
2013.03.13 01:10:26.466,1.30288,1.30295
2013.03.13 01:10:27.893,1.30288,1.30295
2013.03.13 01:10:29.877,1.3029,1.30296
2013.03.13 01:10:30.595,1.3029,1.30296
2013.03.13 01:10:31.428,1.3029,1.30296
2013.03.13 01:10:31.933,1.3029,1.30296
2013.03.13 01:10:35.525,1.30288,1.30296
2013.03.13 01:10:36.125,1.30288,1.30295
2013.03.13 01:10:39.465,1.30289,1.30295
2013.03.13 01:10:40.353,1.30289,1.30295
2013.03.13 01:11:03.305,1.30288,1.30295
2013.03.13 01:11:07.644,1.30289,1.30295
2013.03.13 01:11:27.415,1.30288,1.30295
2013.03.13 01:11:36.085,1.30288,1.30295
2013.03.13 01:11:42.459,1.30288,1.30296
2013.03.13 01:11:54.458,1.30289,1.30296
2013.03.13 01:12:01.470,1.30287,1.30296
2013.03.13 01:12:02.385,1.30287,1.30295
2013.03.13 01:12:03.159,1.30287,1.30296
2013.03.13 01:12:05.577,1.30287,1.30295
2013.03.13 01:12:05.648,1.30287,1.30293
2013.03.13 01:12:06.195,1.30285,1.30291
2013.03.13 01:12:52.585,1.30287,1.30292
2013.03.13 01:12:54.865,1.30286,1.30292
2013.03.13 01:13:05.639,1.30286,1.30293
2013.03.13 01:13:20.145,1.30287,1.30295
2013.03.13 01:13:23.800,1.3029,1.30295
2013.03.13 01:13:24.346,1.30291,1.30297
2013.03.13 01:13:24.465,1.30291,1.30299
2013.03.13 01:13:24.526,1.30292,1.30299
2013.03.13 01:13:30.937,1.30292,1.30299
2013.03.13 01:13:31.297,1.30292,1.30298
2013.03.13 01:13:31.357,1.30291,1.30297
2013.03.13 01:13:31.597,1.30288,1.30296
2013.03.13 01:13:31.776,1.30288,1.30295
2013.03.13 01:13:32.076,1.30288,1.30295
2013.03.13 01:13:34.655,1.30287,1.30294
2013.03.13 01:13:35.335,1.30287,1.30294
2013.03.13 01:13:38.826,1.30286,1.30292
2013.03.13 01:13:43.045,1.30287,1.30293
2013.03.13 01:13:52.805,1.30287,1.30293
2013.03.13 01:13:53.643,1.30287,1.30293
2013.03.13 01:13:58.175,1.30286,1.30292
2013.03.13 01:14:02.154,1.30287,1.30292
2013.03.13 01:14:13.386,1.30287,1.30293
2013.03.13 01:14:17.138,1.30289,1.30294
2013.03.13 01:14:17.696,1.30289,1.30293
2013.03.13 01:14:19.728,1.3029,1.30294
2013.03.13 01:14:20.227,1.3029,1.30294
2013.03.13 01:14:21.967,1.30289,1.30293
2013.03.13 01:14:22.528,1.30289,1.30294
2013.03.13 01:14:23.855,1.3029,1.30294
2013.03.13 01:14:24.155,1.30291,1.30296
2013.03.13 01:14:24.691,1.30291,1.30296
2013.03.13 01:14:26.837,1.30292,1.30297
2013.03.13 01:14:26.955,1.30292,1.30297
2013.03.13 01:14:27.435,1.30292,1.30299
2013.03.13 01:14:27.615,1.30292,1.30299
2013.03.13 01:14:28.585,1.30295,1.303
2013.03.13 01:14:28.945,1.30295,1.303
2013.03.13 01:14:29.446,1.30295,1.303
2013.03.13 01:14:35.066,1.30295,1.303
2013.03.13 01:14:35.787,1.30296,1.303
2013.03.13 01:14:36.454,1.30296,1.30301
2013.03.13 01:14:42.696,1.30296,1.30302
2013.03.13 01:14:46.005,1.30296,1.30301
2013.03.13 01:14:50.154,1.30295,1.30301
2013.03.13 01:14:51.847,1.30295,1.30301
2013.03.13 01:14:56.367,1.30295,1.30301
2013.03.13 01:14:56.950,1.30295,1.30301
2013.03.13 01:14:57.935,1.30295,1.30301
2013.03.13 01:14:58.909,1.30295,1.30301
2013.03.13 01:15:04.396,1.30295,1.30301
2013.03.13 01:15:05.879,1.30295,1.30301
2013.03.13 01:15:06.700,1.30295,1.30301
2013.03.13 01:15:19.789,1.30294,1.30301
2013.03.13 01:15:33.935,1.30296,1.30301
2013.03.13 01:15:35.871,1.30295,1.30301
2013.03.13 01:15:38.126,1.30295,1.30301
2013.03.13 01:15:43.937,1.30295,1.30302
2013.03.13 01:15:52.706,1.30295,1.30301
2013.03.13 01:15:53.185,1.30293,1.30298
2013.03.13 01:15:53.726,1.30293,1.30299
2013.03.13 01:15:57.117,1.30294,1.303
2013.03.13 01:15:57.785,1.30294,1.303
2013.03.13 01:16:05.025,1.30295,1.303
2013.03.13 01:16:05.535,1.30295,1.303
2013.03.13 01:16:06.151,1.30295,1.303
