Time,Bid,Ask
2013.03.25 00:00:00.512,1.30185,1.30193
2013.03.25 00:00:00.872,1.30185,1.30192
2013.03.25 00:00:01.232,1.30187,1.30193
2013.03.25 00:00:01.533,1.3019,1.30195
2013.03.25 00:00:01.953,1.30186,1.30193
2013.03.25 00:00:02.375,1.30186,1.30193
2013.03.25 00:00:02.442,1.30185,1.3019
2013.03.25 00:00:02.683,1.30182,1.30189
2013.03.25 00:00:03.042,1.30177,1.30183
2013.03.25 00:00:03.102,1.30177,1.30183
2013.03.25 00:00:03.222,1.30175,1.30182
2013.03.25 00:00:04.319,1.30176,1.30183
2013.03.25 00:00:04.882,1.30177,1.30183
2013.03.25 00:00:05.192,1.30177,1.30183
2013.03.25 00:00:05.882,1.30178,1.30183
2013.03.25 00:00:05.943,1.3018,1.30184
2013.03.25 00:00:06.063,1.30181,1.30186
2013.03.25 00:00:06.123,1.30181,1.30188
2013.03.25 00:00:06.483,1.30184,1.30189
2013.03.25 00:00:06.722,1.30183,1.30189
2013.03.25 00:00:06.964,1.30182,1.30185
2013.03.25 00:00:07.325,1.30184,1.30186
2013.03.25 00:00:07.395,1.30186,1.3019
2013.03.25 00:00:07.514,1.30185,1.30189
2013.03.25 00:00:07.753,1.30181,1.30186
2013.03.25 00:00:07.873,1.30181,1.30184
2013.03.25 00:00:08.413,1.30182,1.30186
2013.03.25 00:00:08.533,1.30183,1.30189
2013.03.25 00:00:08.592,1.30183,1.30189
2013.03.25 00:00:09.132,1.30184,1.30189
2013.03.25 00:00:09.432,1.30187,1.3019
2013.03.25 00:00:09.793,1.30189,1.30194
2013.03.25 00:00:10.213,1.30188,1.30191
2013.03.25 00:00:10.453,1.30184,1.30189
2013.03.25 00:00:10.515,1.30183,1.30186
2013.03.25 00:00:10.574,1.3018,1.30185
2013.03.25 00:00:10.813,1.3018,1.30184
2013.03.25 00:00:11.174,1.30177,1.30181
2013.03.25 00:00:11.713,1.30175,1.30178
2013.03.25 00:00:11.904,1.30173,1.30175
2013.03.25 00:00:12.203,1.30175,1.3018
2013.03.25 00:00:12.563,1.30176,1.30182
2013.03.25 00:00:13.283,1.30178,1.30185
2013.03.25 00:00:13.936,1.3018,1.30187
2013.03.25 00:00:14.003,1.3018,1.30186
2013.03.25 00:00:14.126,1.3018,1.30187
2013.03.25 00:00:14.493,1.3018,1.30189
2013.03.25 00:00:14.552,1.30182,1.30189
2013.03.25 00:00:14.912,1.30179,1.30187
2013.03.25 00:00:15.532,1.3018,1.30189
2013.03.25 00:00:16.425,1.30184,1.3019
2013.03.25 00:00:16.972,1.30185,1.3019
2013.03.25 00:00:17.702,1.30185,1.30191
2013.03.25 00:00:18.122,1.30185,1.30191
2013.03.25 00:00:18.742,1.30186,1.30192
2013.03.25 00:00:19.173,1.30189,1.30192
2013.03.25 00:00:19.472,1.3019,1.30195
2013.03.25 00:00:21.363,1.30189,1.30194
2013.03.25 00:00:21.603,1.30185,1.30189
2013.03.25 00:00:21.903,1.3018,1.30184
2013.03.25 00:00:22.023,1.3018,1.30185
2013.03.25 00:00:22.335,1.30182,1.30187
2013.03.25 00:00:22.692,1.30184,1.30189
2013.03.25 00:00:23.713,1.30185,1.3019
2013.03.25 00:00:24.253,1.30187,1.30193
2013.03.25 00:00:24.632,1.30186,1.30193
2013.03.25 00:00:25.324,1.30189,1.30193
2013.03.25 00:00:25.503,1.3019,1.30194
2013.03.25 00:00:25.863,1.3019,1.30194
2013.03.25 00:00:26.223,1.30192,1.30196
2013.03.25 00:00:26.762,1.30192,1.30196
2013.03.25 00:00:27.122,1.30191,1.30198
2013.03.25 00:00:27.184,1.30192,1.30198
2013.03.25 00:00:27.543,1.30192,1.30198
2013.03.25 00:00:27.962,1.30192,1.30198
2013.03.25 00:00:28.542,1.30192,1.30198
2013.03.25 00:00:29.085,1.30193,1.302
2013.03.25 00:00:29.632,1.30193,1.302
2013.03.25 00:00:30.636,1.30193,1.302
2013.03.25 00:00:30.714,1.30194,1.302
2013.03.25 00:00:32.962,1.30194,1.30201
2013.03.25 00:00:33.912,1.30195,1.30201
2013.03.25 00:00:34.453,1.30195,1.30202
2013.03.25 00:00:34.992,1.30195,1.30202
2013.03.25 00:00:35.532,1.30195,1.30202
2013.03.25 00:00:35.833,1.30195,1.302
2013.03.25 00:00:36.377,1.30195,1.302
2013.03.25 00:00:36.956,1.30195,1.302
2013.03.25 00:00:37.543,1.30196,1.30201
2013.03.25 00:00:38.045,1.30197,1.30202
2013.03.25 00:00:38.227,1.30199,1.30204
2013.03.25 00:00:38.475,1.30203,1.30207
2013.03.25 00:00:38.903,1.30201,1.30206
2013.03.25 00:00:39.425,1.30201,1.30206
2013.03.25 00:00:39.784,1.30204,1.30207
2013.03.25 00:00:40.085,1.30205,1.3021
2013.03.25 00:00:40.504,1.30208,1.30213
2013.03.25 00:00:40.565,1.30208,1.30214
2013.03.25 00:00:41.164,1.30209,1.30213
2013.03.25 00:00:41.466,1.30207,1.3021
2013.03.25 00:00:41.598,1.30205,1.3021
2013.03.25 00:00:42.109,1.30205,1.30211
2013.03.25 00:00:42.354,1.30206,1.30212
2013.03.25 00:00:42.836,1.30207,1.30214
2013.03.25 00:00:43.607,1.30205,1.30211
2013.03.25 00:00:44.046,1.30204,1.3021
2013.03.25 00:00:44.175,1.30203,1.3021
2013.03.25 00:00:44.294,1.30204,1.3021
2013.03.25 00:00:45.294,1.30205,1.30211
2013.03.25 00:00:46.023,1.30203,1.30209
2013.03.25 00:00:46.324,1.30205,1.30211
2013.03.25 00:00:48.374,1.30203,1.30209
2013.03.25 00:00:48.914,1.30204,1.3021
2013.03.25 00:00:50.225,1.30204,1.3021
2013.03.25 00:00:50.764,1.30203,1.30207
2013.03.25 00:00:51.556,1.30203,1.30208
2013.03.25 00:00:52.046,1.302,1.30204
2013.03.25 00:00:52.235,1.30195,1.302
2013.03.25 00:00:52.774,1.30194,1.302
2013.03.25 00:00:54.847,1.30196,1.302
2013.03.25 00:00:54.916,1.30196,1.30201
2013.03.25 00:00:54.984,1.30197,1.30202
2013.03.25 00:00:55.106,1.302,1.30202
2013.03.25 00:00:56.192,1.30198,1.30203
2013.03.25 00:00:57.299,1.30199,1.30204
2013.03.25 00:00:57.604,1.30205,1.30209
2013.03.25 00:00:57.664,1.30207,1.3021
2013.03.25 00:00:57.724,1.30208,1.3021
2013.03.25 00:00:58.295,1.3021,1.30214
2013.03.25 00:00:58.621,1.3021,1.30214
2013.03.25 00:00:59.464,1.30207,1.30214
2013.03.25 00:01:00.245,1.30208,1.30214
2013.03.25 00:01:00.423,1.30207,1.30214
2013.03.25 00:01:00.604,1.30208,1.30215
2013.03.25 00:01:01.156,1.30208,1.30215
2013.03.25 00:01:01.663,1.30207,1.30215
2013.03.25 00:01:02.204,1.30207,1.30212
2013.03.25 00:01:02.744,1.30209,1.30211
2013.03.25 00:01:03.164,1.30206,1.30212
2013.03.25 00:01:04.124,1.30206,1.30211
2013.03.25 00:01:04.803,1.30207,1.30212
2013.03.25 00:01:05.364,1.30207,1.30212
2013.03.25 00:01:07.693,1.30207,1.30212
2013.03.25 00:01:07.996,1.30201,1.30206
2013.03.25 00:01:08.067,1.302,1.30206
2013.03.25 00:01:08.195,1.30199,1.30203
2013.03.25 00:01:08.314,1.30198,1.30203
2013.03.25 00:01:08.734,1.302,1.30204
2013.03.25 00:01:09.035,1.30202,1.30209
2013.03.25 00:01:09.093,1.30201,1.30208
2013.03.25 00:01:09.726,1.30206,1.30213
2013.03.25 00:01:10.884,1.30205,1.30212
2013.03.25 00:01:11.424,1.30205,1.30211
2013.03.25 00:01:11.604,1.30206,1.30213
2013.03.25 00:01:11.985,1.3021,1.30215
2013.03.25 00:01:12.165,1.30212,1.30215
2013.03.25 00:01:12.344,1.3021,1.30216
2013.03.25 00:01:12.465,1.30213,1.30217
2013.03.25 00:01:12.704,1.30213,1.30217
2013.03.25 00:01:12.767,1.30211,1.30216
2013.03.25 00:01:12.835,1.3021,1.30215
2013.03.25 00:01:13.074,1.30208,1.30214
2013.03.25 00:01:13.698,1.30208,1.30214
2013.03.25 00:01:14.795,1.30208,1.30212
2013.03.25 00:01:14.856,1.30209,1.30212
2013.03.25 00:01:15.404,1.30205,1.3021
2013.03.25 00:01:15.944,1.30206,1.3021
2013.03.25 00:01:16.305,1.30207,1.3021
2013.03.25 00:01:16.915,1.30202,1.30208
2013.03.25 00:01:17.166,1.302,1.30205
2013.03.25 00:01:17.234,1.30199,1.30204
2013.03.25 00:01:17.294,1.302,1.30204
2013.03.25 00:01:17.533,1.30196,1.30202
2013.03.25 00:01:17.594,1.30196,1.30203
2013.03.25 00:01:17.774,1.30196,1.30202
2013.03.25 00:01:18.420,1.30196,1.30202
2013.03.25 00:01:20.664,1.30196,1.30203
2013.03.25 00:01:20.785,1.302,1.30202
2013.03.25 00:01:21.504,1.30199,1.30204
2013.03.25 00:01:25.255,1.302,1.30205
2013.03.25 00:01:25.504,1.30198,1.30204
2013.03.25 00:01:26.133,1.30198,1.30204
2013.03.25 00:01:30.530,1.30204,1.30207
2013.03.25 00:01:30.595,1.30205,1.30209
2013.03.25 00:01:30.779,1.30205,1.3021
2013.03.25 00:01:31.084,1.30203,1.30207
2013.03.25 00:01:31.743,1.30203,1.3021
2013.03.25 00:01:31.803,1.30203,1.30209
2013.03.25 00:01:33.583,1.30203,1.30209
2013.03.25 00:01:34.164,1.30203,1.30208
2013.03.25 00:01:35.014,1.30203,1.3021
2013.03.25 00:01:35.195,1.30203,1.30208
2013.03.25 00:01:36.914,1.30203,1.30208
2013.03.25 00:01:37.454,1.30203,1.30208
2013.03.25 00:01:39.173,1.30203,1.30209
2013.03.25 00:01:40.499,1.30204,1.30209
2013.03.25 00:01:40.578,1.30204,1.30207
2013.03.25 00:01:40.834,1.30201,1.30205
2013.03.25 00:01:41.083,1.30196,1.30202
2013.03.25 00:01:45.184,1.30195,1.30201
2013.03.25 00:01:46.183,1.30196,1.30201
2013.03.25 00:01:46.268,1.30194,1.30199
2013.03.25 00:01:46.480,1.30191,1.30197
2013.03.25 00:01:46.617,1.30191,1.30197
2013.03.25 00:01:47.044,1.30193,1.30198
2013.03.25 00:01:47.405,1.30192,1.30195
2013.03.25 00:01:47.954,1.30192,1.30197
2013.03.25 00:01:48.255,1.30191,1.30195
2013.03.25 00:01:49.182,1.30191,1.30195
2013.03.25 00:01:49.261,1.30193,1.30199
2013.03.25 00:01:49.634,1.30192,1.30197
2013.03.25 00:01:50.055,1.30191,1.30195
2013.03.25 00:01:50.775,1.30191,1.30195
2013.03.25 00:01:54.974,1.30192,1.30196
2013.03.25 00:01:56.558,1.30192,1.30196
2013.03.25 00:01:57.919,1.3019,1.30193
2013.03.25 00:01:58.105,1.30187,1.30191
2013.03.25 00:01:58.725,1.30187,1.30192
2013.03.25 00:01:59.275,1.30187,1.30191
2013.03.25 00:02:00.349,1.30187,1.30191
2013.03.25 00:02:00.496,1.30183,1.30187
2013.03.25 00:02:00.638,1.30183,1.30185
2013.03.25 00:02:00.837,1.30178,1.30183
2013.03.25 00:02:00.904,1.30177,1.30182
2013.03.25 00:02:01.443,1.30178,1.30181
2013.03.25 00:02:01.564,1.30172,1.30179
2013.03.25 00:02:01.866,1.30174,1.30175
2013.03.25 00:02:01.936,1.30174,1.30175
2013.03.25 00:02:02.067,1.3017,1.30174
2013.03.25 00:02:02.793,1.30169,1.30173
2013.03.25 00:02:03.335,1.30169,1.30173
2013.03.25 00:02:03.395,1.30169,1.30172
2013.03.25 00:02:03.457,1.30168,1.30171
2013.03.25 00:02:03.525,1.30165,1.30168
2013.03.25 00:02:03.780,1.30159,1.30162
2013.03.25 00:02:03.905,1.30155,1.30159
2013.03.25 00:02:04.024,1.30154,1.3016
2013.03.25 00:02:04.323,1.30155,1.30159
2013.03.25 00:02:04.505,1.30153,1.30157
2013.03.25 00:02:05.507,1.30153,1.30159
2013.03.25 00:02:05.576,1.30154,1.3016
2013.03.25 00:02:06.113,1.30154,1.30159
2013.03.25 00:02:06.533,1.30154,1.30157
2013.03.25 00:02:06.835,1.30148,1.30153
2013.03.25 00:02:07.024,1.30146,1.3015
2013.03.25 00:02:07.208,1.30145,1.3015
2013.03.25 00:02:07.455,1.30147,1.3015
2013.03.25 00:02:07.995,1.30147,1.30153
2013.03.25 00:02:08.534,1.3015,1.30154
2013.03.25 00:02:08.715,1.30151,1.30156
2013.03.25 00:02:08.844,1.30153,1.30158
2013.03.25 00:02:09.263,1.30152,1.30159
2013.03.25 00:02:09.804,1.30156,1.3016
2013.03.25 00:02:09.865,1.30156,1.30161
2013.03.25 00:02:10.344,1.30156,1.30162
2013.03.25 00:02:10.404,1.30162,1.30164
2013.03.25 00:02:10.524,1.30158,1.30164
2013.03.25 00:02:10.883,1.30156,1.30162
2013.03.25 00:02:11.004,1.30155,1.3016
2013.03.25 00:02:11.543,1.30153,1.30159
2013.03.25 00:02:12.090,1.30154,1.30159
2013.03.25 00:02:13.174,1.30154,1.30159
2013.03.25 00:02:13.976,1.30153,1.30159
2013.03.25 00:02:14.533,1.30153,1.30159
2013.03.25 00:02:14.834,1.3015,1.30152
2013.03.25 00:02:15.075,1.30145,1.3015
2013.03.25 00:02:15.136,1.30145,1.30149
2013.03.25 00:02:15.445,1.30143,1.30148
2013.03.25 00:02:15.564,1.30141,1.30145
2013.03.25 00:02:15.684,1.30141,1.30145
2013.03.25 00:02:15.744,1.3014,1.30145
2013.03.25 00:02:16.045,1.30135,1.30142
2013.03.25 00:02:16.226,1.30138,1.30143
2013.03.25 00:02:16.764,1.30137,1.30142
2013.03.25 00:02:17.305,1.30137,1.30142
2013.03.25 00:02:19.026,1.30139,1.30145
2013.03.25 00:02:19.094,1.30141,1.30145
2013.03.25 00:02:19.406,1.30144,1.30149
2013.03.25 00:02:19.475,1.30144,1.30149
2013.03.25 00:02:19.594,1.30145,1.3015
2013.03.25 00:02:20.016,1.30145,1.3015
2013.03.25 00:02:20.327,1.30145,1.30149
2013.03.25 00:02:20.887,1.30144,1.30149
2013.03.25 00:02:21.434,1.30145,1.30149
2013.03.25 00:02:21.855,1.30143,1.30147
2013.03.25 00:02:22.549,1.30144,1.30149
2013.03.25 00:02:22.735,1.30144,1.30147
2013.03.25 00:02:22.855,1.30141,1.30143
2013.03.25 00:02:23.166,1.30138,1.30143
2013.03.25 00:02:23.296,1.30138,1.30143
2013.03.25 00:02:23.547,1.30137,1.30143
2013.03.25 00:02:23.674,1.30137,1.30143
2013.03.25 00:02:23.734,1.30136,1.30143
2013.03.25 00:02:24.556,1.30137,1.30143
2013.03.25 00:02:25.174,1.30136,1.3014
2013.03.25 00:02:25.654,1.30135,1.30138
2013.03.25 00:02:25.835,1.30133,1.30136
2013.03.25 00:02:26.026,1.30134,1.30139
2013.03.25 00:02:26.574,1.30135,1.30139
2013.03.25 00:02:26.876,1.30136,1.30141
2013.03.25 00:02:27.424,1.30136,1.3014
2013.03.25 00:02:27.668,1.30137,1.30141
2013.03.25 00:02:27.735,1.30139,1.30143
2013.03.25 00:02:27.973,1.30139,1.30143
2013.03.25 00:02:28.034,1.30139,1.30143
2013.03.25 00:02:28.575,1.30137,1.30143
2013.03.25 00:02:28.874,1.30137,1.30143
2013.03.25 00:02:29.205,1.30136,1.30142
2013.03.25 00:02:30.625,1.3014,1.30143
2013.03.25 00:02:30.684,1.3014,1.30143
2013.03.25 00:02:31.703,1.3014,1.30143
2013.03.25 00:02:32.374,1.3014,1.30145
2013.03.25 00:02:32.924,1.30138,1.30142
2013.03.25 00:02:33.465,1.30138,1.30142
2013.03.25 00:02:33.585,1.30141,1.30144
2013.03.25 00:02:33.886,1.30141,1.30145
2013.03.25 00:02:34.125,1.30141,1.30147
2013.03.25 00:02:34.663,1.30143,1.30148
2013.03.25 00:02:34.906,1.30141,1.30144
2013.03.25 00:02:35.214,1.3014,1.30144
2013.03.25 00:02:35.526,1.30139,1.30142
2013.03.25 00:02:35.715,1.30138,1.30141
2013.03.25 00:02:36.144,1.30136,1.3014
2013.03.25 00:02:36.684,1.30135,1.30139
2013.03.25 00:02:37.476,1.30134,1.30138
2013.03.25 00:02:38.119,1.30133,1.30137
2013.03.25 00:02:38.784,1.30126,1.3013
2013.03.25 00:02:39.333,1.30126,1.3013
2013.03.25 00:02:40.114,1.30126,1.3013
2013.03.25 00:02:40.235,1.30126,1.3013
2013.03.25 00:02:41.268,1.30129,1.30132
2013.03.25 00:02:41.594,1.30131,1.30135
2013.03.25 00:02:41.774,1.30132,1.30135
2013.03.25 00:02:42.015,1.30134,1.30136
2013.03.25 00:02:42.150,1.30136,1.3014
2013.03.25 00:02:42.693,1.30137,1.30141
2013.03.25 00:02:44.166,1.30137,1.30141
2013.03.25 00:02:44.535,1.30138,1.30142
2013.03.25 00:02:44.894,1.3014,1.30145
2013.03.25 00:02:45.076,1.30141,1.30145
2013.03.25 00:02:45.206,1.30143,1.30146
2013.03.25 00:02:45.565,1.30143,1.30148
2013.03.25 00:02:47.295,1.30143,1.30148
2013.03.25 00:02:48.663,1.30143,1.30147
2013.03.25 00:02:49.570,1.30143,1.30147
2013.03.25 00:02:49.874,1.3014,1.30144
2013.03.25 00:02:49.936,1.3014,1.30144
2013.03.25 00:02:50.124,1.30139,1.30144
2013.03.25 00:02:50.425,1.30139,1.30144
2013.03.25 00:02:50.485,1.3014,1.30145
2013.03.25 00:02:51.774,1.3014,1.30145
2013.03.25 00:02:51.896,1.30144,1.30146
2013.03.25 00:02:52.135,1.30142,1.30148
2013.03.25 00:02:52.194,1.30144,1.30148
2013.03.25 00:02:52.664,1.30144,1.30149
2013.03.25 00:02:54.084,1.30144,1.30149
2013.03.25 00:02:54.206,1.30147,1.3015
2013.03.25 00:02:54.275,1.3015,1.30154
2013.03.25 00:02:54.345,1.30151,1.30156
2013.03.25 00:02:54.406,1.30154,1.30158
2013.03.25 00:02:54.707,1.30158,1.30164
2013.03.25 00:02:54.776,1.3016,1.30164
2013.03.25 00:02:55.314,1.3016,1.30164
2013.03.25 00:02:55.854,1.3016,1.30164
2013.03.25 00:02:56.394,1.3016,1.30165
2013.03.25 00:02:58.373,1.3016,1.30165
2013.03.25 00:02:58.674,1.30165,1.30168
2013.03.25 00:02:58.915,1.30167,1.30173
2013.03.25 00:02:58.975,1.3017,1.30172
2013.03.25 00:02:59.035,1.3017,1.30174
2013.03.25 00:02:59.155,1.30172,1.30178
2013.03.25 00:02:59.394,1.30171,1.30178
2013.03.25 00:02:59.455,1.30172,1.30178
2013.03.25 00:02:59.995,1.30172,1.30178
2013.03.25 00:03:00.359,1.30173,1.3018
2013.03.25 00:03:00.605,1.30172,1.30178
2013.03.25 00:03:00.785,1.30174,1.30179
2013.03.25 00:03:00.915,1.30176,1.30183
2013.03.25 00:03:00.975,1.30175,1.3018
2013.03.25 00:03:01.035,1.30176,1.30178
2013.03.25 00:03:01.218,1.30172,1.30178
2013.03.25 00:03:01.286,1.30174,1.30179
2013.03.25 00:03:01.404,1.30175,1.3018
2013.03.25 00:03:02.376,1.30174,1.30177
2013.03.25 00:03:02.903,1.30175,1.30178
2013.03.25 00:03:03.214,1.30173,1.30178
2013.03.25 00:03:03.317,1.30174,1.30178
2013.03.25 00:03:03.687,1.30173,1.30176
2013.03.25 00:03:03.994,1.3017,1.30173
2013.03.25 00:03:04.355,1.30167,1.3017
2013.03.25 00:03:04.665,1.30166,1.30171
2013.03.25 00:03:04.844,1.30166,1.30169
2013.03.25 00:03:05.205,1.30166,1.3017
2013.03.25 00:03:05.507,1.30168,1.30172
2013.03.25 00:03:05.875,1.30164,1.30168
2013.03.25 00:03:06.415,1.30165,1.3017
2013.03.25 00:03:07.505,1.30166,1.3017
2013.03.25 00:03:09.695,1.30166,1.3017
2013.03.25 00:03:10.564,1.30166,1.3017
2013.03.25 00:03:10.985,1.30165,1.30169
2013.03.25 00:03:11.046,1.30168,1.3017
2013.03.25 00:03:11.108,1.30168,1.3017
2013.03.25 00:03:11.376,1.30165,1.30168
2013.03.25 00:03:11.434,1.3016,1.30164
2013.03.25 00:03:11.974,1.30159,1.30164
2013.03.25 00:03:12.514,1.30161,1.30164
2013.03.25 00:03:13.054,1.30161,1.30164
2013.03.25 00:03:13.594,1.30159,1.30162
2013.03.25 00:03:14.699,1.30159,1.30163
2013.03.25 00:03:14.934,1.30161,1.30165
2013.03.25 00:03:15.233,1.30163,1.30167
2013.03.25 00:03:16.058,1.30163,1.30167
2013.03.25 00:03:16.564,1.30164,1.30169
2013.03.25 00:03:16.684,1.30165,1.3017
2013.03.25 00:03:17.044,1.30168,1.3017
2013.03.25 00:03:17.105,1.30168,1.30173
2013.03.25 00:03:17.165,1.30168,1.30172
2013.03.25 00:03:17.703,1.30169,1.30173
2013.03.25 00:03:18.243,1.30168,1.30172
2013.03.25 00:03:18.755,1.30168,1.30172
2013.03.25 00:03:19.294,1.30169,1.30172
2013.03.25 00:03:19.654,1.30172,1.30175
2013.03.25 00:03:19.775,1.30172,1.30174
2013.03.25 00:03:19.835,1.30173,1.30177
2013.03.25 00:03:19.895,1.30174,1.30178
2013.03.25 00:03:20.443,1.30175,1.30179
2013.03.25 00:03:20.963,1.30175,1.3018
2013.03.25 00:03:21.083,1.30175,1.30179
2013.03.25 00:03:22.458,1.30174,1.30178
2013.03.25 00:03:23.063,1.30175,1.30179
2013.03.25 00:03:23.798,1.30175,1.30179
2013.03.25 00:03:25.164,1.30175,1.30178
2013.03.25 00:03:25.703,1.30175,1.3018
2013.03.25 00:03:26.499,1.30175,1.30179
2013.03.25 00:03:27.053,1.30175,1.30179
2013.03.25 00:03:28.215,1.30175,1.30179
2013.03.25 00:03:28.744,1.30175,1.3018
2013.03.25 00:03:28.866,1.30178,1.3018
2013.03.25 00:03:28.926,1.30177,1.3018
2013.03.25 00:03:29.475,1.30178,1.3018
2013.03.25 00:03:31.334,1.30177,1.3018
2013.03.25 00:03:31.874,1.30177,1.3018
2013.03.25 00:03:33.074,1.30176,1.3018
2013.03.25 00:03:33.625,1.30175,1.30178
2013.03.25 00:03:33.684,1.30173,1.30178
2013.03.25 00:03:34.224,1.30173,1.30177
2013.03.25 00:03:34.404,1.30176,1.30178
2013.03.25 00:03:34.464,1.30174,1.30177
2013.03.25 00:03:34.784,1.30174,1.30178
2013.03.25 00:03:35.205,1.30172,1.30175
2013.03.25 00:03:35.567,1.30167,1.30172
2013.03.25 00:03:35.635,1.30166,1.30171
2013.03.25 00:03:35.815,1.30165,1.30168
2013.03.25 00:03:36.386,1.30165,1.30169
2013.03.25 00:03:37.004,1.30165,1.3017
2013.03.25 00:03:37.679,1.30165,1.30169
2013.03.25 00:03:38.665,1.30169,1.30171
2013.03.25 00:03:38.794,1.3017,1.30174
2013.03.25 00:03:38.854,1.3017,1.30172
2013.03.25 00:03:39.214,1.30165,1.30169
2013.03.25 00:03:39.754,1.30163,1.30166
2013.03.25 00:03:41.524,1.30163,1.30167
2013.03.25 00:03:41.583,1.30165,1.30167
2013.03.25 00:03:41.964,1.30163,1.30167
2013.03.25 00:03:42.144,1.30164,1.30168
2013.03.25 00:03:42.384,1.30163,1.30168
2013.03.25 00:03:42.504,1.30163,1.30168
2013.03.25 00:03:43.103,1.30163,1.30167
2013.03.25 00:03:43.163,1.30163,1.30166
2013.03.25 00:03:43.347,1.30163,1.30165
2013.03.25 00:03:43.653,1.30158,1.30162
2013.03.25 00:03:43.835,1.30158,1.30161
2013.03.25 00:03:44.255,1.30158,1.30161
2013.03.25 00:03:44.616,1.30159,1.30163
2013.03.25 00:03:44.687,1.30159,1.30164
2013.03.25 00:03:44.758,1.30159,1.30162
2013.03.25 00:03:44.885,1.30155,1.3016
2013.03.25 00:03:45.003,1.30155,1.3016
2013.03.25 00:03:45.504,1.30154,1.30157
2013.03.25 00:03:45.684,1.30151,1.30155
2013.03.25 00:03:45.744,1.30152,1.30155
2013.03.25 00:03:46.297,1.30151,1.30155
2013.03.25 00:03:46.846,1.30151,1.30155
2013.03.25 00:03:48.067,1.30151,1.30154
2013.03.25 00:03:48.142,1.30149,1.30152
2013.03.25 00:03:49.995,1.30148,1.30152
2013.03.25 00:03:50.178,1.30149,1.30152
2013.03.25 00:03:50.724,1.30146,1.30151
2013.03.25 00:03:51.143,1.30147,1.30151
2013.03.25 00:03:51.686,1.30147,1.30151
2013.03.25 00:03:52.484,1.30147,1.30152
2013.03.25 00:03:53.034,1.30149,1.30152
2013.03.25 00:03:53.333,1.30145,1.3015
2013.03.25 00:03:54.213,1.30145,1.3015
2013.03.25 00:03:54.394,1.30145,1.3015
2013.03.25 00:03:55.454,1.30145,1.30148
2013.03.25 00:03:55.994,1.30144,1.30148
2013.03.25 00:03:56.613,1.30143,1.30148
2013.03.25 00:03:57.153,1.30144,1.30148
2013.03.25 00:03:57.645,1.30145,1.3015
2013.03.25 00:03:57.963,1.30146,1.30151
2013.03.25 00:03:58.716,1.30146,1.30151
2013.03.25 00:03:59.384,1.30147,1.30151
2013.03.25 00:03:59.686,1.30152,1.30155
2013.03.25 00:03:59.865,1.30153,1.30159
2013.03.25 00:04:00.403,1.30154,1.30159
2013.03.25 00:04:00.964,1.30154,1.30159
2013.03.25 00:04:03.234,1.30155,1.30159
2013.03.25 00:04:04.614,1.30153,1.30158
2013.03.25 00:04:05.211,1.30153,1.30159
2013.03.25 00:04:05.394,1.30154,1.30159
2013.03.25 00:04:05.704,1.30156,1.30159
2013.03.25 00:04:06.623,1.30156,1.30159
2013.03.25 00:04:06.984,1.30156,1.30158
2013.03.25 00:04:07.524,1.30155,1.30158
2013.03.25 00:04:07.883,1.30155,1.30158
2013.03.25 00:04:08.424,1.30155,1.30159
2013.03.25 00:04:09.885,1.30157,1.3016
2013.03.25 00:04:09.948,1.30157,1.30159
2013.03.25 00:04:10.075,1.30156,1.30159
2013.03.25 00:04:10.255,1.30156,1.30159
2013.03.25 00:04:10.315,1.30159,1.30163
2013.03.25 00:04:10.374,1.30162,1.30167
2013.03.25 00:04:11.129,1.30165,1.30168
2013.03.25 00:04:11.220,1.30167,1.30172
2013.03.25 00:04:11.823,1.30167,1.30172
2013.03.25 00:04:12.364,1.30165,1.3017
2013.03.25 00:04:13.273,1.30167,1.30172
2013.03.25 00:04:13.873,1.30167,1.30172
2013.03.25 00:04:15.203,1.30167,1.30172
2013.03.25 00:04:15.964,1.30167,1.30173
2013.03.25 00:04:16.147,1.30167,1.30173
2013.03.25 00:04:18.028,1.30169,1.30174
2013.03.25 00:04:18.574,1.30169,1.30174
2013.03.25 00:04:19.974,1.3017,1.30174
2013.03.25 00:04:21.485,1.30171,1.30175
2013.03.25 00:04:21.604,1.30172,1.30177
2013.03.25 00:04:21.724,1.30175,1.3018
2013.03.25 00:04:22.264,1.30176,1.3018
2013.03.25 00:04:22.326,1.30178,1.30181
2013.03.25 00:04:22.874,1.30177,1.30182
2013.03.25 00:04:23.404,1.30177,1.30182
2013.03.25 00:04:24.694,1.30178,1.30183
2013.03.25 00:04:25.282,1.30178,1.30183
2013.03.25 00:04:25.823,1.30179,1.30183
2013.03.25 00:04:26.383,1.30179,1.30183
2013.03.25 00:04:26.786,1.30178,1.30181
2013.03.25 00:04:26.904,1.30177,1.3018
2013.03.25 00:04:27.416,1.3018,1.30182
2013.03.25 00:04:27.538,1.30181,1.30185
2013.03.25 00:04:27.605,1.30182,1.30185
2013.03.25 00:04:27.724,1.30183,1.30187
2013.03.25 00:04:27.904,1.30183,1.30186
2013.03.25 00:04:28.025,1.30182,1.30186
2013.03.25 00:04:28.085,1.30185,1.30186
2013.03.25 00:04:28.325,1.30186,1.3019
2013.03.25 00:04:28.864,1.30187,1.30191
2013.03.25 00:04:30.083,1.30186,1.30191
2013.03.25 00:04:30.594,1.30185,1.30191
2013.03.25 00:04:32.115,1.30186,1.3019
2013.03.25 00:04:34.588,1.30187,1.3019
2013.03.25 00:04:35.381,1.30187,1.3019
2013.03.25 00:04:35.686,1.30191,1.30193
2013.03.25 00:04:35.806,1.30191,1.30193
2013.03.25 00:04:36.175,1.3019,1.30193
2013.03.25 00:04:36.294,1.30189,1.30192
2013.03.25 00:04:38.700,1.30189,1.30195
2013.03.25 00:04:39.254,1.30189,1.30192
2013.03.25 00:04:39.806,1.30188,1.30193
2013.03.25 00:04:40.314,1.30188,1.30193
2013.03.25 00:04:40.856,1.30188,1.30193
2013.03.25 00:04:41.434,1.30187,1.3019
2013.03.25 00:04:44.454,1.30187,1.30191
2013.03.25 00:04:45.323,1.30187,1.3019
2013.03.25 00:04:46.457,1.30189,1.30191
2013.03.25 00:04:46.585,1.30192,1.30197
2013.03.25 00:04:46.655,1.30195,1.30199
2013.03.25 00:04:46.834,1.30195,1.30202
2013.03.25 00:04:47.015,1.30198,1.30204
2013.03.25 00:04:47.374,1.30198,1.30204
2013.03.25 00:04:47.879,1.30198,1.30203
2013.03.25 00:04:48.125,1.30198,1.30203
2013.03.25 00:04:48.673,1.30198,1.30202
2013.03.25 00:04:49.185,1.30197,1.302
2013.03.25 00:04:50.204,1.30197,1.30201
2013.03.25 00:04:50.287,1.3019,1.30194
2013.03.25 00:04:50.356,1.3019,1.30192
2013.03.25 00:04:50.665,1.30186,1.30189
2013.03.25 00:04:51.386,1.30185,1.30188
2013.03.25 00:04:51.695,1.30183,1.30185
2013.03.25 00:04:52.056,1.30175,1.3018
2013.03.25 00:04:52.365,1.30181,1.30185
2013.03.25 00:04:52.685,1.30183,1.30189
2013.03.25 00:04:52.875,1.30187,1.3019
2013.03.25 00:04:52.934,1.30188,1.30191
2013.03.25 00:04:53.484,1.30188,1.30192
2013.03.25 00:04:53.989,1.30188,1.30194
2013.03.25 00:04:55.681,1.30188,1.30194
2013.03.25 00:04:56.404,1.30188,1.30194
2013.03.25 00:04:56.944,1.30188,1.30194
2013.03.25 00:04:57.451,1.30188,1.30194
2013.03.25 00:04:58.275,1.30188,1.30194
2013.03.25 00:04:59.294,1.30188,1.30194
2013.03.25 00:04:59.824,1.30188,1.30194
2013.03.25 00:05:00.519,1.30188,1.30194
2013.03.25 00:05:01.984,1.30189,1.30194
2013.03.25 00:05:02.045,1.3019,1.30194
2013.03.25 00:05:02.366,1.30196,1.30201
2013.03.25 00:05:02.995,1.30197,1.30203
2013.03.25 00:05:03.543,1.30198,1.30204
2013.03.25 00:05:03.663,1.30198,1.30202
2013.03.25 00:05:04.215,1.30198,1.30201
2013.03.25 00:05:04.753,1.30198,1.30202
2013.03.25 00:05:04.815,1.30199,1.30205
2013.03.25 00:05:05.116,1.30202,1.30205
2013.03.25 00:05:05.544,1.30201,1.30205
2013.03.25 00:05:05.665,1.30198,1.30204
2013.03.25 00:05:05.784,1.30198,1.30201
2013.03.25 00:05:05.905,1.30198,1.30202
2013.03.25 00:05:06.268,1.30199,1.30202
2013.03.25 00:05:06.513,1.30198,1.30203
2013.03.25 00:05:07.014,1.30198,1.30203
2013.03.25 00:05:07.256,1.30201,1.30205
2013.03.25 00:05:07.566,1.30201,1.30207
2013.03.25 00:05:07.926,1.30202,1.30207
2013.03.25 00:05:08.057,1.30204,1.30206
2013.03.25 00:05:08.245,1.30204,1.30208
2013.03.25 00:05:08.544,1.30209,1.30213
2013.03.25 00:05:09.084,1.30208,1.30213
2013.03.25 00:05:09.503,1.30208,1.30215
2013.03.25 00:05:09.685,1.3021,1.30215
2013.03.25 00:05:10.044,1.3021,1.30215
2013.03.25 00:05:10.285,1.30207,1.30213
2013.03.25 00:05:10.796,1.30207,1.30212
2013.03.25 00:05:10.915,1.30208,1.30214
2013.03.25 00:05:11.453,1.30207,1.30213
2013.03.25 00:05:12.144,1.30207,1.30212
2013.03.25 00:05:12.739,1.30207,1.30212
2013.03.25 00:05:13.945,1.30207,1.30213
2013.03.25 00:05:14.255,1.30202,1.30208
2013.03.25 00:05:14.315,1.30201,1.30206
2013.03.25 00:05:14.435,1.30202,1.30205
2013.03.25 00:05:14.734,1.30202,1.30206
2013.03.25 00:05:14.975,1.30202,1.30207
2013.03.25 00:05:15.217,1.30205,1.30207
2013.03.25 00:05:15.404,1.30207,1.30211
2013.03.25 00:05:15.943,1.30208,1.30213
2013.03.25 00:05:16.844,1.30209,1.30213
2013.03.25 00:05:17.364,1.30209,1.30213
2013.03.25 00:05:19.884,1.30208,1.30213
2013.03.25 00:05:22.993,1.30208,1.30213
2013.03.25 00:05:23.733,1.30208,1.30213
2013.03.25 00:05:24.034,1.30209,1.30211
2013.03.25 00:05:24.584,1.30209,1.30211
2013.03.25 00:05:24.823,1.30209,1.30215
2013.03.25 00:05:25.333,1.30209,1.30215
2013.03.25 00:05:26.803,1.30209,1.30215
2013.03.25 00:05:27.314,1.3021,1.30215
2013.03.25 00:05:27.434,1.30211,1.30215
2013.03.25 00:05:27.743,1.30215,1.3022
2013.03.25 00:05:28.671,1.30217,1.3022
2013.03.25 00:05:28.746,1.30221,1.30225
2013.03.25 00:05:29.356,1.30218,1.30224
2013.03.25 00:05:29.424,1.30218,1.30223
2013.03.25 00:05:29.725,1.30217,1.30222
2013.03.25 00:05:30.264,1.30218,1.30219
2013.03.25 00:05:30.625,1.30211,1.30215
2013.03.25 00:05:30.926,1.30211,1.30213
2013.03.25 00:05:31.505,1.3021,1.30214
2013.03.25 00:05:32.044,1.3021,1.30215
2013.03.25 00:05:32.975,1.30212,1.30215
2013.03.25 00:05:33.094,1.30212,1.30215
2013.03.25 00:05:33.274,1.30215,1.30219
2013.03.25 00:05:33.575,1.30215,1.3022
2013.03.25 00:05:33.755,1.30216,1.3022
2013.03.25 00:05:34.067,1.3022,1.30222
2013.03.25 00:05:34.135,1.30221,1.30225
2013.03.25 00:05:34.675,1.30221,1.30225
2013.03.25 00:05:34.854,1.30218,1.30223
2013.03.25 00:05:34.975,1.30218,1.30223
2013.03.25 00:05:35.513,1.30218,1.30222
2013.03.25 00:05:36.234,1.30219,1.30223
2013.03.25 00:05:36.774,1.3022,1.30224
2013.03.25 00:05:37.315,1.30221,1.30225
2013.03.25 00:05:37.909,1.3022,1.30225
2013.03.25 00:05:38.472,1.3022,1.30225
2013.03.25 00:05:41.332,1.30221,1.30225
2013.03.25 00:05:41.843,1.30221,1.30225
2013.03.25 00:05:42.385,1.30221,1.30225
2013.03.25 00:05:42.915,1.30221,1.30224
2013.03.25 00:05:43.374,1.3022,1.30223
2013.03.25 00:05:43.735,1.30221,1.30225
2013.03.25 00:05:44.034,1.30222,1.30225
2013.03.25 00:05:44.154,1.30222,1.30225
2013.03.25 00:05:46.425,1.3022,1.30225
2013.03.25 00:05:46.924,1.3022,1.30225
2013.03.25 00:05:48.664,1.3022,1.30225
2013.03.25 00:05:49.203,1.3022,1.30223
2013.03.25 00:05:49.863,1.3022,1.30223
2013.03.25 00:05:51.064,1.3022,1.30222
2013.03.25 00:05:52.138,1.30217,1.30222
2013.03.25 00:05:52.208,1.30217,1.30221
2013.03.25 00:05:52.275,1.30215,1.30221
2013.03.25 00:05:52.334,1.30209,1.30214
2013.03.25 00:05:52.655,1.30211,1.30218
2013.03.25 00:05:53.134,1.3021,1.30215
2013.03.25 00:05:53.255,1.30209,1.30213
2013.03.25 00:05:53.555,1.30205,1.3021
2013.03.25 00:05:53.676,1.30204,1.30208
2013.03.25 00:05:53.794,1.302,1.30205
2013.03.25 00:05:54.035,1.302,1.30204
2013.03.25 00:05:54.395,1.30204,1.30209
2013.03.25 00:05:54.465,1.30207,1.3021
2013.03.25 00:05:54.525,1.30207,1.30211
2013.03.25 00:05:54.765,1.30208,1.30211
2013.03.25 00:05:54.824,1.30208,1.30211
2013.03.25 00:05:55.004,1.30207,1.30213
2013.03.25 00:05:55.304,1.30205,1.30208
2013.03.25 00:05:55.487,1.30201,1.30205
2013.03.25 00:05:55.736,1.30197,1.302
2013.03.25 00:05:55.866,1.30197,1.302
2013.03.25 00:05:56.175,1.30195,1.30198
2013.03.25 00:05:56.234,1.30194,1.30196
2013.03.25 00:05:56.295,1.30194,1.30196
2013.03.25 00:05:56.432,1.30194,1.30195
2013.03.25 00:05:56.674,1.30195,1.30198
2013.03.25 00:05:56.739,1.30194,1.30198
2013.03.25 00:05:57.064,1.30194,1.30196
2013.03.25 00:05:57.186,1.3019,1.30193
2013.03.25 00:05:57.255,1.3019,1.30192
2013.03.25 00:05:57.556,1.30191,1.30195
2013.03.25 00:05:57.624,1.30194,1.30195
2013.03.25 00:05:57.687,1.30195,1.30198
2013.03.25 00:05:57.756,1.30198,1.30203
2013.03.25 00:05:57.885,1.30203,1.30204
2013.03.25 00:05:57.946,1.30204,1.30208
2013.03.25 00:05:58.007,1.30207,1.3021
2013.03.25 00:05:58.316,1.30202,1.30204
2013.03.25 00:05:58.554,1.30199,1.30202
2013.03.25 00:05:59.105,1.30199,1.30203
2013.03.25 00:05:59.406,1.302,1.30205
2013.03.25 00:06:00.138,1.30203,1.30206
2013.03.25 00:06:00.326,1.30209,1.30213
2013.03.25 00:06:00.635,1.30212,1.30215
2013.03.25 00:06:00.996,1.30214,1.30216
2013.03.25 00:06:01.058,1.30215,1.30216
2013.03.25 00:06:01.245,1.30216,1.30219
2013.03.25 00:06:01.486,1.3021,1.30215
2013.03.25 00:06:01.618,1.3021,1.30214
2013.03.25 00:06:02.163,1.30208,1.30213
2013.03.25 00:06:03.825,1.30206,1.30211
2013.03.25 00:06:03.955,1.30206,1.3021
2013.03.25 00:06:04.015,1.30205,1.3021
2013.03.25 00:06:04.135,1.30204,1.30209
2013.03.25 00:06:04.675,1.30205,1.30209
2013.03.25 00:06:04.855,1.30205,1.3021
2013.03.25 00:06:05.155,1.30208,1.3021
2013.03.25 00:06:05.215,1.30208,1.30213
2013.03.25 00:06:05.397,1.30208,1.30214
2013.03.25 00:06:05.944,1.30208,1.30214
2013.03.25 00:06:06.458,1.30208,1.30214
2013.03.25 00:06:07.003,1.30208,1.30214
2013.03.25 00:06:08.165,1.30208,1.30213
2013.03.25 00:06:09.385,1.30208,1.30213
2013.03.25 00:06:09.625,1.30208,1.30213
2013.03.25 00:06:10.387,1.3021,1.30215
2013.03.25 00:06:10.695,1.3021,1.30215
2013.03.25 00:06:12.574,1.30211,1.30215
2013.03.25 00:06:13.114,1.30211,1.30215
2013.03.25 00:06:13.814,1.30212,1.30215
2013.03.25 00:06:15.806,1.30214,1.30216
2013.03.25 00:06:15.925,1.30217,1.3022
2013.03.25 00:06:16.106,1.30219,1.30222
2013.03.25 00:06:18.524,1.30219,1.30223
2013.03.25 00:06:18.647,1.30221,1.30225
2013.03.25 00:06:18.899,1.30228,1.3023
2013.03.25 00:06:18.968,1.30228,1.3023
2013.03.25 00:06:19.094,1.30228,1.30231
2013.03.25 00:06:19.215,1.30229,1.30233
2013.03.25 00:06:19.336,1.3023,1.30233
2013.03.25 00:06:19.454,1.30229,1.30233
2013.03.25 00:06:19.575,1.30227,1.30232
2013.03.25 00:06:20.147,1.30227,1.30232
2013.03.25 00:06:20.824,1.30226,1.30232
2013.03.25 00:06:21.325,1.30227,1.30232
2013.03.25 00:06:21.445,1.30226,1.30229
2013.03.25 00:06:21.755,1.30222,1.30225
2013.03.25 00:06:22.294,1.30221,1.30225
2013.03.25 00:06:23.739,1.3022,1.30224
2013.03.25 00:06:24.044,1.30219,1.30221
2013.03.25 00:06:24.104,1.30218,1.30221
2013.03.25 00:06:24.345,1.3021,1.30215
2013.03.25 00:06:24.404,1.3021,1.30215
2013.03.25 00:06:24.947,1.30208,1.30211
2013.03.25 00:06:25.014,1.30207,1.30212
2013.03.25 00:06:25.195,1.30207,1.30212
2013.03.25 00:06:25.314,1.30209,1.30213
2013.03.25 00:06:25.434,1.30208,1.30215
2013.03.25 00:06:25.554,1.30208,1.30214
2013.03.25 00:06:26.103,1.30208,1.30215
2013.03.25 00:06:26.614,1.30208,1.30215
2013.03.25 00:06:27.035,1.3021,1.30215
2013.03.25 00:06:27.395,1.30207,1.3021
2013.03.25 00:06:27.455,1.30207,1.3021
2013.03.25 00:06:27.515,1.30205,1.3021
2013.03.25 00:06:27.695,1.30202,1.30207
2013.03.25 00:06:27.755,1.30203,1.30207
2013.03.25 00:06:28.115,1.30207,1.3021
2013.03.25 00:06:28.640,1.30208,1.30211
2013.03.25 00:06:29.736,1.30208,1.30212
2013.03.25 00:06:29.857,1.30208,1.30212
2013.03.25 00:06:30.108,1.3021,1.30213
2013.03.25 00:06:30.235,1.30213,1.30217
2013.03.25 00:06:30.474,1.30217,1.30218
2013.03.25 00:06:30.654,1.30217,1.30221
2013.03.25 00:06:32.033,1.30216,1.30223
2013.03.25 00:06:32.624,1.30216,1.30221
2013.03.25 00:06:33.306,1.30216,1.30221
2013.03.25 00:06:35.143,1.30217,1.30221
2013.03.25 00:06:35.664,1.3022,1.30223
2013.03.25 00:06:35.846,1.30221,1.30224
2013.03.25 00:06:35.905,1.30221,1.30225
2013.03.25 00:06:35.967,1.30224,1.30226
2013.03.25 00:06:37.164,1.30217,1.30223
2013.03.25 00:06:40.945,1.30219,1.30224
2013.03.25 00:06:41.064,1.30221,1.30225
2013.03.25 00:06:41.246,1.30223,1.30226
2013.03.25 00:06:41.374,1.30223,1.30228
2013.03.25 00:06:41.794,1.30227,1.3023
2013.03.25 00:06:42.335,1.30226,1.30232
2013.03.25 00:06:42.636,1.30228,1.30232
2013.03.25 00:06:42.995,1.30232,1.30235
2013.03.25 00:06:43.535,1.30231,1.30236
2013.03.25 00:06:43.838,1.30229,1.30232
2013.03.25 00:06:43.963,1.30228,1.30232
2013.03.25 00:06:44.484,1.30227,1.30232
2013.03.25 00:06:44.843,1.30227,1.30231
2013.03.25 00:06:45.267,1.30226,1.30229
2013.03.25 00:06:45.335,1.30223,1.30227
2013.03.25 00:06:45.456,1.30221,1.30225
2013.03.25 00:06:45.694,1.30225,1.3023
2013.03.25 00:06:45.874,1.30226,1.3023
2013.03.25 00:06:46.415,1.30225,1.3023
2013.03.25 00:06:47.193,1.30225,1.3023
2013.03.25 00:06:47.748,1.30228,1.30232
2013.03.25 00:06:47.818,1.30229,1.30233
2013.03.25 00:06:48.495,1.30229,1.30233
2013.03.25 00:06:48.578,1.30229,1.30234
2013.03.25 00:06:48.645,1.30229,1.30235
2013.03.25 00:06:48.765,1.30231,1.30235
2013.03.25 00:06:50.005,1.30232,1.30236
2013.03.25 00:06:50.427,1.30234,1.30238
2013.03.25 00:06:50.496,1.30234,1.30238
2013.03.25 00:06:50.625,1.3023,1.30234
2013.03.25 00:06:50.744,1.3023,1.30234
2013.03.25 00:06:51.045,1.30229,1.30234
2013.03.25 00:06:51.523,1.30228,1.30233
2013.03.25 00:06:52.004,1.30229,1.30235
2013.03.25 00:06:52.184,1.3023,1.30235
2013.03.25 00:06:52.724,1.30229,1.30234
2013.03.25 00:06:53.155,1.30229,1.30234
2013.03.25 00:06:53.694,1.3023,1.30235
2013.03.25 00:06:53.874,1.30229,1.30234
2013.03.25 00:06:54.628,1.30229,1.30235
2013.03.25 00:06:55.174,1.3023,1.30235
2013.03.25 00:06:56.545,1.3023,1.30235
2013.03.25 00:06:56.906,1.30234,1.30236
2013.03.25 00:06:57.095,1.30236,1.3024
2013.03.25 00:06:57.454,1.30237,1.30241
2013.03.25 00:06:58.139,1.30237,1.30242
2013.03.25 00:06:58.664,1.30238,1.30242
2013.03.25 00:06:58.725,1.30238,1.30243
2013.03.25 00:06:59.026,1.3024,1.30245
2013.03.25 00:06:59.205,1.30242,1.30246
2013.03.25 00:06:59.327,1.30244,1.30248
2013.03.25 00:06:59.456,1.30245,1.3025
2013.03.25 00:07:00.004,1.30245,1.30251
2013.03.25 00:07:00.364,1.30245,1.3025
2013.03.25 00:07:00.905,1.30244,1.30246
2013.03.25 00:07:01.205,1.3024,1.30243
2013.03.25 00:07:01.325,1.3024,1.30243
2013.03.25 00:07:01.444,1.30237,1.3024
2013.03.25 00:07:01.985,1.30235,1.3024
2013.03.25 00:07:02.234,1.30235,1.30239
2013.03.25 00:07:02.535,1.30238,1.30241
2013.03.25 00:07:03.076,1.30238,1.30243
2013.03.25 00:07:03.405,1.3024,1.30244
2013.03.25 00:07:03.524,1.3024,1.30245
2013.03.25 00:07:04.054,1.30241,1.30246
2013.03.25 00:07:04.604,1.30241,1.30246
2013.03.25 00:07:06.353,1.30241,1.30245
2013.03.25 00:07:07.747,1.30244,1.30246
2013.03.25 00:07:07.995,1.30247,1.30255
2013.03.25 00:07:09.053,1.30247,1.30254
2013.03.25 00:07:09.604,1.30248,1.30254
2013.03.25 00:07:09.905,1.3025,1.30255
2013.03.25 00:07:10.444,1.30251,1.30255
2013.03.25 00:07:10.867,1.30253,1.30261
2013.03.25 00:07:11.177,1.30256,1.3026
2013.03.25 00:07:11.245,1.30263,1.30266
2013.03.25 00:07:11.366,1.30264,1.30268
2013.03.25 00:07:11.488,1.30263,1.30266
2013.03.25 00:07:11.676,1.30261,1.30265
2013.03.25 00:07:11.925,1.3026,1.30263
2013.03.25 00:07:12.044,1.30259,1.30264
2013.03.25 00:07:12.348,1.30251,1.30258
2013.03.25 00:07:12.534,1.3025,1.30253
2013.03.25 00:07:13.098,1.3025,1.30253
2013.03.25 00:07:13.647,1.3025,1.30253
2013.03.25 00:07:14.624,1.3025,1.30255
2013.03.25 00:07:15.104,1.30252,1.30255
2013.03.25 00:07:15.408,1.30256,1.30259
2013.03.25 00:07:15.549,1.30256,1.30264
2013.03.25 00:07:16.095,1.30257,1.30263
2013.03.25 00:07:16.645,1.30259,1.30263
2013.03.25 00:07:17.064,1.30259,1.30263
2013.03.25 00:07:17.244,1.30259,1.30264
2013.03.25 00:07:18.064,1.30259,1.30264
2013.03.25 00:07:19.243,1.30258,1.30261
2013.03.25 00:07:19.795,1.30258,1.3026
2013.03.25 00:07:21.094,1.30257,1.30261
2013.03.25 00:07:22.172,1.30257,1.30261
2013.03.25 00:07:22.484,1.30258,1.30263
2013.03.25 00:07:23.025,1.30259,1.30263
2013.03.25 00:07:23.555,1.30256,1.3026
2013.03.25 00:07:23.795,1.30256,1.3026
2013.03.25 00:07:23.978,1.30253,1.30255
2013.03.25 00:07:24.045,1.3025,1.30252
2013.03.25 00:07:24.106,1.30249,1.30251
2013.03.25 00:07:24.297,1.30244,1.30248
2013.03.25 00:07:24.368,1.30242,1.30244
2013.03.25 00:07:24.437,1.30239,1.30242
2013.03.25 00:07:24.567,1.30239,1.30243
2013.03.25 00:07:24.695,1.30239,1.30241
2013.03.25 00:07:25.234,1.30238,1.30242
2013.03.25 00:07:25.849,1.30238,1.30241
2013.03.25 00:07:25.919,1.30242,1.30245
2013.03.25 00:07:25.987,1.30245,1.30248
2013.03.25 00:07:26.116,1.30248,1.3025
2013.03.25 00:07:26.175,1.30249,1.30252
2013.03.25 00:07:26.294,1.3025,1.30254
2013.03.25 00:07:26.837,1.3025,1.30255
2013.03.25 00:07:27.085,1.30247,1.3025
2013.03.25 00:07:27.265,1.30246,1.3025
2013.03.25 00:07:27.385,1.30245,1.30252
2013.03.25 00:07:27.636,1.30245,1.3025
2013.03.25 00:07:27.933,1.30245,1.30253
2013.03.25 00:07:28.858,1.30249,1.30253
2013.03.25 00:07:30.563,1.30248,1.30253
2013.03.25 00:07:31.084,1.30248,1.30253
2013.03.25 00:07:31.634,1.30248,1.30253
2013.03.25 00:07:32.345,1.30247,1.30252
2013.03.25 00:07:32.606,1.30247,1.3025
2013.03.25 00:07:33.172,1.30247,1.3025
2013.03.25 00:07:35.796,1.30247,1.30252
2013.03.25 00:07:36.884,1.30246,1.3025
2013.03.25 00:07:37.425,1.30246,1.30249
2013.03.25 00:07:37.784,1.3024,1.30244
2013.03.25 00:07:38.286,1.3024,1.30242
2013.03.25 00:07:38.834,1.30239,1.30242
2013.03.25 00:07:41.765,1.30239,1.30242
2013.03.25 00:07:42.304,1.30239,1.30243
2013.03.25 00:07:42.850,1.3024,1.30244
2013.03.25 00:07:43.464,1.3024,1.30245
2013.03.25 00:07:43.586,1.30238,1.30243
2013.03.25 00:07:43.887,1.30236,1.30238
2013.03.25 00:07:44.316,1.30235,1.30237
2013.03.25 00:07:44.506,1.3023,1.30235
2013.03.25 00:07:45.045,1.3023,1.30235
2013.03.25 00:07:45.777,1.30234,1.30237
2013.03.25 00:07:46.088,1.30231,1.30241
2013.03.25 00:07:46.157,1.30235,1.30239
2013.03.25 00:07:46.227,1.30235,1.30241
2013.03.25 00:07:46.535,1.30235,1.30242
2013.03.25 00:07:48.025,1.30236,1.30243
2013.03.25 00:07:48.334,1.30238,1.30242
2013.03.25 00:07:48.576,1.30239,1.30242
2013.03.25 00:07:49.115,1.30239,1.30244
2013.03.25 00:07:49.415,1.30241,1.30244
2013.03.25 00:07:49.534,1.30241,1.30245
2013.03.25 00:07:50.400,1.30243,1.30245
2013.03.25 00:07:50.556,1.30243,1.30247
2013.03.25 00:07:50.736,1.30244,1.30247
2013.03.25 00:07:52.106,1.30244,1.30248
2013.03.25 00:07:52.164,1.30245,1.30249
2013.03.25 00:07:52.285,1.30246,1.3025
2013.03.25 00:07:53.434,1.30248,1.30251
2013.03.25 00:07:53.615,1.30249,1.30252
2013.03.25 00:07:53.677,1.3025,1.30253
2013.03.25 00:07:54.225,1.30251,1.30254
2013.03.25 00:07:54.465,1.30251,1.30256
2013.03.25 00:07:54.884,1.30252,1.30256
2013.03.25 00:07:55.005,1.30259,1.30262
2013.03.25 00:07:55.187,1.30262,1.30266
2013.03.25 00:07:55.317,1.30263,1.30267
2013.03.25 00:07:55.386,1.30266,1.3027
2013.03.25 00:07:55.519,1.30267,1.30272
2013.03.25 00:07:55.585,1.30268,1.30275
2013.03.25 00:07:55.766,1.30268,1.30274
2013.03.25 00:07:56.315,1.30267,1.30273
2013.03.25 00:07:56.616,1.30265,1.30269
2013.03.25 00:07:57.178,1.30267,1.3027
2013.03.25 00:07:57.366,1.3027,1.3028
2013.03.25 00:07:57.437,1.30274,1.3028
2013.03.25 00:07:57.506,1.30276,1.3028
2013.03.25 00:07:57.685,1.30277,1.30283
2013.03.25 00:07:58.173,1.30275,1.30282
2013.03.25 00:07:58.259,1.30275,1.30282
2013.03.25 00:07:58.814,1.30276,1.30283
2013.03.25 00:07:59.315,1.30276,1.30282
2013.03.25 00:07:59.436,1.30277,1.30285
2013.03.25 00:08:00.285,1.30277,1.30284
2013.03.25 00:08:00.654,1.30277,1.30283
2013.03.25 00:08:00.895,1.30277,1.30282
2013.03.25 00:08:01.443,1.30276,1.30281
2013.03.25 00:08:02.995,1.30276,1.3028
2013.03.25 00:08:03.458,1.30274,1.30277
2013.03.25 00:08:03.529,1.30274,1.30276
2013.03.25 00:08:03.655,1.3027,1.30275
2013.03.25 00:08:03.897,1.3027,1.30273
2013.03.25 00:08:06.445,1.30267,1.3027
2013.03.25 00:08:06.686,1.30263,1.30266
2013.03.25 00:08:06.865,1.3026,1.30265
2013.03.25 00:08:07.286,1.30262,1.30265
2013.03.25 00:08:07.415,1.30263,1.30265
2013.03.25 00:08:07.988,1.30263,1.30265
2013.03.25 00:08:08.886,1.30265,1.30269
2013.03.25 00:08:08.957,1.30267,1.30269
2013.03.25 00:08:09.085,1.30268,1.30273
2013.03.25 00:08:09.205,1.30273,1.30276
2013.03.25 00:08:09.505,1.30276,1.3028
2013.03.25 00:08:09.685,1.30277,1.3028
2013.03.25 00:08:09.985,1.30279,1.30282
2013.03.25 00:08:10.105,1.30278,1.30283
2013.03.25 00:08:10.837,1.3028,1.30285
2013.03.25 00:08:11.338,1.30281,1.30285
2013.03.25 00:08:16.885,1.30281,1.30285
2013.03.25 00:08:17.189,1.30282,1.30285
2013.03.25 00:08:17.435,1.30274,1.30294
2013.03.25 00:08:17.505,1.30281,1.30289
2013.03.25 00:08:17.626,1.30285,1.30288
2013.03.25 00:08:17.935,1.30286,1.30289
2013.03.25 00:08:18.055,1.30286,1.3029
2013.03.25 00:08:18.374,1.30288,1.3029
2013.03.25 00:08:18.578,1.30288,1.30292
2013.03.25 00:08:18.826,1.30289,1.30293
2013.03.25 00:08:19.125,1.30289,1.30294
2013.03.25 00:08:19.424,1.30291,1.30294
2013.03.25 00:08:20.284,1.30292,1.30295
2013.03.25 00:08:20.586,1.30293,1.30296
2013.03.25 00:08:21.243,1.30294,1.30296
2013.03.25 00:08:21.312,1.30294,1.30298
2013.03.25 00:08:21.877,1.30295,1.30299
2013.03.25 00:08:22.235,1.30298,1.30302
2013.03.25 00:08:22.354,1.30297,1.30299
2013.03.25 00:08:22.536,1.30294,1.30299
2013.03.25 00:08:22.724,1.30296,1.30299
2013.03.25 00:08:23.144,1.30294,1.30298
2013.03.25 00:08:23.665,1.30295,1.30298
2013.03.25 00:08:23.966,1.30294,1.30296
2013.03.25 00:08:24.155,1.30292,1.30294
2013.03.25 00:08:24.337,1.3029,1.30293
2013.03.25 00:08:24.895,1.30289,1.30292
2013.03.25 00:08:25.256,1.30287,1.30292
2013.03.25 00:08:25.745,1.30287,1.30292
2013.03.25 00:08:26.593,1.30286,1.30292
2013.03.25 00:08:27.154,1.30289,1.30291
2013.03.25 00:08:27.515,1.3029,1.30294
2013.03.25 00:08:27.634,1.3029,1.30295
2013.03.25 00:08:27.875,1.3029,1.30293
2013.03.25 00:08:28.114,1.3029,1.30292
2013.03.25 00:08:28.495,1.30285,1.30291
2013.03.25 00:08:28.555,1.30285,1.3029
2013.03.25 00:08:29.454,1.30285,1.3029
2013.03.25 00:08:29.777,1.30285,1.30291
2013.03.25 00:08:30.086,1.30284,1.30294
2013.03.25 00:08:30.145,1.30287,1.30292
2013.03.25 00:08:30.267,1.30289,1.30292
2013.03.25 00:08:30.335,1.30295,1.30299
2013.03.25 00:08:31.452,1.30295,1.30299
2013.03.25 00:08:31.797,1.30291,1.30293
2013.03.25 00:08:32.107,1.30289,1.30292
2013.03.25 00:08:32.176,1.30286,1.3029
2013.03.25 00:08:32.296,1.30285,1.3029
2013.03.25 00:08:32.367,1.30285,1.3029
2013.03.25 00:08:32.496,1.30285,1.3029
2013.03.25 00:08:32.555,1.30285,1.3029
2013.03.25 00:08:33.095,1.30286,1.3029
2013.03.25 00:08:33.278,1.30285,1.30289
2013.03.25 00:08:33.585,1.30282,1.30289
2013.03.25 00:08:33.827,1.3029,1.30293
2013.03.25 00:08:33.957,1.30291,1.30295
2013.03.25 00:08:34.086,1.30294,1.30295
2013.03.25 00:08:34.205,1.30296,1.303
2013.03.25 00:08:34.385,1.30297,1.30303
2013.03.25 00:08:34.806,1.30296,1.30301
2013.03.25 00:08:35.165,1.30295,1.303
2013.03.25 00:08:35.346,1.30296,1.30302
2013.03.25 00:08:35.587,1.30296,1.303
2013.03.25 00:08:35.895,1.30295,1.30297
2013.03.25 00:08:36.076,1.30296,1.30299
2013.03.25 00:08:36.316,1.30296,1.303
2013.03.25 00:08:36.567,1.303,1.30302
2013.03.25 00:08:36.626,1.303,1.30303
2013.03.25 00:08:36.985,1.30305,1.30308
2013.03.25 00:08:37.166,1.30305,1.30307
2013.03.25 00:08:37.226,1.30305,1.30308
2013.03.25 00:08:37.356,1.30305,1.30308
2013.03.25 00:08:37.905,1.303,1.30303
2013.03.25 00:08:38.714,1.30299,1.30302
2013.03.25 00:08:39.254,1.303,1.30303
2013.03.25 00:08:40.587,1.30301,1.30304
2013.03.25 00:08:41.105,1.30301,1.30304
2013.03.25 00:08:41.225,1.30301,1.30303
2013.03.25 00:08:41.345,1.303,1.30302
2013.03.25 00:08:42.200,1.30298,1.30302
2013.03.25 00:08:42.267,1.30293,1.30299
2013.03.25 00:08:42.336,1.30294,1.30296
2013.03.25 00:08:42.458,1.3029,1.30294
2013.03.25 00:08:42.588,1.30288,1.30292
2013.03.25 00:08:42.714,1.30287,1.30292
2013.03.25 00:08:43.075,1.30289,1.30294
2013.03.25 00:08:43.626,1.30286,1.30294
2013.03.25 00:08:44.165,1.30286,1.30295
2013.03.25 00:08:45.164,1.30286,1.30295
2013.03.25 00:08:45.467,1.30286,1.30294
2013.03.25 00:08:45.924,1.30287,1.30294
2013.03.25 00:08:46.464,1.30289,1.30294
2013.03.25 00:08:46.765,1.30289,1.30294
2013.03.25 00:08:47.544,1.30289,1.30294
2013.03.25 00:08:48.104,1.30289,1.30294
2013.03.25 00:08:48.369,1.30287,1.30294
2013.03.25 00:08:48.794,1.30287,1.30292
2013.03.25 00:08:51.547,1.30288,1.30292
2013.03.25 00:08:51.734,1.30285,1.30288
2013.03.25 00:08:51.977,1.30283,1.30286
2013.03.25 00:08:52.045,1.3028,1.30285
2013.03.25 00:08:52.165,1.30281,1.30285
2013.03.25 00:08:52.899,1.30283,1.30285
2013.03.25 00:08:53.027,1.30284,1.3029
2013.03.25 00:08:53.096,1.30287,1.30296
2013.03.25 00:08:53.155,1.30293,1.30299
2013.03.25 00:08:53.286,1.30294,1.303
2013.03.25 00:08:53.424,1.30299,1.30304
2013.03.25 00:08:53.545,1.30299,1.30304
2013.03.25 00:08:53.664,1.303,1.30305
2013.03.25 00:08:54.205,1.303,1.30305
2013.03.25 00:08:54.784,1.30301,1.30305
2013.03.25 00:08:54.965,1.30297,1.30302
2013.03.25 00:08:55.086,1.30298,1.303
2013.03.25 00:08:55.336,1.30294,1.30299
2013.03.25 00:08:55.754,1.30291,1.30296
2013.03.25 00:08:56.424,1.30293,1.30297
2013.03.25 00:08:56.989,1.30291,1.30295
2013.03.25 00:08:57.674,1.30292,1.30295
2013.03.25 00:08:58.236,1.30292,1.30295
2013.03.25 00:08:58.535,1.30289,1.30293
2013.03.25 00:08:58.715,1.30289,1.30294
2013.03.25 00:08:58.836,1.30288,1.30292
2013.03.25 00:08:59.779,1.30289,1.30293
2013.03.25 00:08:59.857,1.30288,1.30293
2013.03.25 00:08:59.927,1.30288,1.30293
2013.03.25 00:09:00.524,1.30288,1.30295
2013.03.25 00:09:01.044,1.30288,1.30294
2013.03.25 00:09:02.445,1.30287,1.30294
2013.03.25 00:09:05.334,1.30287,1.30294
2013.03.25 00:09:06.994,1.3029,1.30293
2013.03.25 00:09:07.534,1.30289,1.30293
2013.03.25 00:09:08.084,1.3029,1.30293
2013.03.25 00:09:08.776,1.3029,1.30294
2013.03.25 00:09:09.315,1.3029,1.30294
2013.03.25 00:09:09.677,1.30288,1.3029
2013.03.25 00:09:09.925,1.30286,1.30289
2013.03.25 00:09:10.048,1.30287,1.30289
2013.03.25 00:09:10.116,1.30289,1.30292
2013.03.25 00:09:10.546,1.30289,1.30293
2013.03.25 00:09:10.617,1.30287,1.30291
2013.03.25 00:09:10.685,1.30287,1.30292
2013.03.25 00:09:10.806,1.30287,1.3029
2013.03.25 00:09:10.984,1.30287,1.30291
2013.03.25 00:09:11.044,1.30288,1.30293
2013.03.25 00:09:11.765,1.3029,1.30294
2013.03.25 00:09:15.946,1.30287,1.30292
2013.03.25 00:09:16.326,1.30286,1.30292
2013.03.25 00:09:17.035,1.30286,1.30292
2013.03.25 00:09:17.575,1.30287,1.30292
2013.03.25 00:09:17.635,1.30287,1.30292
2013.03.25 00:09:18.234,1.30285,1.30292
2013.03.25 00:09:18.784,1.30285,1.30291
2013.03.25 00:09:19.264,1.30285,1.3029
2013.03.25 00:09:19.686,1.30284,1.30287
2013.03.25 00:09:19.806,1.30281,1.30284
2013.03.25 00:09:20.354,1.30282,1.30285
2013.03.25 00:09:21.838,1.30281,1.30285
2013.03.25 00:09:21.905,1.30282,1.30285
2013.03.25 00:09:21.966,1.30285,1.30287
2013.03.25 00:09:22.088,1.30289,1.30294
2013.03.25 00:09:22.155,1.3029,1.30295
2013.03.25 00:09:23.704,1.3029,1.30296
2013.03.25 00:09:24.235,1.3029,1.30295
2013.03.25 00:09:24.506,1.30292,1.30298
2013.03.25 00:09:24.756,1.30297,1.303
2013.03.25 00:09:24.825,1.30297,1.303
2013.03.25 00:09:25.005,1.30297,1.303
2013.03.25 00:09:25.066,1.303,1.30301
2013.03.25 00:09:25.184,1.30297,1.30302
2013.03.25 00:09:25.305,1.30298,1.30302
2013.03.25 00:09:25.845,1.30299,1.30304
2013.03.25 00:09:26.394,1.30299,1.30304
2013.03.25 00:09:27.355,1.30296,1.30301
2013.03.25 00:09:27.492,1.30296,1.303
2013.03.25 00:09:27.996,1.30296,1.303
2013.03.25 00:09:28.133,1.30295,1.30299
2013.03.25 00:09:28.206,1.30293,1.30298
2013.03.25 00:09:28.505,1.30289,1.30294
2013.03.25 00:09:29.048,1.30287,1.30293
2013.03.25 00:09:29.117,1.30287,1.30291
2013.03.25 00:09:29.305,1.30282,1.3029
2013.03.25 00:09:29.485,1.3028,1.30286
2013.03.25 00:09:29.605,1.30279,1.30282
2013.03.25 00:09:30.148,1.3028,1.30282
2013.03.25 00:09:30.217,1.30283,1.30285
2013.03.25 00:09:30.349,1.30284,1.30288
2013.03.25 00:09:30.415,1.30292,1.30294
2013.03.25 00:09:30.716,1.30297,1.30303
2013.03.25 00:09:30.847,1.30301,1.30308
2013.03.25 00:09:30.915,1.30305,1.30309
2013.03.25 00:09:31.214,1.30304,1.30309
2013.03.25 00:09:31.275,1.30305,1.3031
2013.03.25 00:09:31.815,1.30304,1.3031
2013.03.25 00:09:32.835,1.30302,1.30308
2013.03.25 00:09:33.076,1.30305,1.30309
2013.03.25 00:09:33.443,1.30307,1.30311
2013.03.25 00:09:33.576,1.30306,1.3031
2013.03.25 00:09:34.124,1.30305,1.30309
2013.03.25 00:09:34.664,1.30305,1.30309
2013.03.25 00:09:34.896,1.30307,1.3031
2013.03.25 00:09:35.135,1.30311,1.30316
2013.03.25 00:09:35.195,1.3031,1.30314
2013.03.25 00:09:35.255,1.30312,1.30314
2013.03.25 00:09:36.613,1.30313,1.30316
2013.03.25 00:09:36.687,1.30309,1.30313
2013.03.25 00:09:37.368,1.30312,1.30315
2013.03.25 00:09:37.497,1.30315,1.30319
2013.03.25 00:09:37.986,1.30315,1.3032
2013.03.25 00:09:38.225,1.30315,1.30321
2013.03.25 00:09:38.600,1.30317,1.30322
2013.03.25 00:09:38.725,1.30317,1.30323
2013.03.25 00:09:39.025,1.3032,1.30323
2013.03.25 00:09:39.574,1.3032,1.30324
2013.03.25 00:09:39.698,1.30322,1.30325
2013.03.25 00:09:40.006,1.30328,1.30331
2013.03.25 00:09:40.364,1.30328,1.30331
2013.03.25 00:09:41.145,1.30328,1.30332
2013.03.25 00:09:43.006,1.30328,1.30333
2013.03.25 00:09:44.435,1.30328,1.30332
2013.03.25 00:09:44.555,1.30328,1.30332
2013.03.25 00:09:44.800,1.30325,1.30328
2013.03.25 00:09:44.925,1.30324,1.30327
2013.03.25 00:09:45.226,1.30319,1.30324
2013.03.25 00:09:45.728,1.30318,1.30322
2013.03.25 00:09:46.255,1.30317,1.30322
2013.03.25 00:09:47.108,1.30315,1.30319
2013.03.25 00:09:47.315,1.30308,1.30313
2013.03.25 00:09:47.435,1.30308,1.30312
2013.03.25 00:09:47.975,1.30307,1.30312
2013.03.25 00:09:48.535,1.30307,1.30312
2013.03.25 00:09:49.075,1.3031,1.30315
2013.03.25 00:09:49.794,1.3031,1.30314
2013.03.25 00:09:50.096,1.30308,1.30311
2013.03.25 00:09:50.155,1.30308,1.30312
2013.03.25 00:09:50.334,1.30306,1.30312
2013.03.25 00:09:50.456,1.30306,1.30309
2013.03.25 00:09:50.695,1.30301,1.30305
2013.03.25 00:09:51.007,1.30299,1.30304
2013.03.25 00:09:51.255,1.30296,1.303
2013.03.25 00:09:51.794,1.30297,1.303
2013.03.25 00:09:51.915,1.30297,1.30302
2013.03.25 00:09:51.975,1.30298,1.30305
2013.03.25 00:09:53.419,1.30298,1.30305
2013.03.25 00:09:53.915,1.30302,1.30307
2013.03.25 00:09:54.035,1.30302,1.30308
2013.03.25 00:09:54.395,1.30302,1.30306
2013.03.25 00:09:54.934,1.30304,1.30311
2013.03.25 00:09:55.994,1.30304,1.30311
2013.03.25 00:09:56.325,1.30304,1.30309
2013.03.25 00:09:56.565,1.30302,1.30306
2013.03.25 00:09:56.626,1.30302,1.30307
2013.03.25 00:09:57.174,1.30297,1.30304
2013.03.25 00:09:57.716,1.30298,1.30305
2013.03.25 00:09:57.954,1.30302,1.30305
2013.03.25 00:09:58.624,1.30301,1.30305
2013.03.25 00:09:59.104,1.30302,1.30306
2013.03.25 00:10:00.685,1.30301,1.30307
2013.03.25 00:10:01.194,1.303,1.30305
2013.03.25 00:10:01.755,1.30302,1.30306
2013.03.25 00:10:02.117,1.30304,1.30309
2013.03.25 00:10:02.247,1.30308,1.30311
2013.03.25 00:10:02.315,1.30309,1.30315
2013.03.25 00:10:02.436,1.3031,1.30315
2013.03.25 00:10:02.964,1.3031,1.30315
2013.03.25 00:10:03.894,1.3031,1.30316
2013.03.25 00:10:04.439,1.30311,1.30316
2013.03.25 00:10:04.805,1.30311,1.30317
2013.03.25 00:10:05.106,1.30311,1.30316
2013.03.25 00:10:05.594,1.30307,1.30314
2013.03.25 00:10:05.715,1.30307,1.30314
2013.03.25 00:10:07.415,1.30309,1.30313
2013.03.25 00:10:07.654,1.30311,1.30315
2013.03.25 00:10:08.363,1.30313,1.30315
2013.03.25 00:10:08.520,1.3031,1.30313
2013.03.25 00:10:08.591,1.30308,1.3031
2013.03.25 00:10:08.667,1.30303,1.30306
2013.03.25 00:10:09.155,1.30301,1.30305
2013.03.25 00:10:09.456,1.30298,1.30303
2013.03.25 00:10:09.635,1.30298,1.30301
2013.03.25 00:10:10.174,1.30298,1.30301
2013.03.25 00:10:10.714,1.30297,1.30301
2013.03.25 00:10:11.946,1.30297,1.30301
2013.03.25 00:10:12.007,1.30298,1.30302
2013.03.25 00:10:12.545,1.30296,1.30301
2013.03.25 00:10:12.904,1.30297,1.30302
2013.03.25 00:10:15.356,1.30298,1.30302
2013.03.25 00:10:15.895,1.303,1.30304
2013.03.25 00:10:16.015,1.30301,1.30306
2013.03.25 00:10:16.566,1.30301,1.30305
2013.03.25 00:10:17.126,1.303,1.30304
2013.03.25 00:10:17.365,1.303,1.30304
2013.03.25 00:10:17.605,1.30299,1.30302
2013.03.25 00:10:17.726,1.30296,1.30301
2013.03.25 00:10:17.845,1.30296,1.303
2013.03.25 00:10:18.205,1.30292,1.30296
2013.03.25 00:10:18.265,1.30292,1.30296
2013.03.25 00:10:18.505,1.30288,1.30293
2013.03.25 00:10:19.471,1.30287,1.30292
2013.03.25 00:10:19.552,1.30289,1.30291
2013.03.25 00:10:19.615,1.30289,1.30294
2013.03.25 00:10:19.676,1.30292,1.30294
2013.03.25 00:10:19.856,1.30295,1.30299
2013.03.25 00:10:20.216,1.30297,1.30302
2013.03.25 00:10:20.335,1.30297,1.30301
2013.03.25 00:10:20.875,1.30298,1.30301
2013.03.25 00:10:21.234,1.30296,1.30301
2013.03.25 00:10:21.355,1.30299,1.30301
2013.03.25 00:10:22.574,1.30299,1.30302
2013.03.25 00:10:23.744,1.30299,1.30302
2013.03.25 00:10:24.344,1.30299,1.30302
2013.03.25 00:10:25.116,1.30299,1.30302
2013.03.25 00:10:25.655,1.30299,1.30302
2013.03.25 00:10:26.194,1.30298,1.30303
2013.03.25 00:10:26.745,1.30298,1.30303
2013.03.25 00:10:27.280,1.30297,1.30301
2013.03.25 00:10:27.825,1.30295,1.303
2013.03.25 00:10:28.366,1.30296,1.303
2013.03.25 00:10:28.559,1.30298,1.30302
2013.03.25 00:10:28.805,1.30297,1.30302
2013.03.25 00:10:29.104,1.30295,1.303
2013.03.25 00:10:29.465,1.30295,1.303
2013.03.25 00:10:30.006,1.30295,1.30301
2013.03.25 00:10:30.531,1.30296,1.30301
2013.03.25 00:10:32.074,1.30295,1.303
2013.03.25 00:10:32.831,1.30295,1.303
2013.03.25 00:10:33.915,1.30295,1.303
2013.03.25 00:10:34.247,1.30293,1.30299
2013.03.25 00:10:34.556,1.3029,1.30294
2013.03.25 00:10:34.618,1.30289,1.30291
2013.03.25 00:10:35.166,1.30285,1.30289
2013.03.25 00:10:35.286,1.30285,1.30289
2013.03.25 00:10:35.465,1.30282,1.30287
2013.03.25 00:10:35.707,1.30285,1.30287
2013.03.25 00:10:35.846,1.30285,1.30287
2013.03.25 00:10:35.915,1.30281,1.30287
2013.03.25 00:10:36.035,1.30285,1.30287
2013.03.25 00:10:36.157,1.30286,1.30288
2013.03.25 00:10:36.465,1.3029,1.30295
2013.03.25 00:10:36.945,1.3029,1.30295
2013.03.25 00:10:37.184,1.30291,1.30295
2013.03.25 00:10:38.166,1.30291,1.30297
2013.03.25 00:10:38.407,1.30295,1.30298
2013.03.25 00:10:38.475,1.30298,1.303
2013.03.25 00:10:38.536,1.30298,1.30301
2013.03.25 00:10:39.075,1.30296,1.30303
2013.03.25 00:10:40.424,1.30296,1.30304
2013.03.25 00:10:41.376,1.30294,1.30298
2013.03.25 00:10:41.556,1.30292,1.30296
2013.03.25 00:10:41.854,1.3029,1.30296
2013.03.25 00:10:42.405,1.30289,1.30295
2013.03.25 00:10:45.074,1.30289,1.30295
2013.03.25 00:10:45.436,1.30288,1.30293
2013.03.25 00:10:45.615,1.30287,1.30293
2013.03.25 00:10:45.975,1.30283,1.30288
2013.03.25 00:10:46.394,1.30276,1.30284
2013.03.25 00:10:46.455,1.30278,1.30284
2013.03.25 00:10:46.577,1.30278,1.30284
2013.03.25 00:10:46.766,1.30278,1.30284
2013.03.25 00:10:47.577,1.30278,1.30284
2013.03.25 00:10:48.894,1.30279,1.30284
2013.03.25 00:10:50.385,1.30277,1.30283
2013.03.25 00:10:50.925,1.30279,1.30283
2013.03.25 00:10:51.534,1.3028,1.30284
2013.03.25 00:10:51.595,1.3028,1.30284
2013.03.25 00:10:52.018,1.3028,1.30285
2013.03.25 00:10:52.325,1.30284,1.30286
2013.03.25 00:10:52.686,1.30287,1.30291
2013.03.25 00:10:52.874,1.30289,1.30293
2013.03.25 00:10:52.996,1.3029,1.30294
2013.03.25 00:10:53.237,1.30292,1.30295
2013.03.25 00:10:53.535,1.30293,1.30296
2013.03.25 00:10:54.049,1.30293,1.30296
2013.03.25 00:10:54.624,1.30293,1.30296
2013.03.25 00:10:55.284,1.30293,1.30296
2013.03.25 00:10:55.919,1.30292,1.30296
2013.03.25 00:10:56.522,1.3029,1.30295
2013.03.25 00:10:57.016,1.30295,1.30298
2013.03.25 00:10:57.256,1.30296,1.30301
2013.03.25 00:10:57.314,1.30297,1.30301
2013.03.25 00:10:57.917,1.30295,1.303
2013.03.25 00:10:57.988,1.30291,1.30298
2013.03.25 00:10:58.057,1.30291,1.30295
2013.03.25 00:10:58.187,1.3029,1.30295
2013.03.25 00:10:58.547,1.30289,1.30291
2013.03.25 00:10:58.914,1.30289,1.3029
2013.03.25 00:10:59.095,1.30285,1.3029
2013.03.25 00:10:59.395,1.30284,1.30288
2013.03.25 00:10:59.756,1.30281,1.30285
2013.03.25 00:10:59.996,1.3028,1.30284
2013.03.25 00:11:00.295,1.3028,1.30285
2013.03.25 00:11:00.415,1.30281,1.30285
2013.03.25 00:11:00.716,1.30283,1.30287
2013.03.25 00:11:01.017,1.30286,1.30289
2013.03.25 00:11:01.085,1.30287,1.30291
2013.03.25 00:11:01.265,1.30287,1.30291
2013.03.25 00:11:01.684,1.30288,1.30293
2013.03.25 00:11:02.225,1.30288,1.30293
2013.03.25 00:11:02.764,1.30287,1.30293
2013.03.25 00:11:03.305,1.30287,1.3029
2013.03.25 00:11:03.864,1.30287,1.30292
2013.03.25 00:11:04.844,1.30289,1.30293
2013.03.25 00:11:05.265,1.30291,1.30295
2013.03.25 00:11:06.050,1.30289,1.30295
2013.03.25 00:11:06.565,1.30289,1.30294
2013.03.25 00:11:06.925,1.3029,1.30295
2013.03.25 00:11:07.226,1.30289,1.30295
2013.03.25 00:11:07.784,1.30288,1.30293
2013.03.25 00:11:09.924,1.30288,1.30292
2013.03.25 00:11:12.434,1.30287,1.30293
2013.03.25 00:11:12.615,1.30285,1.30289
2013.03.25 00:11:12.917,1.30281,1.30285
2013.03.25 00:11:13.284,1.30279,1.30285
2013.03.25 00:11:16.434,1.30278,1.30284
2013.03.25 00:11:17.496,1.30278,1.30282
2013.03.25 00:11:17.814,1.30279,1.30283
2013.03.25 00:11:17.935,1.30279,1.30283
2013.03.25 00:11:18.544,1.30279,1.30283
2013.03.25 00:11:18.603,1.30279,1.30283
2013.03.25 00:11:18.745,1.30279,1.30283
2013.03.25 00:11:19.105,1.30279,1.30283
2013.03.25 00:11:19.585,1.30278,1.30282
2013.03.25 00:11:19.705,1.30278,1.30282
2013.03.25 00:11:20.004,1.30276,1.30282
2013.03.25 00:11:20.544,1.30276,1.30281
2013.03.25 00:11:21.094,1.30276,1.3028
2013.03.25 00:11:21.634,1.30276,1.3028
2013.03.25 00:11:22.394,1.30276,1.30283
2013.03.25 00:11:22.875,1.30276,1.30282
2013.03.25 00:11:23.236,1.30274,1.30279
2013.03.25 00:11:23.356,1.30274,1.30278
2013.03.25 00:11:23.476,1.30271,1.30276
2013.03.25 00:11:24.324,1.30271,1.30275
2013.03.25 00:11:24.886,1.30271,1.30276
2013.03.25 00:11:25.566,1.30271,1.30276
2013.03.25 00:11:27.037,1.30278,1.30283
2013.03.25 00:11:27.594,1.30278,1.30283
2013.03.25 00:11:28.204,1.30278,1.30282
2013.03.25 00:11:29.230,1.30278,1.30282
2013.03.25 00:11:29.820,1.30278,1.30282
2013.03.25 00:11:31.645,1.30278,1.30283
2013.03.25 00:11:32.168,1.30278,1.30282
2013.03.25 00:11:32.475,1.30275,1.3028
2013.03.25 00:11:33.477,1.30276,1.30282
2013.03.25 00:11:34.026,1.30277,1.30281
2013.03.25 00:11:34.584,1.30278,1.30283
2013.03.25 00:11:37.689,1.30277,1.30282
2013.03.25 00:11:41.124,1.30278,1.30282
2013.03.25 00:11:42.674,1.30278,1.30282
2013.03.25 00:11:43.214,1.30278,1.30282
2013.03.25 00:11:43.844,1.30278,1.30282
2013.03.25 00:11:45.335,1.30278,1.30282
2013.03.25 00:11:47.575,1.30278,1.30282
2013.03.25 00:11:48.115,1.30279,1.30284
2013.03.25 00:11:49.229,1.30278,1.30283
2013.03.25 00:11:50.298,1.30277,1.30282
2013.03.25 00:11:51.447,1.30276,1.30279
2013.03.25 00:11:51.695,1.30275,1.30279
2013.03.25 00:11:51.875,1.30273,1.30277
2013.03.25 00:11:51.996,1.30272,1.30276
2013.03.25 00:11:54.196,1.30271,1.30276
2013.03.25 00:11:54.786,1.30271,1.30275
2013.03.25 00:11:56.265,1.30271,1.30275
2013.03.25 00:11:59.154,1.30271,1.30276
2013.03.25 00:11:59.685,1.30272,1.30276
2013.03.25 00:12:00.186,1.30271,1.30276
2013.03.25 00:12:01.344,1.30271,1.30276
2013.03.25 00:12:01.884,1.30271,1.30276
2013.03.25 00:12:05.575,1.30271,1.30276
2013.03.25 00:12:06.134,1.30271,1.30276
2013.03.25 00:12:07.344,1.30271,1.30276
2013.03.25 00:12:08.986,1.30271,1.30276
2013.03.25 00:12:09.525,1.30271,1.30276
2013.03.25 00:12:13.486,1.30272,1.30277
2013.03.25 00:12:14.037,1.30272,1.30276
2013.03.25 00:12:14.585,1.30272,1.30276
2013.03.25 00:12:15.455,1.30272,1.30276
2013.03.25 00:12:18.394,1.3027,1.30276
2013.03.25 00:12:20.114,1.30271,1.30276
2013.03.25 00:12:22.204,1.3027,1.30275
2013.03.25 00:12:24.274,1.30271,1.30276
2013.03.25 00:12:24.412,1.30274,1.30276
2013.03.25 00:12:24.965,1.30276,1.3028
2013.03.25 00:12:25.028,1.30276,1.3028
2013.03.25 00:12:25.455,1.30279,1.30283
2013.03.25 00:12:25.636,1.3028,1.30284
2013.03.25 00:12:26.175,1.3028,1.30284
2013.03.25 00:12:27.250,1.30285,1.30287
2013.03.25 00:12:27.320,1.30285,1.30289
2013.03.25 00:12:27.565,1.30285,1.30289
2013.03.25 00:12:28.337,1.30285,1.30289
2013.03.25 00:12:28.990,1.30285,1.30289
2013.03.25 00:12:30.125,1.30285,1.30287
2013.03.25 00:12:30.186,1.30283,1.30286
2013.03.25 00:12:30.556,1.30281,1.30284
2013.03.25 00:12:30.857,1.30278,1.30282
2013.03.25 00:12:30.926,1.30278,1.30282
2013.03.25 00:12:31.465,1.30278,1.30282
2013.03.25 00:12:32.667,1.30277,1.30282
2013.03.25 00:12:33.204,1.30277,1.30282
2013.03.25 00:12:33.466,1.30276,1.30278
2013.03.25 00:12:33.587,1.30275,1.30278
2013.03.25 00:12:33.946,1.30274,1.30275
2013.03.25 00:12:34.485,1.30271,1.30275
2013.03.25 00:12:35.025,1.30271,1.30275
2013.03.25 00:12:38.254,1.30272,1.30275
2013.03.25 00:12:38.759,1.30274,1.30278
2013.03.25 00:12:39.005,1.30272,1.30275
2013.03.25 00:12:39.186,1.30271,1.30274
2013.03.25 00:12:40.080,1.30271,1.30274
2013.03.25 00:12:40.566,1.30269,1.30271
2013.03.25 00:12:41.201,1.30266,1.3027
2013.03.25 00:12:41.285,1.30263,1.30267
2013.03.25 00:12:41.774,1.30262,1.30266
2013.03.25 00:12:42.375,1.30261,1.30266
2013.03.25 00:12:43.165,1.30261,1.30266
2013.03.25 00:12:43.985,1.30261,1.30265
2013.03.25 00:12:44.524,1.3026,1.30264
2013.03.25 00:12:45.064,1.3026,1.30264
2013.03.25 00:12:47.984,1.3026,1.30265
2013.03.25 00:12:48.104,1.30259,1.30262
2013.03.25 00:12:48.645,1.30259,1.30262
2013.03.25 00:12:51.629,1.30258,1.30263
2013.03.25 00:12:55.826,1.30257,1.3026
2013.03.25 00:12:56.969,1.30256,1.3026
2013.03.25 00:12:57.116,1.30256,1.30259
2013.03.25 00:12:57.703,1.30255,1.30259
2013.03.25 00:12:58.275,1.30253,1.3026
2013.03.25 00:12:58.456,1.30252,1.30259
2013.03.25 00:12:58.996,1.30252,1.30258
2013.03.25 00:12:59.548,1.30251,1.30257
2013.03.25 00:13:00.016,1.30251,1.30256
2013.03.25 00:13:00.076,1.30249,1.30256
2013.03.25 00:13:00.136,1.30249,1.30253
2013.03.25 00:13:00.496,1.30248,1.30252
2013.03.25 00:13:01.037,1.30246,1.30252
2013.03.25 00:13:01.455,1.30246,1.30249
2013.03.25 00:13:02.806,1.3024,1.30243
2013.03.25 00:13:03.048,1.30241,1.30245
2013.03.25 00:13:03.116,1.30242,1.30244
2013.03.25 00:13:03.236,1.30245,1.30249
2013.03.25 00:13:03.354,1.30248,1.30254
2013.03.25 00:13:03.667,1.30249,1.30253
2013.03.25 00:13:03.800,1.30247,1.3025
2013.03.25 00:13:04.475,1.30248,1.30253
2013.03.25 00:13:04.536,1.30248,1.30253
2013.03.25 00:13:04.775,1.30247,1.3025
2013.03.25 00:13:04.955,1.30245,1.30249
2013.03.25 00:13:05.195,1.30242,1.30247
2013.03.25 00:13:05.856,1.30242,1.30247
2013.03.25 00:13:08.041,1.30245,1.30249
2013.03.25 00:13:08.345,1.30246,1.3025
2013.03.25 00:13:08.766,1.30247,1.30251
2013.03.25 00:13:08.826,1.30248,1.30253
2013.03.25 00:13:10.071,1.3025,1.30252
2013.03.25 00:13:10.624,1.3025,1.30253
2013.03.25 00:13:11.164,1.3025,1.30254
2013.03.25 00:13:11.705,1.30248,1.30252
2013.03.25 00:13:11.945,1.30251,1.30254
2013.03.25 00:13:12.008,1.30251,1.30254
2013.03.25 00:13:12.494,1.30254,1.30259
2013.03.25 00:13:13.033,1.30254,1.30259
2013.03.25 00:13:13.791,1.30254,1.30259
2013.03.25 00:13:14.859,1.30254,1.30259
2013.03.25 00:13:15.166,1.30252,1.30256
2013.03.25 00:13:15.595,1.3025,1.30255
2013.03.25 00:13:16.074,1.3025,1.30255
2013.03.25 00:13:16.614,1.30249,1.30255
2013.03.25 00:13:29.456,1.30249,1.30254
2013.03.25 00:13:30.005,1.30249,1.30254
2013.03.25 00:13:30.485,1.30249,1.30253
2013.03.25 00:13:33.398,1.30249,1.30252
2013.03.25 00:13:33.586,1.30249,1.30252
2013.03.25 00:13:41.272,1.30249,1.30253
2013.03.25 00:13:42.834,1.30249,1.30253
2013.03.25 00:13:43.014,1.30247,1.30252
2013.03.25 00:13:43.134,1.30247,1.30251
2013.03.25 00:13:43.435,1.30244,1.3025
2013.03.25 00:13:44.021,1.30244,1.30249
2013.03.25 00:13:44.546,1.30244,1.30246
2013.03.25 00:13:44.605,1.3024,1.30245
2013.03.25 00:13:44.785,1.30238,1.30243
2013.03.25 00:13:44.906,1.30238,1.30244
2013.03.25 00:13:45.085,1.30238,1.30243
2013.03.25 00:13:45.684,1.30237,1.30243
2013.03.25 00:13:49.634,1.30237,1.30243
2013.03.25 00:13:50.155,1.30237,1.30243
2013.03.25 00:13:50.694,1.30237,1.30241
2013.03.25 00:13:58.834,1.30237,1.30241
2013.03.25 00:13:59.404,1.30237,1.30241
2013.03.25 00:13:59.833,1.30237,1.30241
2013.03.25 00:14:00.134,1.30238,1.30245
2013.03.25 00:14:00.866,1.30242,1.30245
2013.03.25 00:14:01.365,1.30237,1.30243
2013.03.25 00:14:01.425,1.30237,1.30243
2013.03.25 00:14:01.744,1.30239,1.30243
2013.03.25 00:14:02.700,1.30239,1.30243
2013.03.25 00:14:02.837,1.30237,1.30244
2013.03.25 00:14:03.085,1.30237,1.30241
2013.03.25 00:14:03.204,1.30235,1.30242
2013.03.25 00:14:03.386,1.30239,1.30243
2013.03.25 00:14:03.744,1.30241,1.30245
2013.03.25 00:14:09.564,1.30242,1.30245
2013.03.25 00:14:10.346,1.30242,1.30245
2013.03.25 00:14:10.885,1.30242,1.30243
2013.03.25 00:14:21.276,1.3024,1.30243
2013.03.25 00:14:21.456,1.30238,1.30241
2013.03.25 00:14:21.755,1.30237,1.30241
2013.03.25 00:14:21.996,1.30236,1.3024
2013.03.25 00:14:22.545,1.30235,1.3024
2013.03.25 00:14:23.066,1.30235,1.30239
2013.03.25 00:14:23.667,1.30235,1.30239
2013.03.25 00:14:24.314,1.30235,1.30239
2013.03.25 00:14:24.555,1.30235,1.30239
2013.03.25 00:14:25.486,1.30235,1.30239
2013.03.25 00:14:26.024,1.30236,1.30238
2013.03.25 00:14:27.145,1.30236,1.3024
2013.03.25 00:14:27.505,1.30237,1.30242
2013.03.25 00:14:27.865,1.30241,1.30242
2013.03.25 00:14:28.405,1.30241,1.30244
2013.03.25 00:14:28.464,1.3024,1.30242
2013.03.25 00:14:29.004,1.3024,1.30243
2013.03.25 00:14:29.544,1.3024,1.30244
2013.03.25 00:14:30.056,1.3024,1.30243
2013.03.25 00:14:32.054,1.3024,1.30244
2013.03.25 00:14:32.414,1.30242,1.30244
2013.03.25 00:14:33.227,1.30242,1.30245
2013.03.25 00:14:33.817,1.30242,1.30245
2013.03.25 00:14:34.344,1.30242,1.30245
2013.03.25 00:14:35.234,1.30242,1.30245
2013.03.25 00:14:36.148,1.30243,1.30246
2013.03.25 00:14:36.456,1.30247,1.30252
2013.03.25 00:14:36.576,1.3025,1.30253
2013.03.25 00:14:36.636,1.30251,1.30256
2013.03.25 00:14:36.696,1.30255,1.30258
2013.03.25 00:14:37.235,1.30255,1.30257
2013.03.25 00:14:40.125,1.30252,1.30256
2013.03.25 00:14:41.745,1.30252,1.30256
2013.03.25 00:14:42.294,1.30251,1.30256
2013.03.25 00:14:42.835,1.30251,1.30256
2013.03.25 00:14:44.365,1.30251,1.30256
2013.03.25 00:14:46.755,1.30251,1.30256
2013.03.25 00:14:46.875,1.30254,1.30256
2013.03.25 00:14:47.626,1.30252,1.30256
2013.03.25 00:14:47.805,1.30251,1.30256
2013.03.25 00:14:49.375,1.30249,1.30256
2013.03.25 00:14:52.184,1.30249,1.30255
2013.03.25 00:14:52.643,1.30249,1.30255
2013.03.25 00:14:53.194,1.3025,1.30256
2013.03.25 00:14:54.087,1.30249,1.30256
2013.03.25 00:14:59.925,1.3025,1.30256
2013.03.25 00:15:00.045,1.30254,1.30256
2013.03.25 00:15:00.165,1.30254,1.30257
2013.03.25 00:15:00.346,1.30256,1.30259
2013.03.25 00:15:00.407,1.30258,1.30262
2013.03.25 00:15:00.467,1.30258,1.30261
2013.03.25 00:15:00.836,1.3026,1.30263
2013.03.25 00:15:01.635,1.30259,1.30265
2013.03.25 00:15:02.174,1.30259,1.30264
2013.03.25 00:15:03.884,1.30259,1.30264
2013.03.25 00:15:04.966,1.30262,1.30265
2013.03.25 00:15:05.086,1.3026,1.30265
2013.03.25 00:15:05.205,1.30261,1.30266
2013.03.25 00:15:05.505,1.30259,1.30264
2013.03.25 00:15:06.056,1.30259,1.30264
2013.03.25 00:15:10.774,1.30259,1.30264
2013.03.25 00:15:14.515,1.3026,1.30264
2013.03.25 00:15:19.963,1.30257,1.30263
2013.03.25 00:15:20.464,1.3026,1.30263
2013.03.25 00:15:21.875,1.30257,1.30262
2013.03.25 00:15:22.616,1.30257,1.30262
2013.03.25 00:15:24.155,1.30258,1.30264
2013.03.25 00:15:24.694,1.3026,1.30265
2013.03.25 00:15:25.285,1.30258,1.30263
2013.03.25 00:15:25.707,1.3026,1.30263
2013.03.25 00:15:25.775,1.30258,1.30262
2013.03.25 00:15:30.626,1.30258,1.30263
2013.03.25 00:15:30.686,1.30259,1.30265
2013.03.25 00:15:31.106,1.30258,1.30264
2013.03.25 00:15:31.768,1.30258,1.30264
2013.03.25 00:15:33.805,1.30259,1.30262
2013.03.25 00:15:34.345,1.3026,1.30264
2013.03.25 00:15:34.955,1.3026,1.30264
2013.03.25 00:15:35.485,1.3026,1.30264
2013.03.25 00:15:35.986,1.3026,1.30265
2013.03.25 00:15:39.237,1.30261,1.30265
2013.03.25 00:15:39.356,1.30263,1.30266
2013.03.25 00:15:39.476,1.30265,1.30269
2013.03.25 00:15:39.537,1.30266,1.3027
2013.03.25 00:15:40.250,1.30268,1.30269
2013.03.25 00:15:40.566,1.30268,1.30271
2013.03.25 00:15:40.926,1.30269,1.30272
2013.03.25 00:15:41.107,1.30269,1.30273
2013.03.25 00:15:41.295,1.30269,1.30275
2013.03.25 00:15:41.415,1.3027,1.30275
2013.03.25 00:15:41.717,1.30273,1.30275
2013.03.25 00:15:41.955,1.30271,1.30278
2013.03.25 00:15:42.495,1.30272,1.30279
2013.03.25 00:15:42.675,1.30274,1.30279
2013.03.25 00:15:42.976,1.30279,1.30285
2013.03.25 00:15:43.275,1.30277,1.30285
2013.03.25 00:15:44.785,1.30278,1.30283
2013.03.25 00:15:45.086,1.30276,1.30282
2013.03.25 00:15:45.566,1.30276,1.30281
2013.03.25 00:15:46.105,1.30277,1.30283
2013.03.25 00:15:46.645,1.30277,1.30283
2013.03.25 00:15:47.184,1.30278,1.30283
2013.03.25 00:15:48.044,1.30279,1.30283
2013.03.25 00:15:48.585,1.30279,1.30284
2013.03.25 00:15:48.946,1.30279,1.30284
2013.03.25 00:15:49.188,1.30279,1.30284
2013.03.25 00:15:50.420,1.30279,1.30284
2013.03.25 00:15:51.095,1.30279,1.30284
2013.03.25 00:15:51.734,1.30279,1.30284
2013.03.25 00:15:52.314,1.3028,1.30284
2013.03.25 00:15:52.815,1.3028,1.30285
2013.03.25 00:15:53.057,1.30281,1.30286
2013.03.25 00:15:53.237,1.30284,1.30287
2013.03.25 00:15:53.295,1.30284,1.3029
2013.03.25 00:15:53.476,1.30285,1.3029
2013.03.25 00:15:53.717,1.30287,1.30293
2013.03.25 00:15:54.086,1.3029,1.30294
2013.03.25 00:15:54.147,1.30292,1.30295
2013.03.25 00:15:54.206,1.30295,1.30299
2013.03.25 00:15:54.266,1.30295,1.303
2013.03.25 00:15:54.389,1.30295,1.30304
2013.03.25 00:15:54.577,1.30296,1.30299
2013.03.25 00:15:54.647,1.30295,1.30297
2013.03.25 00:15:54.777,1.30291,1.30295
2013.03.25 00:15:54.837,1.30291,1.30295
2013.03.25 00:15:55.077,1.30291,1.30294
2013.03.25 00:15:55.196,1.30287,1.3029
2013.03.25 00:15:55.317,1.30286,1.3029
2013.03.25 00:15:55.387,1.30286,1.3029
2013.03.25 00:15:55.698,1.30284,1.30286
2013.03.25 00:15:55.885,1.30281,1.30285
2013.03.25 00:15:56.066,1.30279,1.30284
2013.03.25 00:15:56.245,1.30278,1.30283
2013.03.25 00:15:56.785,1.30277,1.30283
2013.03.25 00:15:58.016,1.30278,1.30284
2013.03.25 00:15:58.556,1.30279,1.30284
2013.03.25 00:16:01.235,1.30279,1.30284
2013.03.25 00:16:01.774,1.30279,1.30284
2013.03.25 00:16:02.314,1.3028,1.30285
2013.03.25 00:16:05.585,1.30277,1.30284
2013.03.25 00:16:06.065,1.30277,1.30283
2013.03.25 00:16:06.606,1.30272,1.30277
2013.03.25 00:16:06.669,1.30272,1.30276
2013.03.25 00:16:06.855,1.30271,1.30276
2013.03.25 00:16:07.395,1.3027,1.30275
2013.03.25 00:16:07.876,1.30272,1.30276
2013.03.25 00:16:08.238,1.30273,1.30277
2013.03.25 00:16:08.544,1.30275,1.30279
2013.03.25 00:16:08.965,1.30277,1.30279
2013.03.25 00:16:09.147,1.3028,1.30281
2013.03.25 00:16:09.696,1.30279,1.30283
2013.03.25 00:16:10.255,1.30278,1.30283
2013.03.25 00:16:10.734,1.30279,1.30284
2013.03.25 00:16:10.854,1.3028,1.30284
2013.03.25 00:16:11.096,1.30278,1.30281
2013.03.25 00:16:11.155,1.30277,1.3028
2013.03.25 00:16:11.396,1.30275,1.30278
2013.03.25 00:16:11.515,1.30274,1.30279
2013.03.25 00:16:11.695,1.30277,1.3028
2013.03.25 00:16:11.875,1.30279,1.30284
2013.03.25 00:16:12.414,1.3028,1.30284
2013.03.25 00:16:13.755,1.3028,1.30285
2013.03.25 00:16:14.274,1.3028,1.30285
2013.03.25 00:16:14.944,1.30278,1.30284
2013.03.25 00:16:15.799,1.3028,1.30286
2013.03.25 00:16:17.495,1.3028,1.30286
2013.03.25 00:16:20.594,1.3028,1.30286
2013.03.25 00:16:20.776,1.3028,1.30286
2013.03.25 00:16:21.934,1.3028,1.30286
2013.03.25 00:16:22.605,1.30281,1.30287
2013.03.25 00:16:25.194,1.3028,1.30286
2013.03.25 00:16:29.846,1.3028,1.30286
2013.03.25 00:16:33.735,1.3028,1.30286
2013.03.25 00:16:34.277,1.30281,1.30287
2013.03.25 00:16:37.975,1.30282,1.30286
2013.03.25 00:16:38.535,1.30283,1.30287
2013.03.25 00:16:39.075,1.30285,1.30288
2013.03.25 00:16:39.488,1.30285,1.30289
2013.03.25 00:16:41.688,1.30288,1.3029
2013.03.25 00:16:41.756,1.3029,1.30294
2013.03.25 00:16:41.878,1.30292,1.30296
2013.03.25 00:16:42.065,1.30295,1.30299
2013.03.25 00:16:42.485,1.30295,1.30299
2013.03.25 00:16:42.783,1.30293,1.303
2013.03.25 00:16:43.045,1.30295,1.30299
2013.03.25 00:16:43.364,1.30295,1.30298
2013.03.25 00:16:43.894,1.30295,1.303
2013.03.25 00:16:44.735,1.30296,1.30299
2013.03.25 00:16:52.377,1.30297,1.303
2013.03.25 00:16:52.678,1.303,1.30304
2013.03.25 00:16:52.746,1.303,1.30304
2013.03.25 00:16:52.925,1.30302,1.30305
2013.03.25 00:16:53.226,1.30304,1.30308
2013.03.25 00:16:53.347,1.30306,1.30308
2013.03.25 00:16:53.645,1.30307,1.3031
2013.03.25 00:16:54.205,1.30307,1.3031
2013.03.25 00:16:54.877,1.30309,1.30313
2013.03.25 00:16:54.948,1.30311,1.30314
2013.03.25 00:16:55.077,1.30311,1.30314
2013.03.25 00:16:55.205,1.30311,1.30316
2013.03.25 00:16:55.744,1.30311,1.30317
2013.03.25 00:16:56.285,1.30311,1.30315
2013.03.25 00:16:57.497,1.3031,1.30315
2013.03.25 00:16:57.975,1.30313,1.30317
2013.03.25 00:16:58.535,1.30311,1.30317
2013.03.25 00:16:59.075,1.30312,1.30317
2013.03.25 00:16:59.260,1.30312,1.30317
2013.03.25 00:16:59.945,1.30314,1.30318
2013.03.25 00:17:00.019,1.30311,1.30315
2013.03.25 00:17:00.221,1.30309,1.30312
2013.03.25 00:17:00.346,1.30306,1.3031
2013.03.25 00:17:00.406,1.30305,1.30308
2013.03.25 00:17:00.591,1.30303,1.30305
2013.03.25 00:17:00.658,1.303,1.30305
2013.03.25 00:17:00.905,1.30298,1.30303
2013.03.25 00:17:01.266,1.30298,1.30303
2013.03.25 00:17:01.505,1.30298,1.30304
2013.03.25 00:17:01.866,1.30297,1.303
2013.03.25 00:17:02.167,1.30296,1.30298
2013.03.25 00:17:02.405,1.30291,1.30296
2013.03.25 00:17:02.825,1.3029,1.30295
2013.03.25 00:17:02.888,1.3029,1.30294
2013.03.25 00:17:03.315,1.30287,1.30292
2013.03.25 00:17:03.615,1.30286,1.3029
2013.03.25 00:17:03.918,1.30285,1.30289
2013.03.25 00:17:04.047,1.30287,1.3029
2013.03.25 00:17:04.553,1.30288,1.30294
2013.03.25 00:17:05.238,1.30288,1.30293
2013.03.25 00:17:06.786,1.30287,1.30291
2013.03.25 00:17:07.026,1.30284,1.30289
2013.03.25 00:17:07.145,1.30281,1.30287
2013.03.25 00:17:07.626,1.30282,1.30287
2013.03.25 00:17:10.930,1.30287,1.30289
2013.03.25 00:17:11.245,1.3029,1.30293
2013.03.25 00:17:11.306,1.30291,1.30295
2013.03.25 00:17:11.855,1.30293,1.30295
2013.03.25 00:17:11.915,1.30293,1.30297
2013.03.25 00:17:12.521,1.30293,1.30297
2013.03.25 00:17:13.180,1.30293,1.30297
2013.03.25 00:17:13.762,1.30293,1.30297
2013.03.25 00:17:15.965,1.30293,1.30297
2013.03.25 00:17:16.266,1.30294,1.30297
2013.03.25 00:17:17.835,1.30295,1.30299
2013.03.25 00:17:17.895,1.30297,1.30301
2013.03.25 00:17:18.015,1.30297,1.30301
2013.03.25 00:17:18.605,1.30299,1.30304
2013.03.25 00:17:19.206,1.303,1.30305
2013.03.25 00:17:20.665,1.30301,1.30305
2013.03.25 00:17:20.905,1.30303,1.30307
2013.03.25 00:17:21.149,1.30302,1.30307
2013.03.25 00:17:21.276,1.30299,1.30306
2013.03.25 00:17:22.466,1.303,1.30304
2013.03.25 00:17:25.855,1.303,1.30305
2013.03.25 00:17:28.072,1.30299,1.30305
2013.03.25 00:17:29.155,1.303,1.30304
2013.03.25 00:17:29.521,1.30296,1.30299
2013.03.25 00:17:29.826,1.30292,1.30295
2013.03.25 00:17:30.006,1.30285,1.30291
2013.03.25 00:17:30.546,1.30286,1.30291
2013.03.25 00:17:31.086,1.30286,1.3029
2013.03.25 00:17:31.447,1.3028,1.30285
2013.03.25 00:17:31.984,1.30279,1.30285
2013.03.25 00:17:32.605,1.30279,1.30285
2013.03.25 00:17:33.104,1.30278,1.30284
2013.03.25 00:17:33.605,1.30278,1.30284
2013.03.25 00:17:34.824,1.30278,1.30284
2013.03.25 00:17:36.505,1.30279,1.30284
2013.03.25 00:17:41.405,1.30279,1.30284
2013.03.25 00:17:42.586,1.30279,1.30284
2013.03.25 00:17:43.115,1.30278,1.30284
2013.03.25 00:17:45.386,1.30278,1.30283
2013.03.25 00:17:45.446,1.30278,1.30283
2013.03.25 00:17:46.905,1.30279,1.30284
2013.03.25 00:17:48.455,1.30279,1.30284
2013.03.25 00:17:48.995,1.30278,1.30285
2013.03.25 00:17:49.561,1.30278,1.30285
2013.03.25 00:17:53.145,1.30278,1.30284
2013.03.25 00:17:54.184,1.30278,1.30284
2013.03.25 00:17:56.735,1.30278,1.30282
2013.03.25 00:17:56.918,1.30276,1.3028
2013.03.25 00:17:57.049,1.30274,1.30277
2013.03.25 00:17:57.236,1.30271,1.30276
2013.03.25 00:17:57.789,1.30269,1.30275
2013.03.25 00:17:57.976,1.30268,1.30275
2013.03.25 00:17:58.485,1.30267,1.30274
2013.03.25 00:17:59.094,1.30267,1.30274
2013.03.25 00:17:59.815,1.30267,1.30274
2013.03.25 00:18:00.236,1.30265,1.30271
2013.03.25 00:18:00.356,1.30265,1.30269
2013.03.25 00:18:00.536,1.30262,1.30266
2013.03.25 00:18:00.596,1.3026,1.30266
2013.03.25 00:18:00.836,1.3026,1.30265
2013.03.25 00:18:01.077,1.30262,1.30265
2013.03.25 00:18:01.136,1.30265,1.30267
2013.03.25 00:18:01.377,1.30269,1.30272
2013.03.25 00:18:01.675,1.3027,1.30275
2013.03.25 00:18:01.794,1.30271,1.30275
2013.03.25 00:18:04.195,1.30273,1.30276
2013.03.25 00:18:04.496,1.30277,1.30281
2013.03.25 00:18:04.738,1.3028,1.30284
2013.03.25 00:18:05.255,1.30279,1.30283
2013.03.25 00:18:05.794,1.30279,1.30283
2013.03.25 00:18:09.205,1.30279,1.30283
2013.03.25 00:18:09.445,1.30277,1.30281
2013.03.25 00:18:09.626,1.30275,1.30279
2013.03.25 00:18:09.806,1.30274,1.30277
2013.03.25 00:18:10.165,1.30275,1.30279
2013.03.25 00:18:11.098,1.30278,1.30281
2013.03.25 00:18:11.177,1.30278,1.30283
2013.03.25 00:18:11.906,1.30278,1.30284
2013.03.25 00:18:12.026,1.3028,1.30285
2013.03.25 00:18:13.965,1.3028,1.30285
2013.03.25 00:18:14.625,1.3028,1.30285
2013.03.25 00:18:17.066,1.3028,1.30286
2013.03.25 00:18:20.177,1.30281,1.30286
2013.03.25 00:18:20.535,1.30285,1.30287
2013.03.25 00:18:21.076,1.30285,1.30288
2013.03.25 00:18:21.616,1.30283,1.30288
2013.03.25 00:18:21.796,1.30281,1.30287
2013.03.25 00:18:22.215,1.30281,1.30285
2013.03.25 00:18:22.843,1.30281,1.30285
2013.03.25 00:18:25.455,1.30281,1.30285
2013.03.25 00:18:25.995,1.3028,1.30285
2013.03.25 00:18:29.207,1.3028,1.30285
2013.03.25 00:18:33.727,1.3028,1.30284
2013.03.25 00:18:34.204,1.30279,1.30284
2013.03.25 00:18:34.720,1.30279,1.30284
2013.03.25 00:18:42.487,1.30279,1.30284
2013.03.25 00:18:46.155,1.30279,1.30284
2013.03.25 00:18:46.695,1.30279,1.30284
2013.03.25 00:18:47.571,1.30279,1.30284
2013.03.25 00:18:48.956,1.3028,1.30286
2013.03.25 00:18:54.700,1.30279,1.30286
2013.03.25 00:18:54.767,1.30279,1.30284
2013.03.25 00:18:57.255,1.30279,1.30284
2013.03.25 00:18:57.819,1.30279,1.30284
2013.03.25 00:18:58.335,1.30279,1.30284
2013.03.25 00:18:58.455,1.30279,1.30283
2013.03.25 00:18:58.958,1.3028,1.30284
2013.03.25 00:18:59.016,1.3028,1.30284
2013.03.25 00:18:59.567,1.30283,1.30285
2013.03.25 00:18:59.627,1.30285,1.30288
2013.03.25 00:18:59.759,1.30286,1.30291
2013.03.25 00:18:59.827,1.30288,1.30292
2013.03.25 00:19:00.189,1.30287,1.30291
2013.03.25 00:19:00.377,1.30285,1.30288
2013.03.25 00:19:00.436,1.30283,1.30286
2013.03.25 00:19:00.496,1.30283,1.30286
2013.03.25 00:19:00.806,1.3028,1.30285
2013.03.25 00:19:01.105,1.3028,1.30284
2013.03.25 00:19:01.886,1.30279,1.30284
2013.03.25 00:19:02.416,1.3028,1.30284
2013.03.25 00:19:02.955,1.30282,1.30284
2013.03.25 00:19:05.251,1.30281,1.30284
2013.03.25 00:19:05.377,1.30284,1.30286
2013.03.25 00:19:05.506,1.30285,1.3029
2013.03.25 00:19:05.566,1.30287,1.30289
2013.03.25 00:19:05.746,1.30288,1.30292
2013.03.25 00:19:05.865,1.30289,1.30294
2013.03.25 00:19:06.405,1.30289,1.30295
2013.03.25 00:19:07.524,1.30295,1.30297
2013.03.25 00:19:08.025,1.30295,1.30297
2013.03.25 00:19:08.846,1.30294,1.30298
2013.03.25 00:19:09.375,1.30294,1.30298
2013.03.25 00:19:09.936,1.30298,1.30301
2013.03.25 00:19:10.336,1.303,1.30305
2013.03.25 00:19:10.457,1.303,1.30304
2013.03.25 00:19:10.758,1.30296,1.30298
2013.03.25 00:19:11.006,1.30292,1.30297
2013.03.25 00:19:11.536,1.30291,1.30295
2013.03.25 00:19:11.897,1.30289,1.30292
2013.03.25 00:19:12.256,1.30284,1.30288
2013.03.25 00:19:12.315,1.30284,1.30288
2013.03.25 00:19:12.735,1.3028,1.30285
2013.03.25 00:19:13.276,1.3028,1.30283
2013.03.25 00:19:13.815,1.30279,1.30284
2013.03.25 00:19:20.919,1.3028,1.30285
2013.03.25 00:19:21.926,1.3028,1.30285
2013.03.25 00:19:26.574,1.3028,1.30285
2013.03.25 00:19:26.885,1.30281,1.30286
2013.03.25 00:19:27.425,1.30281,1.30287
2013.03.25 00:19:48.147,1.30282,1.30286
2013.03.25 00:19:52.646,1.30281,1.30286
2013.03.25 00:19:53.415,1.30281,1.30286
2013.03.25 00:19:55.357,1.30281,1.30284
2013.03.25 00:19:55.897,1.30281,1.30284
2013.03.25 00:19:56.427,1.30281,1.30283
2013.03.25 00:19:58.396,1.3028,1.30283
2013.03.25 00:20:00.900,1.3028,1.30284
2013.03.25 00:20:00.972,1.30279,1.30281
2013.03.25 00:20:01.276,1.30275,1.30279
2013.03.25 00:20:01.336,1.30273,1.30278
2013.03.25 00:20:04.146,1.30272,1.30277
2013.03.25 00:20:06.665,1.30271,1.30276
2013.03.25 00:20:06.847,1.3027,1.30274
2013.03.25 00:20:08.176,1.3027,1.30274
2013.03.25 00:20:09.135,1.3027,1.30274
2013.03.25 00:20:09.316,1.30268,1.30272
2013.03.25 00:20:09.676,1.30269,1.30271
2013.03.25 00:20:10.097,1.30273,1.30275
2013.03.25 00:20:10.345,1.30274,1.30277
2013.03.25 00:20:15.916,1.30274,1.30277
2013.03.25 00:20:16.157,1.30275,1.30277
2013.03.25 00:20:16.835,1.30276,1.30279
2013.03.25 00:20:17.137,1.30279,1.30285
2013.03.25 00:20:17.196,1.30281,1.30285
2013.03.25 00:20:17.865,1.30281,1.30285
2013.03.25 00:20:19.645,1.3028,1.30284
2013.03.25 00:20:19.766,1.30279,1.30284
2013.03.25 00:20:20.495,1.30274,1.30277
2013.03.25 00:20:20.756,1.30272,1.30277
2013.03.25 00:20:21.315,1.30273,1.30277
2013.03.25 00:20:30.445,1.30272,1.30277
2013.03.25 00:20:33.287,1.30271,1.30277
2013.03.25 00:20:33.347,1.3027,1.30275
2013.03.25 00:20:33.476,1.30271,1.30275
2013.03.25 00:20:36.828,1.30273,1.30277
2013.03.25 00:20:37.678,1.30273,1.30277
2013.03.25 00:20:38.259,1.30273,1.30277
2013.03.25 00:20:39.776,1.30273,1.30277
2013.03.25 00:20:42.085,1.30273,1.30277
2013.03.25 00:20:54.215,1.30273,1.30277
2013.03.25 00:20:58.287,1.30273,1.30277
2013.03.25 00:20:58.646,1.30273,1.30279
2013.03.25 00:20:58.705,1.3028,1.30284
2013.03.25 00:20:58.946,1.3028,1.30285
2013.03.25 00:20:59.005,1.30282,1.30287
2013.03.25 00:21:01.705,1.30282,1.30287
2013.03.25 00:21:02.665,1.30281,1.30285
2013.03.25 00:21:03.466,1.30281,1.30285
2013.03.25 00:21:05.496,1.30281,1.30285
2013.03.25 00:21:09.163,1.30281,1.30285
2013.03.25 00:21:10.966,1.30281,1.30285
2013.03.25 00:21:11.504,1.30282,1.30285
2013.03.25 00:21:12.183,1.30282,1.30285
2013.03.25 00:21:18.459,1.30281,1.30285
2013.03.25 00:21:18.965,1.30281,1.30283
2013.03.25 00:21:20.215,1.3028,1.30282
2013.03.25 00:21:21.192,1.30276,1.30281
2013.03.25 00:21:21.269,1.30277,1.30279
2013.03.25 00:21:22.718,1.30275,1.30279
2013.03.25 00:21:23.500,1.30274,1.30278
2013.03.25 00:21:23.828,1.30273,1.30277
2013.03.25 00:21:24.026,1.30273,1.30275
2013.03.25 00:21:24.566,1.30272,1.30274
2013.03.25 00:21:24.626,1.30271,1.30273
2013.03.25 00:21:24.869,1.30263,1.30267
2013.03.25 00:21:24.997,1.30264,1.30267
2013.03.25 00:21:25.370,1.3026,1.30265
2013.03.25 00:21:25.556,1.30261,1.30262
2013.03.25 00:21:26.155,1.3026,1.30262
2013.03.25 00:21:28.338,1.3026,1.30262
2013.03.25 00:21:29.776,1.3026,1.30263
2013.03.25 00:21:29.896,1.30258,1.30262
2013.03.25 00:21:29.957,1.30258,1.30262
2013.03.25 00:21:30.527,1.30258,1.3026
2013.03.25 00:21:32.308,1.30258,1.3026
2013.03.25 00:21:32.666,1.30254,1.30258
2013.03.25 00:21:33.525,1.30254,1.30256
2013.03.25 00:21:42.745,1.30252,1.30256
2013.03.25 00:21:43.296,1.30251,1.30256
2013.03.25 00:21:44.106,1.30251,1.30255
2013.03.25 00:21:47.315,1.30251,1.30255
2013.03.25 00:21:47.835,1.3025,1.30255
2013.03.25 00:21:51.176,1.3025,1.30255
2013.03.25 00:21:51.751,1.3025,1.30255
2013.03.25 00:21:52.955,1.3025,1.30255
2013.03.25 00:22:05.928,1.3025,1.30255
2013.03.25 00:22:06.193,1.30249,1.30252
2013.03.25 00:22:06.262,1.30248,1.30251
2013.03.25 00:22:11.026,1.3025,1.30253
2013.03.25 00:22:11.566,1.30251,1.30255
2013.03.25 00:22:12.106,1.3025,1.30255
2013.03.25 00:22:12.646,1.3025,1.30255
2013.03.25 00:22:17.336,1.30252,1.30256
2013.03.25 00:22:17.456,1.30251,1.30256
2013.03.25 00:22:17.696,1.30253,1.30255
2013.03.25 00:22:17.755,1.30251,1.30255
2013.03.25 00:22:18.275,1.30251,1.30255
2013.03.25 00:22:19.249,1.30254,1.30257
2013.03.25 00:22:19.331,1.30259,1.30263
2013.03.25 00:22:20.996,1.30259,1.30262
2013.03.25 00:22:22.096,1.30258,1.30263
2013.03.25 00:22:22.276,1.30259,1.30262
2013.03.25 00:22:23.236,1.30256,1.3026
2013.03.25 00:22:24.137,1.30256,1.3026
2013.03.25 00:22:24.496,1.3025,1.30255
2013.03.25 00:22:24.618,1.3025,1.30255
2013.03.25 00:22:24.677,1.30249,1.30254
2013.03.25 00:22:24.736,1.30249,1.30254
2013.03.25 00:22:26.107,1.30248,1.30253
2013.03.25 00:22:26.167,1.30247,1.30252
2013.03.25 00:22:26.476,1.30244,1.30246
2013.03.25 00:22:26.537,1.30243,1.30246
2013.03.25 00:22:26.715,1.3024,1.30245
2013.03.25 00:22:26.897,1.30239,1.30244
2013.03.25 00:22:27.795,1.3024,1.30245
2013.03.25 00:22:28.747,1.30239,1.30243
2013.03.25 00:22:29.418,1.30238,1.30241
2013.03.25 00:22:29.501,1.30235,1.30239
2013.03.25 00:22:30.059,1.30235,1.30239
2013.03.25 00:22:30.596,1.30236,1.3024
2013.03.25 00:22:30.955,1.30238,1.3024
2013.03.25 00:22:31.506,1.30238,1.3024
2013.03.25 00:22:32.586,1.30238,1.30242
2013.03.25 00:22:34.597,1.30238,1.30242
2013.03.25 00:22:35.077,1.30239,1.30243
2013.03.25 00:22:35.566,1.3024,1.30244
2013.03.25 00:22:36.345,1.30241,1.30246
2013.03.25 00:22:42.971,1.30241,1.30245
2013.03.25 00:22:43.536,1.30241,1.30245
2013.03.25 00:22:45.387,1.3024,1.30245
2013.03.25 00:22:46.095,1.3024,1.30245
2013.03.25 00:22:46.626,1.3024,1.30244
2013.03.25 00:22:49.746,1.3024,1.30244
2013.03.25 00:22:51.326,1.3024,1.30245
2013.03.25 00:22:52.986,1.30241,1.30246
2013.03.25 00:22:53.691,1.30241,1.30245
2013.03.25 00:22:54.306,1.30241,1.30245
2013.03.25 00:22:57.000,1.3024,1.30245
2013.03.25 00:22:59.876,1.3024,1.30245
2013.03.25 00:23:01.676,1.3024,1.30245
2013.03.25 00:23:05.668,1.3024,1.30244
2013.03.25 00:23:06.028,1.30237,1.30241
2013.03.25 00:23:06.507,1.30236,1.3024
2013.03.25 00:23:06.688,1.30234,1.30238
2013.03.25 00:23:06.758,1.30231,1.30235
2013.03.25 00:23:06.888,1.3023,1.30233
2013.03.25 00:23:07.198,1.30227,1.3023
2013.03.25 00:23:07.317,1.30225,1.30229
2013.03.25 00:23:07.507,1.30226,1.30229
2013.03.25 00:23:07.689,1.30227,1.30231
2013.03.25 00:23:07.757,1.3023,1.30232
2013.03.25 00:23:09.505,1.3023,1.30234
2013.03.25 00:23:11.336,1.3023,1.30235
2013.03.25 00:23:11.640,1.30236,1.30239
2013.03.25 00:23:11.826,1.30237,1.30242
2013.03.25 00:23:11.886,1.30238,1.30242
2013.03.25 00:23:12.755,1.30239,1.30241
2013.03.25 00:23:13.286,1.3024,1.30242
2013.03.25 00:23:13.986,1.3024,1.30242
2013.03.25 00:23:19.516,1.30239,1.30243
2013.03.25 00:23:20.057,1.30239,1.30242
2013.03.25 00:23:20.416,1.30242,1.30245
2013.03.25 00:23:20.597,1.30245,1.30248
2013.03.25 00:23:20.657,1.30247,1.3025
2013.03.25 00:23:20.777,1.30249,1.30253
2013.03.25 00:23:20.896,1.3025,1.30255
2013.03.25 00:23:21.376,1.3025,1.30255
2013.03.25 00:23:21.916,1.3025,1.30255
2013.03.25 00:23:22.465,1.3025,1.30254
2013.03.25 00:23:22.887,1.30249,1.30253
2013.03.25 00:23:24.037,1.30248,1.30251
2013.03.25 00:23:24.797,1.30247,1.3025
2013.03.25 00:23:25.791,1.30246,1.3025
2013.03.25 00:23:25.876,1.30246,1.30248
2013.03.25 00:23:26.416,1.30244,1.30249
2013.03.25 00:23:26.957,1.30243,1.30248
2013.03.25 00:23:27.147,1.30243,1.30247
2013.03.25 00:23:27.394,1.30241,1.30247
2013.03.25 00:23:27.756,1.3024,1.30246
2013.03.25 00:23:28.309,1.30241,1.30244
2013.03.25 00:23:30.687,1.30239,1.30244
2013.03.25 00:23:31.166,1.30238,1.30243
2013.03.25 00:23:31.735,1.30237,1.30242
2013.03.25 00:23:32.286,1.30236,1.30241
2013.03.25 00:23:35.428,1.30229,1.30234
2013.03.25 00:23:37.460,1.30234,1.30238
2013.03.25 00:23:37.714,1.30236,1.30242
2013.03.25 00:23:37.777,1.30236,1.30243
2013.03.25 00:23:38.077,1.30239,1.30245
2013.03.25 00:23:38.138,1.30241,1.30247
2013.03.25 00:23:38.197,1.30241,1.30248
2013.03.25 00:23:38.316,1.30246,1.3025
2013.03.25 00:23:38.855,1.30247,1.30252
2013.03.25 00:23:40.161,1.30249,1.30257
2013.03.25 00:23:40.345,1.3025,1.30256
2013.03.25 00:23:42.145,1.30251,1.30256
2013.03.25 00:23:43.666,1.30251,1.30256
2013.03.25 00:23:44.205,1.30251,1.30256
2013.03.25 00:23:44.726,1.30251,1.30255
2013.03.25 00:23:45.496,1.30254,1.30257
2013.03.25 00:23:45.676,1.30256,1.3026
2013.03.25 00:23:45.796,1.30258,1.3026
2013.03.25 00:23:45.976,1.3026,1.30264
2013.03.25 00:23:46.696,1.30259,1.30263
2013.03.25 00:23:47.117,1.30257,1.30261
2013.03.25 00:23:47.626,1.30257,1.30261
2013.03.25 00:23:48.396,1.30258,1.3026
2013.03.25 00:23:50.366,1.30258,1.3026
2013.03.25 00:23:50.606,1.30257,1.3026
2013.03.25 00:23:50.666,1.30257,1.30261
2013.03.25 00:23:51.402,1.30258,1.3026
2013.03.25 00:23:51.955,1.30258,1.30261
2013.03.25 00:23:52.547,1.30257,1.30262
2013.03.25 00:23:52.848,1.30255,1.30258
2013.03.25 00:23:52.967,1.30251,1.30255
2013.03.25 00:23:53.027,1.30249,1.30255
2013.03.25 00:23:53.388,1.30249,1.30255
2013.03.25 00:23:53.458,1.30248,1.30253
2013.03.25 00:23:53.517,1.30248,1.30252
2013.03.25 00:23:53.696,1.30246,1.3025
2013.03.25 00:23:54.056,1.30247,1.30251
2013.03.25 00:23:54.616,1.30248,1.30252
2013.03.25 00:23:57.496,1.30249,1.30253
2013.03.25 00:23:57.677,1.30249,1.30253
2013.03.25 00:23:58.216,1.3025,1.30255
2013.03.25 00:23:58.776,1.30249,1.30255
2013.03.25 00:23:58.956,1.30249,1.30255
2013.03.25 00:23:59.448,1.30249,1.30253
2013.03.25 00:23:59.629,1.30246,1.30251
2013.03.25 00:24:00.068,1.30244,1.30248
2013.03.25 00:24:00.197,1.30243,1.30245
2013.03.25 00:24:00.257,1.30242,1.30244
2013.03.25 00:24:00.318,1.30239,1.30242
2013.03.25 00:24:00.507,1.30235,1.3024
2013.03.25 00:24:00.566,1.30235,1.30239
2013.03.25 00:24:00.626,1.30235,1.30237
2013.03.25 00:24:00.747,1.30231,1.30237
2013.03.25 00:24:00.866,1.30234,1.30238
2013.03.25 00:24:01.121,1.30239,1.30242
2013.03.25 00:24:01.666,1.30239,1.30245
2013.03.25 00:24:02.216,1.30243,1.30245
2013.03.25 00:24:02.277,1.30244,1.30246
2013.03.25 00:24:02.456,1.30245,1.30247
2013.03.25 00:24:03.237,1.30244,1.30247
2013.03.25 00:24:03.316,1.30239,1.30243
2013.03.25 00:24:03.870,1.30239,1.30244
2013.03.25 00:24:04.645,1.3024,1.30244
2013.03.25 00:24:06.485,1.3024,1.30244
2013.03.25 00:24:07.015,1.3024,1.30245
2013.03.25 00:24:08.115,1.3024,1.30245
2013.03.25 00:24:08.475,1.30238,1.30243
2013.03.25 00:24:09.046,1.30238,1.30243
2013.03.25 00:24:09.398,1.30238,1.30243
2013.03.25 00:24:09.647,1.30237,1.3024
2013.03.25 00:24:09.946,1.30234,1.30239
2013.03.25 00:24:10.194,1.30231,1.30235
2013.03.25 00:24:10.258,1.30231,1.30237
2013.03.25 00:24:10.376,1.3023,1.30236
2013.03.25 00:24:10.915,1.30229,1.30235
2013.03.25 00:24:11.878,1.30229,1.30235
2013.03.25 00:24:12.417,1.3023,1.30235
2013.03.25 00:24:15.141,1.3023,1.30235
2013.03.25 00:24:15.448,1.30227,1.30231
2013.03.25 00:24:15.686,1.3023,1.30235
2013.03.25 00:24:15.757,1.3023,1.30236
2013.03.25 00:24:16.116,1.30238,1.30242
2013.03.25 00:24:16.655,1.30238,1.30241
2013.03.25 00:24:20.735,1.30238,1.30241
2013.03.25 00:24:22.476,1.30237,1.30241
2013.03.25 00:24:22.537,1.30236,1.30241
2013.03.25 00:24:23.046,1.30237,1.30241
2013.03.25 00:24:26.465,1.30237,1.3024
2013.03.25 00:24:26.646,1.30238,1.30243
2013.03.25 00:24:28.215,1.30238,1.30243
2013.03.25 00:24:29.615,1.30238,1.30243
2013.03.25 00:24:34.417,1.30237,1.30242
2013.03.25 00:24:34.920,1.30237,1.30242
2013.03.25 00:24:35.866,1.30237,1.30242
2013.03.25 00:24:35.988,1.30235,1.30238
2013.03.25 00:24:36.117,1.30227,1.30233
2013.03.25 00:24:36.178,1.30224,1.30229
2013.03.25 00:24:36.308,1.30224,1.3023
2013.03.25 00:24:36.666,1.30225,1.30229
2013.03.25 00:24:37.205,1.30225,1.30231
2013.03.25 00:24:38.358,1.30226,1.30231
2013.03.25 00:24:41.656,1.30227,1.30231
2013.03.25 00:24:42.237,1.30226,1.30231
2013.03.25 00:24:43.446,1.30226,1.30231
2013.03.25 00:24:43.966,1.30227,1.30231
2013.03.25 00:24:56.200,1.30227,1.30231
2013.03.25 00:24:57.468,1.3023,1.30233
2013.03.25 00:24:58.006,1.3023,1.30235
2013.03.25 00:24:58.368,1.30228,1.30233
2013.03.25 00:24:58.687,1.30227,1.30233
2013.03.25 00:24:58.807,1.30226,1.30232
2013.03.25 00:24:59.466,1.30227,1.30232
2013.03.25 00:24:59.965,1.30228,1.30234
2013.03.25 00:25:00.470,1.30229,1.30234
2013.03.25 00:25:01.080,1.30229,1.30234
2013.03.25 00:25:01.606,1.30229,1.30235
2013.03.25 00:25:02.136,1.30229,1.30235
2013.03.25 00:25:02.497,1.30232,1.30235
2013.03.25 00:25:03.006,1.30234,1.30238
2013.03.25 00:25:03.427,1.30232,1.30237
2013.03.25 00:25:03.486,1.30233,1.30237
2013.03.25 00:25:03.727,1.3023,1.30235
2013.03.25 00:25:07.536,1.30231,1.30235
2013.03.25 00:25:07.837,1.30236,1.30243
2013.03.25 00:25:07.956,1.30239,1.30244
2013.03.25 00:25:08.137,1.3024,1.30244
2013.03.25 00:25:08.317,1.30239,1.30244
2013.03.25 00:25:08.856,1.30241,1.30245
2013.03.25 00:25:10.717,1.3024,1.30243
2013.03.25 00:25:11.256,1.30237,1.30243
2013.03.25 00:25:14.440,1.30237,1.30243
2013.03.25 00:25:14.998,1.30238,1.30243
2013.03.25 00:25:15.506,1.30238,1.30242
2013.03.25 00:25:16.956,1.30238,1.30242
2013.03.25 00:25:17.736,1.30238,1.30242
2013.03.25 00:25:17.796,1.3024,1.30244
2013.03.25 00:25:18.097,1.3024,1.30245
2013.03.25 00:25:21.866,1.3024,1.30245
2013.03.25 00:25:24.967,1.3024,1.30245
2013.03.25 00:25:25.491,1.30239,1.30244
2013.03.25 00:25:29.335,1.30238,1.30243
2013.03.25 00:25:29.885,1.30237,1.30242
2013.03.25 00:25:31.125,1.30237,1.30242
2013.03.25 00:25:33.376,1.30238,1.30243
2013.03.25 00:25:34.006,1.30238,1.30243
2013.03.25 00:25:38.936,1.30237,1.30242
2013.03.25 00:25:39.118,1.30237,1.3024
2013.03.25 00:25:39.311,1.30234,1.30237
2013.03.25 00:25:39.855,1.30232,1.30236
2013.03.25 00:25:40.373,1.30231,1.30236
2013.03.25 00:25:41.375,1.30231,1.30236
2013.03.25 00:25:41.927,1.30231,1.30237
2013.03.25 00:25:42.667,1.30232,1.30237
2013.03.25 00:25:44.396,1.30232,1.30237
2013.03.25 00:25:44.878,1.30234,1.30237
2013.03.25 00:25:45.392,1.30236,1.3024
2013.03.25 00:25:45.876,1.30236,1.3024
2013.03.25 00:25:46.116,1.30233,1.30237
2013.03.25 00:25:46.237,1.30234,1.30236
2013.03.25 00:25:46.416,1.30232,1.30235
2013.03.25 00:25:46.657,1.3023,1.30232
2013.03.25 00:25:47.260,1.3023,1.30232
2013.03.25 00:25:49.666,1.3023,1.30232
2013.03.25 00:25:50.235,1.3023,1.30233
2013.03.25 00:25:50.896,1.30231,1.30232
2013.03.25 00:25:51.256,1.30226,1.3023
2013.03.25 00:25:51.377,1.30225,1.30228
2013.03.25 00:25:51.566,1.3022,1.30225
2013.03.25 00:25:51.745,1.3022,1.30225
2013.03.25 00:25:52.109,1.3022,1.30227
2013.03.25 00:25:52.237,1.3022,1.30225
2013.03.25 00:25:52.796,1.3022,1.30225
2013.03.25 00:25:55.097,1.30222,1.30226
2013.03.25 00:25:55.456,1.30226,1.3023
2013.03.25 00:25:55.641,1.30226,1.30232
2013.03.25 00:25:55.947,1.30226,1.30234
2013.03.25 00:25:56.306,1.3023,1.30234
2013.03.25 00:25:56.936,1.3023,1.30234
2013.03.25 00:25:57.495,1.3023,1.30234
2013.03.25 00:25:58.377,1.30229,1.30233
2013.03.25 00:25:58.811,1.30226,1.30231
2013.03.25 00:25:59.237,1.30224,1.30228
2013.03.25 00:25:59.297,1.30224,1.30227
2013.03.25 00:25:59.416,1.30225,1.30228
2013.03.25 00:25:59.836,1.30225,1.30228
2013.03.25 00:26:00.386,1.30225,1.30229
2013.03.25 00:26:00.997,1.30225,1.30229
2013.03.25 00:26:01.177,1.30225,1.30228
2013.03.25 00:26:01.939,1.30222,1.30225
2013.03.25 00:26:02.012,1.30218,1.30222
2013.03.25 00:26:02.517,1.30218,1.30224
2013.03.25 00:26:02.817,1.30221,1.30224
2013.03.25 00:26:03.001,1.30224,1.30226
2013.03.25 00:26:03.306,1.30224,1.30229
2013.03.25 00:26:03.487,1.30224,1.30229
2013.03.25 00:26:04.033,1.30225,1.30229
2013.03.25 00:26:04.156,1.30225,1.30229
2013.03.25 00:26:04.456,1.30223,1.30227
2013.03.25 00:26:04.578,1.30222,1.30227
2013.03.25 00:26:06.896,1.3022,1.30225
2013.03.25 00:26:07.438,1.3022,1.30225
2013.03.25 00:26:08.005,1.3022,1.30225
2013.03.25 00:26:08.606,1.30219,1.30225
2013.03.25 00:26:10.075,1.3022,1.30225
2013.03.25 00:26:13.256,1.3022,1.30225
2013.03.25 00:26:13.926,1.3022,1.30225
2013.03.25 00:26:15.428,1.30217,1.30223
2013.03.25 00:26:15.967,1.30219,1.30224
2013.03.25 00:26:16.507,1.3022,1.30224
2013.03.25 00:26:17.016,1.3022,1.30224
2013.03.25 00:26:18.187,1.3022,1.30226
2013.03.25 00:26:18.726,1.3022,1.30225
2013.03.25 00:26:20.357,1.30222,1.30226
2013.03.25 00:26:20.656,1.30226,1.30232
2013.03.25 00:26:20.717,1.30225,1.3023
2013.03.25 00:26:21.136,1.30225,1.30228
2013.03.25 00:26:21.438,1.30219,1.30224
2013.03.25 00:26:21.563,1.30216,1.30222
2013.03.25 00:26:21.807,1.30215,1.30219
2013.03.25 00:26:21.868,1.30215,1.30217
2013.03.25 00:26:22.416,1.30211,1.30216
2013.03.25 00:26:22.537,1.3021,1.30216
2013.03.25 00:26:22.597,1.30212,1.30216
2013.03.25 00:26:23.315,1.30212,1.30216
2013.03.25 00:26:23.716,1.3021,1.30216
2013.03.25 00:26:24.147,1.30212,1.30216
2013.03.25 00:26:24.496,1.3021,1.30215
2013.03.25 00:26:27.086,1.3021,1.30215
2013.03.25 00:26:30.616,1.3021,1.30215
2013.03.25 00:26:31.096,1.30211,1.30214
2013.03.25 00:26:31.456,1.30206,1.30212
2013.03.25 00:26:31.586,1.30207,1.30212
2013.03.25 00:26:31.660,1.30207,1.30212
2013.03.25 00:26:32.396,1.30207,1.30212
2013.03.25 00:26:32.936,1.30206,1.30212
2013.03.25 00:26:34.276,1.30208,1.30212
2013.03.25 00:26:34.396,1.30208,1.30213
2013.03.25 00:26:35.926,1.30208,1.30213
2013.03.25 00:26:36.465,1.30209,1.30213
2013.03.25 00:26:41.686,1.3021,1.30214
2013.03.25 00:26:44.987,1.30211,1.30214
2013.03.25 00:26:45.106,1.30211,1.30215
2013.03.25 00:26:45.408,1.30213,1.30217
2013.03.25 00:26:45.588,1.30217,1.30221
2013.03.25 00:26:45.719,1.30217,1.30223
2013.03.25 00:26:46.364,1.30217,1.30223
2013.03.25 00:26:46.726,1.3022,1.30225
2013.03.25 00:26:47.386,1.3022,1.30225
2013.03.25 00:26:47.816,1.30222,1.30226
2013.03.25 00:26:48.000,1.30223,1.30227
2013.03.25 00:26:48.597,1.30223,1.30227
2013.03.25 00:26:49.107,1.30225,1.30227
2013.03.25 00:26:49.408,1.30227,1.3023
2013.03.25 00:26:49.530,1.30228,1.30232
2013.03.25 00:26:49.657,1.30231,1.30235
2013.03.25 00:26:49.838,1.30231,1.30235
2013.03.25 00:26:51.897,1.30231,1.30235
2013.03.25 00:26:52.257,1.30232,1.30236
2013.03.25 00:26:52.558,1.3023,1.30234
2013.03.25 00:26:52.928,1.30231,1.30233
2013.03.25 00:26:53.346,1.3023,1.30235
2013.03.25 00:26:54.486,1.3023,1.30234
2013.03.25 00:26:57.157,1.3023,1.30234
2013.03.25 00:26:59.846,1.3023,1.30234
2013.03.25 00:26:59.967,1.3023,1.30234
2013.03.25 00:27:00.543,1.30229,1.30233
2013.03.25 00:27:02.735,1.30229,1.30234
2013.03.25 00:27:06.116,1.30229,1.30234
2013.03.25 00:27:14.806,1.30228,1.30233
2013.03.25 00:27:15.472,1.30228,1.30233
2013.03.25 00:27:19.087,1.3023,1.30233
2013.03.25 00:27:19.446,1.30231,1.30235
2013.03.25 00:27:20.147,1.30231,1.30236
2013.03.25 00:27:20.676,1.3023,1.30235
2013.03.25 00:27:21.217,1.30229,1.30235
2013.03.25 00:27:21.806,1.30229,1.30235
2013.03.25 00:27:23.806,1.30229,1.30235
2013.03.25 00:27:25.066,1.30229,1.30235
2013.03.25 00:27:26.806,1.30229,1.30235
2013.03.25 00:27:28.896,1.30231,1.30236
2013.03.25 00:27:29.656,1.30231,1.30236
2013.03.25 00:27:31.826,1.30232,1.30237
2013.03.25 00:27:32.128,1.30232,1.30237
2013.03.25 00:27:32.429,1.30238,1.30241
2013.03.25 00:27:32.497,1.3024,1.30245
2013.03.25 00:27:32.556,1.30241,1.30245
2013.03.25 00:27:33.038,1.30238,1.30243
2013.03.25 00:27:33.098,1.30239,1.30243
2013.03.25 00:27:34.356,1.30239,1.30243
2013.03.25 00:27:34.660,1.3024,1.30244
2013.03.25 00:27:37.178,1.3024,1.30245
2013.03.25 00:27:37.307,1.30243,1.30246
2013.03.25 00:27:37.486,1.30243,1.30248
2013.03.25 00:27:37.787,1.30242,1.30247
2013.03.25 00:27:37.846,1.30241,1.30246
2013.03.25 00:27:40.407,1.30239,1.30245
2013.03.25 00:27:42.164,1.30239,1.30245
2013.03.25 00:27:44.594,1.30239,1.30244
2013.03.25 00:27:45.574,1.30238,1.30243
2013.03.25 00:27:45.642,1.30238,1.30242
2013.03.25 00:27:50.966,1.30237,1.30242
2013.03.25 00:27:54.967,1.30237,1.30242
2013.03.25 00:27:56.796,1.30237,1.30242
2013.03.25 00:27:57.986,1.30238,1.30242
2013.03.25 00:28:02.306,1.30237,1.30241
2013.03.25 00:28:02.826,1.30237,1.30241
2013.03.25 00:28:05.566,1.30237,1.30242
2013.03.25 00:28:06.930,1.30238,1.30243
2013.03.25 00:28:07.438,1.30238,1.30243
2013.03.25 00:28:07.557,1.30238,1.30243
