Time,Bid,Ask
2013.03.15 00:00:00.619,1.30117,1.30125
2013.03.15 00:00:01.708,1.30118,1.30125
2013.03.15 00:00:02.248,1.30118,1.30126
2013.03.15 00:00:02.808,1.30119,1.30126
2013.03.15 00:00:02.869,1.30119,1.30126
2013.03.15 00:00:08.378,1.3012,1.30126
2013.03.15 00:00:10.321,1.3012,1.30126
2013.03.15 00:00:10.999,1.3012,1.30126
2013.03.15 00:00:12.858,1.3012,1.30126
2013.03.15 00:00:13.917,1.30121,1.30128
2013.03.15 00:00:15.438,1.30122,1.30126
2013.03.15 00:00:15.858,1.30122,1.30126
2013.03.15 00:00:18.299,1.30122,1.30128
2013.03.15 00:00:18.838,1.30122,1.30129
2013.03.15 00:00:19.019,1.30122,1.30129
2013.03.15 00:00:19.421,1.30122,1.30129
2013.03.15 00:00:19.966,1.30122,1.30129
2013.03.15 00:00:20.468,1.3012,1.30127
2013.03.15 00:00:22.328,1.3012,1.30127
2013.03.15 00:00:22.878,1.30122,1.30128
2013.03.15 00:00:23.407,1.3012,1.30127
2013.03.15 00:00:24.678,1.30121,1.30127
2013.03.15 00:00:25.238,1.30122,1.30128
2013.03.15 00:00:26.209,1.30122,1.30128
2013.03.15 00:00:27.320,1.30122,1.30128
2013.03.15 00:00:27.400,1.30124,1.30131
2013.03.15 00:00:27.938,1.30125,1.30131
2013.03.15 00:00:29.803,1.30125,1.30131
2013.03.15 00:00:30.348,1.30124,1.3013
2013.03.15 00:00:30.908,1.30124,1.3013
2013.03.15 00:00:32.428,1.30124,1.3013
2013.03.15 00:00:35.408,1.30125,1.30131
2013.03.15 00:00:36.819,1.30124,1.30131
2013.03.15 00:00:39.092,1.30125,1.30131
2013.03.15 00:00:39.639,1.30125,1.30131
2013.03.15 00:00:40.169,1.30124,1.3013
2013.03.15 00:00:48.949,1.30124,1.30129
2013.03.15 00:00:52.919,1.30124,1.3013
2013.03.15 00:00:54.289,1.30124,1.30131
2013.03.15 00:00:55.332,1.30124,1.30133
2013.03.15 00:00:55.889,1.30127,1.30133
2013.03.15 00:00:56.400,1.30126,1.30132
2013.03.15 00:00:57.299,1.30125,1.30131
2013.03.15 00:00:57.600,1.30124,1.3013
2013.03.15 00:00:57.840,1.30122,1.30128
2013.03.15 00:00:58.081,1.30118,1.30127
2013.03.15 00:00:58.629,1.30119,1.30125
2013.03.15 00:00:59.169,1.30119,1.30125
2013.03.15 00:00:59.711,1.30119,1.30125
2013.03.15 00:01:00.259,1.30119,1.30125
2013.03.15 00:01:00.859,1.30118,1.30125
2013.03.15 00:01:03.749,1.30119,1.30125
2013.03.15 00:01:04.789,1.30119,1.30126
2013.03.15 00:01:05.339,1.30119,1.30125
2013.03.15 00:01:10.250,1.30119,1.30125
2013.03.15 00:01:12.629,1.30119,1.30125
2013.03.15 00:01:15.337,1.30119,1.30125
2013.03.15 00:01:20.689,1.30119,1.30125
2013.03.15 00:01:21.710,1.3012,1.30125
2013.03.15 00:01:22.430,1.3012,1.30127
2013.03.15 00:01:28.180,1.3012,1.30125
2013.03.15 00:01:29.240,1.3012,1.30125
2013.03.15 00:01:29.759,1.3012,1.30125
2013.03.15 00:01:32.790,1.3012,1.30125
2013.03.15 00:01:34.299,1.3012,1.30125
2013.03.15 00:01:34.861,1.3012,1.30125
2013.03.15 00:01:36.469,1.3012,1.30127
2013.03.15 00:01:37.009,1.3012,1.30126
2013.03.15 00:01:37.550,1.3012,1.30127
2013.03.15 00:01:37.930,1.3012,1.30124
2013.03.15 00:01:37.992,1.30117,1.30123
2013.03.15 00:01:38.060,1.30116,1.30123
2013.03.15 00:01:38.619,1.30117,1.30123
2013.03.15 00:01:39.341,1.30116,1.30123
2013.03.15 00:01:39.639,1.30115,1.30123
2013.03.15 00:01:40.179,1.30115,1.30121
2013.03.15 00:01:41.833,1.30112,1.30118
2013.03.15 00:01:42.380,1.30113,1.30119
2013.03.15 00:01:42.439,1.30112,1.30119
2013.03.15 00:01:43.392,1.30113,1.30119
2013.03.15 00:01:54.160,1.30113,1.3012
2013.03.15 00:01:54.789,1.30113,1.30119
2013.03.15 00:01:55.459,1.30113,1.3012
2013.03.15 00:01:57.280,1.30113,1.3012
2013.03.15 00:01:59.969,1.30114,1.3012
2013.03.15 00:02:00.681,1.30113,1.3012
2013.03.15 00:02:02.184,1.30112,1.30119
2013.03.15 00:02:02.549,1.30109,1.30117
2013.03.15 00:02:02.729,1.30109,1.30117
2013.03.15 00:02:03.269,1.30109,1.30114
2013.03.15 00:02:12.799,1.30109,1.3012
2013.03.15 00:02:13.771,1.30109,1.30115
2013.03.15 00:02:18.049,1.30109,1.30114
2013.03.15 00:02:18.590,1.30109,1.30115
2013.03.15 00:02:20.519,1.30109,1.30115
2013.03.15 00:02:21.185,1.30109,1.30115
2013.03.15 00:02:28.270,1.30109,1.30115
2013.03.15 00:02:31.209,1.30109,1.30115
2013.03.15 00:02:32.789,1.30107,1.30115
2013.03.15 00:02:32.910,1.30108,1.30115
2013.03.15 00:02:32.981,1.30107,1.30114
2013.03.15 00:02:33.280,1.30108,1.30114
2013.03.15 00:02:35.849,1.30108,1.30114
2013.03.15 00:02:36.420,1.30108,1.30115
2013.03.15 00:02:36.979,1.30108,1.30114
2013.03.15 00:02:38.079,1.30108,1.30114
2013.03.15 00:02:38.660,1.30108,1.30114
2013.03.15 00:02:46.859,1.30108,1.30114
2013.03.15 00:02:47.430,1.30108,1.30114
2013.03.15 00:02:47.790,1.30107,1.30114
2013.03.15 00:02:47.909,1.30108,1.30114
2013.03.15 00:02:48.449,1.30108,1.30115
2013.03.15 00:02:49.013,1.30108,1.30114
2013.03.15 00:02:50.469,1.30108,1.30115
2013.03.15 00:02:51.029,1.30108,1.30115
2013.03.15 00:02:51.559,1.30108,1.30115
2013.03.15 00:02:53.019,1.30109,1.30115
2013.03.15 00:02:54.399,1.30108,1.30115
2013.03.15 00:02:54.919,1.30108,1.30115
2013.03.15 00:02:56.540,1.30108,1.30115
2013.03.15 00:02:59.460,1.30107,1.30113
2013.03.15 00:02:59.640,1.30105,1.30113
2013.03.15 00:03:00.200,1.30108,1.30114
2013.03.15 00:03:00.322,1.30108,1.30114
2013.03.15 00:03:00.390,1.30108,1.30114
2013.03.15 00:03:00.869,1.30109,1.30115
2013.03.15 00:03:02.029,1.30108,1.30115
2013.03.15 00:03:12.669,1.30108,1.30114
2013.03.15 00:03:13.029,1.30108,1.30115
2013.03.15 00:03:13.848,1.30111,1.30116
2013.03.15 00:03:13.922,1.30109,1.30114
2013.03.15 00:03:18.089,1.30109,1.30114
2013.03.15 00:03:18.730,1.30108,1.30114
2013.03.15 00:03:21.831,1.30108,1.30114
2013.03.15 00:03:22.371,1.30108,1.30114
2013.03.15 00:03:22.609,1.30107,1.30114
2013.03.15 00:03:22.969,1.30107,1.30114
2013.03.15 00:03:23.649,1.30106,1.30114
2013.03.15 00:03:23.771,1.30105,1.30112
2013.03.15 00:03:24.430,1.30103,1.30112
2013.03.15 00:03:24.790,1.30101,1.30107
2013.03.15 00:03:24.970,1.301,1.30106
2013.03.15 00:03:25.270,1.30098,1.30104
2013.03.15 00:03:25.451,1.30098,1.30104
2013.03.15 00:03:25.750,1.30098,1.30103
2013.03.15 00:03:25.810,1.30097,1.30103
2013.03.15 00:03:26.124,1.30095,1.30103
2013.03.15 00:03:26.429,1.30094,1.30102
2013.03.15 00:03:26.969,1.30093,1.30101
2013.03.15 00:03:27.988,1.30093,1.30099
2013.03.15 00:03:28.529,1.30092,1.30098
2013.03.15 00:03:29.079,1.30091,1.30097
2013.03.15 00:03:29.499,1.3009,1.30096
2013.03.15 00:03:29.620,1.30089,1.30096
2013.03.15 00:03:29.920,1.30089,1.30094
2013.03.15 00:03:30.459,1.30087,1.30094
2013.03.15 00:03:32.441,1.30088,1.30092
2013.03.15 00:03:33.159,1.30087,1.30092
2013.03.15 00:03:35.469,1.30087,1.30091
2013.03.15 00:03:35.650,1.30085,1.30089
2013.03.15 00:03:36.017,1.30086,1.30092
2013.03.15 00:03:36.082,1.30087,1.30092
2013.03.15 00:03:36.210,1.30088,1.30095
2013.03.15 00:03:36.390,1.30089,1.30094
2013.03.15 00:03:36.512,1.30089,1.30094
2013.03.15 00:03:37.309,1.3009,1.30095
2013.03.15 00:03:37.849,1.3009,1.30095
2013.03.15 00:03:40.773,1.30089,1.30095
2013.03.15 00:03:41.328,1.3009,1.30095
2013.03.15 00:03:43.690,1.30089,1.30095
2013.03.15 00:03:44.260,1.30089,1.30095
2013.03.15 00:03:47.940,1.30089,1.30095
2013.03.15 00:03:49.091,1.30089,1.30095
2013.03.15 00:03:51.452,1.30089,1.30095
2013.03.15 00:03:52.770,1.30089,1.30095
2013.03.15 00:03:54.729,1.30089,1.30095
2013.03.15 00:03:55.280,1.3009,1.30095
2013.03.15 00:03:55.879,1.3009,1.30095
2013.03.15 00:03:58.979,1.30089,1.30096
2013.03.15 00:03:59.760,1.30089,1.30095
2013.03.15 00:04:01.300,1.30089,1.30095
2013.03.15 00:04:02.781,1.3009,1.30095
2013.03.15 00:04:03.082,1.30092,1.30096
2013.03.15 00:04:04.899,1.30089,1.30095
2013.03.15 00:04:06.531,1.30089,1.30094
2013.03.15 00:04:06.781,1.30086,1.30093
2013.03.15 00:04:07.139,1.30086,1.30089
2013.03.15 00:04:09.180,1.30086,1.30089
2013.03.15 00:04:10.564,1.30086,1.30089
2013.03.15 00:04:11.560,1.30087,1.30091
2013.03.15 00:04:11.861,1.30088,1.30094
2013.03.15 00:04:11.920,1.30089,1.30095
2013.03.15 00:04:12.461,1.30088,1.30094
2013.03.15 00:04:12.999,1.30087,1.30093
2013.03.15 00:04:13.540,1.30086,1.30093
2013.03.15 00:04:14.089,1.30086,1.30093
2013.03.15 00:04:14.629,1.30088,1.30094
2013.03.15 00:04:15.363,1.30089,1.30095
2013.03.15 00:04:16.121,1.30089,1.30095
2013.03.15 00:04:16.490,1.30088,1.30094
2013.03.15 00:04:17.030,1.30089,1.30094
2013.03.15 00:04:17.719,1.3009,1.30096
2013.03.15 00:04:18.199,1.30089,1.30095
2013.03.15 00:04:19.699,1.30089,1.30097
2013.03.15 00:04:20.319,1.30089,1.30097
2013.03.15 00:04:20.500,1.30088,1.30097
2013.03.15 00:04:23.890,1.30088,1.30095
2013.03.15 00:04:24.510,1.30088,1.30095
2013.03.15 00:04:25.870,1.30088,1.30095
2013.03.15 00:04:26.290,1.30086,1.3009
2013.03.15 00:04:26.829,1.30085,1.30091
2013.03.15 00:04:32.180,1.30084,1.30091
2013.03.15 00:04:32.251,1.30083,1.3009
2013.03.15 00:04:32.550,1.30082,1.3009
2013.03.15 00:04:33.632,1.30083,1.30088
2013.03.15 00:04:34.119,1.30082,1.30088
2013.03.15 00:04:34.300,1.30081,1.30087
2013.03.15 00:04:34.479,1.3008,1.30086
2013.03.15 00:04:34.660,1.30079,1.30086
2013.03.15 00:04:35.209,1.30078,1.30085
2013.03.15 00:04:38.830,1.30077,1.30084
2013.03.15 00:04:39.369,1.30076,1.30084
2013.03.15 00:04:39.729,1.30076,1.30083
2013.03.15 00:04:40.279,1.30076,1.30082
2013.03.15 00:04:42.859,1.30075,1.30081
2013.03.15 00:04:43.889,1.30074,1.3008
2013.03.15 00:04:44.430,1.30073,1.30079
2013.03.15 00:04:45.329,1.3007,1.30076
2013.03.15 00:04:46.569,1.3007,1.30076
2013.03.15 00:04:47.414,1.30069,1.30075
2013.03.15 00:04:48.189,1.3007,1.30076
2013.03.15 00:04:48.970,1.3007,1.30076
2013.03.15 00:04:50.760,1.3007,1.30076
2013.03.15 00:04:51.120,1.3007,1.30078
2013.03.15 00:04:51.179,1.3007,1.30077
2013.03.15 00:04:54.921,1.30069,1.30075
2013.03.15 00:04:55.339,1.30068,1.30074
2013.03.15 00:04:55.644,1.30065,1.30072
2013.03.15 00:04:56.226,1.30064,1.3007
2013.03.15 00:04:56.770,1.30064,1.3007
2013.03.15 00:04:57.309,1.30064,1.3007
2013.03.15 00:04:57.850,1.30064,1.3007
2013.03.15 00:04:58.390,1.30064,1.3007
2013.03.15 00:04:58.932,1.30065,1.30071
2013.03.15 00:05:01.150,1.30065,1.30071
2013.03.15 00:05:02.359,1.30066,1.30072
2013.03.15 00:05:02.720,1.30067,1.30072
2013.03.15 00:05:02.780,1.30067,1.30075
2013.03.15 00:05:03.560,1.30069,1.30075
2013.03.15 00:05:04.467,1.30067,1.30073
2013.03.15 00:05:04.534,1.30068,1.30074
2013.03.15 00:05:04.781,1.30068,1.30074
2013.03.15 00:05:05.330,1.30067,1.30074
2013.03.15 00:05:05.989,1.30067,1.30074
2013.03.15 00:05:06.109,1.30067,1.30074
2013.03.15 00:05:06.653,1.30066,1.30072
2013.03.15 00:05:07.200,1.30066,1.30072
2013.03.15 00:05:07.739,1.30066,1.30072
2013.03.15 00:05:08.279,1.30065,1.30072
2013.03.15 00:05:08.611,1.30065,1.30072
2013.03.15 00:05:09.170,1.30065,1.30072
2013.03.15 00:05:09.950,1.30064,1.3007
2013.03.15 00:05:10.491,1.30064,1.3007
2013.03.15 00:05:10.731,1.30066,1.30072
2013.03.15 00:05:11.269,1.30066,1.30072
2013.03.15 00:05:19.270,1.30066,1.30072
2013.03.15 00:05:19.879,1.30066,1.30072
2013.03.15 00:05:20.540,1.30066,1.30072
2013.03.15 00:05:21.683,1.30067,1.30073
2013.03.15 00:05:22.230,1.30065,1.30073
2013.03.15 00:05:22.291,1.30065,1.30073
2013.03.15 00:05:22.470,1.30064,1.30073
2013.03.15 00:05:23.010,1.30064,1.30073
2013.03.15 00:05:23.910,1.30064,1.30073
2013.03.15 00:05:24.430,1.30063,1.30071
2013.03.15 00:05:24.970,1.30063,1.30071
2013.03.15 00:05:25.510,1.30063,1.30071
2013.03.15 00:05:27.009,1.30063,1.30071
2013.03.15 00:05:28.529,1.30064,1.30073
2013.03.15 00:05:28.591,1.30063,1.3007
2013.03.15 00:05:29.130,1.30064,1.3007
2013.03.15 00:05:29.670,1.30062,1.30068
2013.03.15 00:05:29.794,1.30061,1.30067
2013.03.15 00:05:29.860,1.30059,1.30065
2013.03.15 00:05:29.980,1.30057,1.30065
2013.03.15 00:05:30.648,1.30056,1.30064
2013.03.15 00:05:30.737,1.30054,1.3006
2013.03.15 00:05:30.991,1.30053,1.3006
2013.03.15 00:05:31.051,1.30054,1.3006
2013.03.15 00:05:31.291,1.30055,1.30061
2013.03.15 00:05:31.839,1.30055,1.30061
2013.03.15 00:05:33.052,1.30055,1.3006
2013.03.15 00:05:34.320,1.30055,1.3006
2013.03.15 00:05:34.441,1.30054,1.3006
2013.03.15 00:05:34.861,1.3005,1.30058
2013.03.15 00:05:35.410,1.3005,1.30056
2013.03.15 00:05:35.832,1.30049,1.30055
2013.03.15 00:05:35.950,1.30049,1.30055
2013.03.15 00:05:36.251,1.30048,1.30054
2013.03.15 00:05:36.313,1.30047,1.30054
2013.03.15 00:05:36.502,1.30047,1.30054
2013.03.15 00:05:37.061,1.30048,1.30054
2013.03.15 00:05:37.301,1.30048,1.30053
2013.03.15 00:05:37.782,1.30049,1.30055
2013.03.15 00:05:37.910,1.30048,1.30055
2013.03.15 00:05:38.270,1.30046,1.30052
2013.03.15 00:05:38.569,1.30044,1.30052
2013.03.15 00:05:39.110,1.30044,1.30051
2013.03.15 00:05:40.340,1.30044,1.30052
2013.03.15 00:05:40.860,1.30044,1.30051
2013.03.15 00:05:41.401,1.30044,1.30052
2013.03.15 00:05:41.759,1.30044,1.3005
2013.03.15 00:05:42.299,1.30044,1.3005
2013.03.15 00:05:42.720,1.30044,1.30052
2013.03.15 00:05:43.940,1.30044,1.3005
2013.03.15 00:05:45.130,1.30044,1.30051
2013.03.15 00:05:46.091,1.30044,1.30052
2013.03.15 00:05:51.039,1.30046,1.30053
2013.03.15 00:05:51.101,1.30046,1.30051
2013.03.15 00:05:51.400,1.30049,1.30055
2013.03.15 00:05:51.520,1.30049,1.30055
2013.03.15 00:05:51.639,1.30049,1.30055
2013.03.15 00:05:51.940,1.3005,1.30056
2013.03.15 00:05:52.683,1.30048,1.30056
2013.03.15 00:05:53.229,1.30048,1.30052
2013.03.15 00:05:53.770,1.3005,1.30056
2013.03.15 00:05:53.891,1.30048,1.30055
2013.03.15 00:05:54.911,1.30048,1.30054
2013.03.15 00:05:55.524,1.30048,1.30053
2013.03.15 00:05:55.830,1.30046,1.30053
2013.03.15 00:05:56.370,1.30047,1.30055
2013.03.15 00:05:56.790,1.30048,1.30054
2013.03.15 00:05:57.331,1.30047,1.30053
2013.03.15 00:05:57.872,1.30048,1.30054
2013.03.15 00:05:58.050,1.30049,1.30056
2013.03.15 00:05:58.470,1.30048,1.30054
2013.03.15 00:05:58.590,1.30049,1.30054
2013.03.15 00:05:58.951,1.30046,1.30054
2013.03.15 00:05:59.489,1.30047,1.30051
2013.03.15 00:06:00.030,1.30046,1.30052
2013.03.15 00:06:00.570,1.30044,1.30049
2013.03.15 00:06:00.632,1.30038,1.30049
2013.03.15 00:06:01.179,1.30043,1.30049
2013.03.15 00:06:01.720,1.30043,1.30048
2013.03.15 00:06:02.021,1.30043,1.3005
2013.03.15 00:06:02.603,1.30043,1.3005
2013.03.15 00:06:05.940,1.30041,1.30049
2013.03.15 00:06:06.001,1.30041,1.30049
2013.03.15 00:06:07.190,1.30041,1.30048
2013.03.15 00:06:07.729,1.30041,1.30049
2013.03.15 00:06:09.392,1.3004,1.30045
2013.03.15 00:06:09.935,1.30035,1.30045
2013.03.15 00:06:10.002,1.30038,1.30045
2013.03.15 00:06:10.061,1.30038,1.30045
2013.03.15 00:06:10.360,1.30038,1.30045
2013.03.15 00:06:10.421,1.30038,1.30045
2013.03.15 00:06:10.720,1.30036,1.30045
2013.03.15 00:06:10.899,1.30036,1.30046
2013.03.15 00:06:12.111,1.30034,1.30042
2013.03.15 00:06:12.649,1.30032,1.3004
2013.03.15 00:06:16.151,1.30032,1.3004
2013.03.15 00:06:17.181,1.30032,1.3004
2013.03.15 00:06:17.540,1.30034,1.3004
2013.03.15 00:06:18.050,1.30034,1.3004
2013.03.15 00:06:18.170,1.30034,1.30041
2013.03.15 00:06:18.650,1.30034,1.30041
2013.03.15 00:06:19.289,1.30034,1.30041
2013.03.15 00:06:19.830,1.30032,1.3004
2013.03.15 00:06:19.890,1.3003,1.3004
2013.03.15 00:06:20.070,1.30031,1.3004
2013.03.15 00:06:20.620,1.3003,1.3004
2013.03.15 00:06:21.560,1.30032,1.30038
2013.03.15 00:06:22.100,1.30032,1.30038
2013.03.15 00:06:23.860,1.30032,1.30038
2013.03.15 00:06:23.983,1.30029,1.30039
2013.03.15 00:06:24.232,1.30027,1.30036
2013.03.15 00:06:24.291,1.30027,1.30036
2013.03.15 00:06:24.771,1.30027,1.30035
2013.03.15 00:06:28.250,1.30028,1.30032
2013.03.15 00:06:28.490,1.30029,1.30035
2013.03.15 00:06:28.910,1.30029,1.30035
2013.03.15 00:06:29.210,1.30028,1.30035
2013.03.15 00:06:29.269,1.30027,1.30035
2013.03.15 00:06:29.331,1.30025,1.30035
2013.03.15 00:06:29.631,1.30023,1.30033
2013.03.15 00:06:29.753,1.30025,1.30033
2013.03.15 00:06:29.810,1.30026,1.30033
2013.03.15 00:06:29.931,1.30028,1.30035
2013.03.15 00:06:30.469,1.30028,1.30035
2013.03.15 00:06:31.898,1.30028,1.30035
2013.03.15 00:06:31.985,1.30028,1.3004
2013.03.15 00:06:32.650,1.30029,1.30036
2013.03.15 00:06:33.520,1.30028,1.30036
2013.03.15 00:06:34.061,1.30029,1.30036
2013.03.15 00:06:36.411,1.30029,1.30036
2013.03.15 00:06:36.650,1.3003,1.30036
2013.03.15 00:06:37.140,1.3003,1.30036
2013.03.15 00:06:37.649,1.30029,1.30036
2013.03.15 00:06:40.601,1.30031,1.30036
2013.03.15 00:06:40.921,1.30031,1.30037
2013.03.15 00:06:40.980,1.30031,1.30038
2013.03.15 00:06:42.427,1.30031,1.30039
2013.03.15 00:06:42.980,1.30035,1.30041
2013.03.15 00:06:44.100,1.30035,1.30041
2013.03.15 00:06:45.560,1.30035,1.30041
2013.03.15 00:06:46.139,1.30035,1.30041
2013.03.15 00:06:47.721,1.30035,1.30041
2013.03.15 00:06:53.777,1.30035,1.30041
2013.03.15 00:06:54.298,1.30035,1.30041
2013.03.15 00:06:55.410,1.30035,1.30041
2013.03.15 00:06:56.009,1.30035,1.30041
2013.03.15 00:06:56.580,1.30035,1.30043
2013.03.15 00:06:58.460,1.30035,1.30041
2013.03.15 00:07:01.031,1.30033,1.3004
2013.03.15 00:07:01.333,1.30032,1.30039
2013.03.15 00:07:07.611,1.3003,1.30037
2013.03.15 00:07:09.710,1.3003,1.30037
2013.03.15 00:07:09.771,1.30029,1.30037
2013.03.15 00:07:09.951,1.30029,1.30036
2013.03.15 00:07:10.252,1.30029,1.30037
2013.03.15 00:07:11.190,1.3003,1.30037
2013.03.15 00:07:18.249,1.3003,1.30037
2013.03.15 00:07:19.840,1.30031,1.30037
2013.03.15 00:07:32.320,1.30032,1.30039
2013.03.15 00:07:40.500,1.30032,1.30039
2013.03.15 00:07:41.039,1.30034,1.30039
2013.03.15 00:07:41.579,1.30032,1.30039
2013.03.15 00:07:42.119,1.30032,1.30039
2013.03.15 00:07:42.891,1.30033,1.30039
2013.03.15 00:07:44.600,1.30032,1.30038
2013.03.15 00:07:47.050,1.30032,1.30038
2013.03.15 00:07:51.503,1.30032,1.30038
2013.03.15 00:08:00.622,1.30032,1.30038
2013.03.15 00:08:02.952,1.30032,1.30038
2013.03.15 00:08:04.410,1.30031,1.30038
2013.03.15 00:08:05.016,1.30031,1.30038
2013.03.15 00:08:08.260,1.30031,1.30038
2013.03.15 00:08:13.859,1.30031,1.30038
2013.03.15 00:08:14.400,1.30031,1.30038
2013.03.15 00:08:14.920,1.30031,1.30038
2013.03.15 00:08:15.456,1.30031,1.30038
2013.03.15 00:08:17.409,1.30031,1.30038
2013.03.15 00:08:19.099,1.30031,1.30038
2013.03.15 00:08:19.640,1.30031,1.30038
2013.03.15 00:08:19.999,1.30032,1.30038
2013.03.15 00:08:39.969,1.30032,1.3004
2013.03.15 00:08:40.499,1.30032,1.3004
2013.03.15 00:08:41.671,1.30032,1.3004
2013.03.15 00:08:42.629,1.30032,1.3004
2013.03.15 00:08:43.230,1.30034,1.3004
2013.03.15 00:08:46.250,1.30033,1.3004
2013.03.15 00:08:46.959,1.30033,1.3004
2013.03.15 00:08:50.239,1.30033,1.3004
2013.03.15 00:08:51.720,1.30033,1.30039
2013.03.15 00:08:52.340,1.30033,1.30039
2013.03.15 00:08:57.130,1.30032,1.30039
2013.03.15 00:08:57.670,1.30034,1.30039
2013.03.15 00:09:01.610,1.30034,1.3004
2013.03.15 00:09:02.550,1.30034,1.3004
2013.03.15 00:09:03.110,1.30034,1.30041
2013.03.15 00:09:11.071,1.30035,1.3004
2013.03.15 00:09:13.990,1.30035,1.30041
2013.03.15 00:09:14.540,1.30034,1.3004
2013.03.15 00:09:15.080,1.30037,1.30041
2013.03.15 00:09:15.620,1.30035,1.30041
2013.03.15 00:09:16.160,1.30035,1.30041
2013.03.15 00:09:17.300,1.30035,1.30041
2013.03.15 00:09:21.780,1.30035,1.30041
2013.03.15 00:09:22.441,1.30035,1.30041
2013.03.15 00:09:22.980,1.30036,1.30041
2013.03.15 00:09:23.711,1.30035,1.30041
2013.03.15 00:09:24.310,1.30035,1.30041
2013.03.15 00:09:24.870,1.30034,1.30041
2013.03.15 00:09:25.410,1.30034,1.30041
2013.03.15 00:09:26.270,1.30036,1.30041
2013.03.15 00:09:27.790,1.30037,1.30041
2013.03.15 00:09:28.351,1.30035,1.30041
2013.03.15 00:09:29.312,1.30037,1.30041
2013.03.15 00:09:31.396,1.30037,1.30041
2013.03.15 00:09:31.942,1.30035,1.3004
2013.03.15 00:09:36.661,1.30034,1.3004
2013.03.15 00:09:36.780,1.30031,1.30041
2013.03.15 00:09:37.323,1.30035,1.30041
2013.03.15 00:09:37.860,1.30032,1.30041
2013.03.15 00:09:39.300,1.30035,1.30041
2013.03.15 00:09:39.840,1.30035,1.30041
2013.03.15 00:09:43.280,1.30035,1.3004
2013.03.15 00:09:47.810,1.30034,1.3004
2013.03.15 00:09:48.370,1.30034,1.3004
2013.03.15 00:09:48.910,1.30034,1.3004
2013.03.15 00:09:49.751,1.30036,1.3004
2013.03.15 00:09:55.930,1.30034,1.3004
2013.03.15 00:09:59.799,1.30035,1.3004
2013.03.15 00:10:00.310,1.30035,1.30041
2013.03.15 00:10:01.539,1.30036,1.30042
2013.03.15 00:10:01.881,1.30036,1.30042
2013.03.15 00:10:02.640,1.30036,1.30042
2013.03.15 00:10:04.569,1.30038,1.30043
2013.03.15 00:10:07.682,1.30037,1.30043
2013.03.15 00:10:08.880,1.30037,1.30044
2013.03.15 00:10:09.060,1.30038,1.30044
2013.03.15 00:10:09.181,1.3004,1.30048
2013.03.15 00:10:09.540,1.30041,1.30048
2013.03.15 00:10:11.609,1.3004,1.30048
2013.03.15 00:10:11.970,1.30044,1.3005
2013.03.15 00:10:12.091,1.30044,1.3005
2013.03.15 00:10:13.571,1.30046,1.30052
2013.03.15 00:10:14.119,1.30046,1.30052
2013.03.15 00:10:14.782,1.30048,1.30052
2013.03.15 00:10:15.021,1.30048,1.30054
2013.03.15 00:10:15.140,1.3005,1.30054
2013.03.15 00:10:15.200,1.3005,1.30057
2013.03.15 00:10:15.321,1.30053,1.30061
2013.03.15 00:10:15.800,1.30056,1.30063
2013.03.15 00:10:17.621,1.30056,1.30063
2013.03.15 00:10:18.041,1.30057,1.30063
2013.03.15 00:10:18.221,1.30057,1.30065
2013.03.15 00:10:18.460,1.3006,1.30066
2013.03.15 00:10:18.640,1.30057,1.30064
2013.03.15 00:10:18.699,1.30057,1.30064
2013.03.15 00:10:18.760,1.30059,1.30064
2013.03.15 00:10:19.240,1.3006,1.30067
2013.03.15 00:10:19.541,1.30062,1.30069
2013.03.15 00:10:19.721,1.30062,1.3007
2013.03.15 00:10:20.020,1.30064,1.3007
2013.03.15 00:10:20.721,1.30066,1.30072
2013.03.15 00:10:21.081,1.30068,1.30073
2013.03.15 00:10:22.070,1.30067,1.30074
2013.03.15 00:10:22.620,1.30067,1.30074
2013.03.15 00:10:22.860,1.30068,1.30076
2013.03.15 00:10:23.160,1.30068,1.30078
2013.03.15 00:10:23.221,1.30072,1.30079
2013.03.15 00:10:23.461,1.30072,1.3008
2013.03.15 00:10:23.520,1.30072,1.3008
2013.03.15 00:10:24.060,1.30073,1.30079
2013.03.15 00:10:24.830,1.30074,1.3008
2013.03.15 00:10:25.389,1.30076,1.30081
2013.03.15 00:10:25.810,1.30076,1.30082
2013.03.15 00:10:26.230,1.30078,1.30082
2013.03.15 00:10:26.531,1.30077,1.30082
2013.03.15 00:10:26.591,1.30075,1.30082
2013.03.15 00:10:26.710,1.30075,1.30081
2013.03.15 00:10:27.012,1.30075,1.30079
2013.03.15 00:10:27.132,1.30073,1.3008
2013.03.15 00:10:27.490,1.30072,1.3008
2013.03.15 00:10:27.550,1.30072,1.30079
2013.03.15 00:10:28.490,1.30071,1.30078
2013.03.15 00:10:32.660,1.3007,1.30078
2013.03.15 00:10:32.840,1.3007,1.30077
2013.03.15 00:10:33.141,1.3007,1.30076
2013.03.15 00:10:33.692,1.30069,1.30075
2013.03.15 00:10:36.000,1.30068,1.30074
2013.03.15 00:10:36.550,1.30067,1.30073
2013.03.15 00:10:38.900,1.30067,1.30072
2013.03.15 00:10:39.636,1.30065,1.30072
2013.03.15 00:10:41.350,1.30064,1.30071
2013.03.15 00:10:42.342,1.30064,1.3007
2013.03.15 00:10:48.070,1.30063,1.30069
2013.03.15 00:10:49.070,1.30062,1.30068
2013.03.15 00:10:51.310,1.30061,1.30068
2013.03.15 00:10:51.850,1.3006,1.30067
2013.03.15 00:11:10.422,1.30059,1.30067
2013.03.15 00:11:11.140,1.30059,1.30066
2013.03.15 00:11:11.541,1.30058,1.30065
2013.03.15 00:11:12.844,1.30057,1.30065
2013.03.15 00:11:13.752,1.30057,1.30063
2013.03.15 00:11:14.331,1.30053,1.3006
2013.03.15 00:11:14.891,1.30053,1.3006
2013.03.15 00:11:17.120,1.30053,1.30059
2013.03.15 00:11:23.333,1.30051,1.30055
2013.03.15 00:11:23.466,1.3005,1.30054
2013.03.15 00:11:23.537,1.30045,1.30054
2013.03.15 00:11:23.720,1.30044,1.30053
2013.03.15 00:11:23.781,1.30046,1.30054
2013.03.15 00:11:24.109,1.30047,1.30052
2013.03.15 00:11:24.362,1.30047,1.30053
2013.03.15 00:11:24.722,1.30047,1.30054
2013.03.15 00:11:31.121,1.30051,1.30056
2013.03.15 00:11:31.242,1.30047,1.30056
2013.03.15 00:11:31.371,1.30045,1.30053
2013.03.15 00:11:31.551,1.30044,1.30051
2013.03.15 00:11:31.912,1.30043,1.3005
2013.03.15 00:11:32.450,1.30043,1.3005
2013.03.15 00:11:36.611,1.30044,1.3005
2013.03.15 00:11:36.850,1.30045,1.30052
2013.03.15 00:11:39.840,1.30045,1.30053
2013.03.15 00:11:40.342,1.30045,1.30053
2013.03.15 00:11:40.860,1.30045,1.30052
2013.03.15 00:11:43.207,1.30045,1.30052
2013.03.15 00:12:00.711,1.30045,1.30053
2013.03.15 00:12:01.260,1.30046,1.30053
2013.03.15 00:12:02.411,1.30045,1.30052
2013.03.15 00:12:05.212,1.30045,1.30052
2013.03.15 00:12:07.850,1.30045,1.30052
2013.03.15 00:12:08.820,1.30045,1.30052
2013.03.15 00:12:09.370,1.30046,1.30052
2013.03.15 00:12:09.930,1.30045,1.30052
2013.03.15 00:12:11.840,1.30045,1.30052
2013.03.15 00:12:12.990,1.30045,1.30052
2013.03.15 00:12:21.530,1.30045,1.30052
2013.03.15 00:12:24.011,1.30045,1.30052
2013.03.15 00:12:29.551,1.30045,1.30052
2013.03.15 00:12:37.301,1.30045,1.30052
2013.03.15 00:12:49.933,1.30045,1.30052
2013.03.15 00:12:50.981,1.30045,1.30052
2013.03.15 00:12:51.571,1.30045,1.30052
2013.03.15 00:12:52.082,1.30045,1.30052
2013.03.15 00:12:52.652,1.30045,1.30051
2013.03.15 00:13:02.231,1.30045,1.30051
2013.03.15 00:13:02.571,1.30045,1.30051
2013.03.15 00:13:05.291,1.30045,1.30052
2013.03.15 00:13:05.904,1.30045,1.30052
2013.03.15 00:13:06.412,1.30045,1.30052
2013.03.15 00:13:06.831,1.30045,1.30052
2013.03.15 00:13:06.892,1.30045,1.3005
2013.03.15 00:13:06.953,1.30043,1.30047
2013.03.15 00:13:07.023,1.30043,1.30048
2013.03.15 00:13:07.092,1.30041,1.30048
2013.03.15 00:13:07.151,1.30039,1.30045
2013.03.15 00:13:07.572,1.30038,1.30046
2013.03.15 00:13:08.570,1.30038,1.30046
2013.03.15 00:13:09.330,1.30041,1.30046
2013.03.15 00:13:09.752,1.30044,1.30048
2013.03.15 00:13:10.290,1.30044,1.30049
2013.03.15 00:13:10.942,1.30044,1.3005
2013.03.15 00:13:19.471,1.30045,1.3005
2013.03.15 00:13:19.720,1.30045,1.30051
2013.03.15 00:13:20.261,1.30045,1.3005
2013.03.15 00:13:20.742,1.30048,1.30053
2013.03.15 00:13:21.280,1.30046,1.30053
2013.03.15 00:13:21.921,1.30047,1.30053
2013.03.15 00:13:28.585,1.3005,1.30055
2013.03.15 00:13:28.667,1.30051,1.30058
2013.03.15 00:13:28.791,1.30051,1.30059
2013.03.15 00:13:28.911,1.30053,1.30061
2013.03.15 00:13:29.151,1.30054,1.30061
2013.03.15 00:13:29.331,1.30055,1.30062
2013.03.15 00:13:29.885,1.30055,1.30062
2013.03.15 00:13:31.192,1.30055,1.30062
2013.03.15 00:13:31.741,1.30055,1.30063
2013.03.15 00:13:33.170,1.30055,1.30063
2013.03.15 00:13:33.230,1.30055,1.30059
2013.03.15 00:13:33.531,1.30054,1.30059
2013.03.15 00:13:33.592,1.30053,1.30058
2013.03.15 00:13:33.651,1.30051,1.30056
2013.03.15 00:13:34.012,1.30052,1.30058
2013.03.15 00:13:43.590,1.30051,1.30058
2013.03.15 00:13:43.771,1.30051,1.30056
2013.03.15 00:13:43.951,1.30046,1.30054
2013.03.15 00:13:44.070,1.30045,1.30054
2013.03.15 00:13:44.940,1.30046,1.30051
2013.03.15 00:13:45.491,1.30046,1.30054
2013.03.15 00:13:45.613,1.30049,1.30054
2013.03.15 00:13:45.681,1.30049,1.30055
2013.03.15 00:13:45.922,1.30051,1.30056
2013.03.15 00:13:46.284,1.3005,1.30058
2013.03.15 00:13:50.309,1.30052,1.30058
2013.03.15 00:13:51.090,1.30052,1.30061
2013.03.15 00:13:54.740,1.30054,1.30059
2013.03.15 00:13:55.270,1.30053,1.30061
2013.03.15 00:13:55.570,1.30053,1.30062
2013.03.15 00:13:56.190,1.30054,1.30062
2013.03.15 00:13:56.750,1.30056,1.30063
2013.03.15 00:13:57.052,1.30059,1.30065
2013.03.15 00:13:57.171,1.30059,1.30066
2013.03.15 00:13:57.590,1.30062,1.30069
2013.03.15 00:13:58.462,1.30062,1.30068
2013.03.15 00:14:04.949,1.30062,1.30069
2013.03.15 00:14:05.921,1.30065,1.30069
2013.03.15 00:14:06.223,1.30065,1.30071
2013.03.15 00:14:06.341,1.30065,1.30071
2013.03.15 00:14:06.882,1.30065,1.30072
2013.03.15 00:14:09.260,1.30066,1.30072
2013.03.15 00:14:11.985,1.30065,1.30071
2013.03.15 00:14:12.171,1.30062,1.3007
2013.03.15 00:14:12.292,1.30062,1.30069
2013.03.15 00:14:12.830,1.30063,1.30069
2013.03.15 00:14:15.580,1.30063,1.30069
2013.03.15 00:14:18.120,1.30063,1.30071
2013.03.15 00:14:18.665,1.30062,1.30067
2013.03.15 00:14:20.451,1.30062,1.30067
2013.03.15 00:14:20.875,1.3006,1.30065
2013.03.15 00:14:21.061,1.30062,1.30068
2013.03.15 00:14:21.180,1.30062,1.3007
2013.03.15 00:14:21.301,1.30062,1.30069
2013.03.15 00:14:22.141,1.30063,1.3007
2013.03.15 00:14:25.550,1.30063,1.3007
2013.03.15 00:14:27.371,1.30063,1.3007
2013.03.15 00:14:28.830,1.30062,1.3007
2013.03.15 00:14:29.380,1.30064,1.3007
2013.03.15 00:14:30.282,1.30062,1.3007
2013.03.15 00:14:31.191,1.30063,1.3007
2013.03.15 00:14:32.861,1.30062,1.3007
2013.03.15 00:14:33.460,1.30063,1.3007
2013.03.15 00:14:34.240,1.30062,1.3007
2013.03.15 00:14:39.131,1.30062,1.3007
2013.03.15 00:14:43.020,1.30063,1.3007
2013.03.15 00:14:44.790,1.30064,1.3007
2013.03.15 00:14:47.760,1.30063,1.3007
2013.03.15 00:14:48.422,1.30064,1.30071
2013.03.15 00:14:51.611,1.30064,1.30071
2013.03.15 00:15:01.051,1.30062,1.3007
2013.03.15 00:15:01.418,1.30063,1.30071
2013.03.15 00:15:01.540,1.30064,1.30072
2013.03.15 00:15:01.721,1.30065,1.30072
2013.03.15 00:15:02.260,1.30065,1.30073
2013.03.15 00:15:02.620,1.30067,1.30073
2013.03.15 00:15:02.980,1.30067,1.30074
2013.03.15 00:15:03.282,1.30069,1.30076
2013.03.15 00:15:03.340,1.3007,1.30076
2013.03.15 00:15:03.401,1.30071,1.30076
2013.03.15 00:15:03.763,1.30073,1.3008
2013.03.15 00:15:03.942,1.30072,1.30077
2013.03.15 00:15:04.120,1.30073,1.30077
2013.03.15 00:15:04.241,1.3007,1.30077
2013.03.15 00:15:04.420,1.30072,1.30079
2013.03.15 00:15:04.600,1.30073,1.3008
2013.03.15 00:15:10.970,1.30073,1.3008
2013.03.15 00:15:11.510,1.30073,1.30081
2013.03.15 00:15:12.020,1.30075,1.30081
2013.03.15 00:15:21.040,1.30076,1.30081
2013.03.15 00:15:21.163,1.30073,1.30081
2013.03.15 00:15:21.221,1.30071,1.30078
2013.03.15 00:15:21.520,1.30073,1.30078
2013.03.15 00:15:22.381,1.30071,1.30078
2013.03.15 00:15:23.191,1.30071,1.30078
2013.03.15 00:15:23.311,1.30071,1.30076
2013.03.15 00:15:23.614,1.30066,1.30074
2013.03.15 00:15:24.591,1.30067,1.30073
2013.03.15 00:15:25.141,1.30067,1.30074
2013.03.15 00:15:28.043,1.30068,1.30074
2013.03.15 00:15:31.800,1.30068,1.30074
2013.03.15 00:15:32.341,1.30068,1.30074
2013.03.15 00:15:32.400,1.30068,1.30074
2013.03.15 00:15:36.610,1.30068,1.30074
2013.03.15 00:15:37.942,1.30067,1.30073
2013.03.15 00:15:38.481,1.30068,1.30074
2013.03.15 00:15:42.851,1.30067,1.30074
2013.03.15 00:15:45.112,1.30067,1.30073
2013.03.15 00:15:46.740,1.30067,1.30073
2013.03.15 00:15:48.270,1.30067,1.30073
2013.03.15 00:15:50.910,1.30067,1.30074
2013.03.15 00:15:52.302,1.30067,1.30073
2013.03.15 00:15:54.431,1.30067,1.30074
2013.03.15 00:16:00.792,1.30069,1.30075
2013.03.15 00:16:00.913,1.3007,1.30077
2013.03.15 00:16:01.224,1.30071,1.30079
2013.03.15 00:16:01.531,1.30073,1.3008
2013.03.15 00:16:01.651,1.30073,1.3008
2013.03.15 00:16:04.170,1.30073,1.3008
2013.03.15 00:16:12.251,1.30074,1.30081
2013.03.15 00:16:12.791,1.30073,1.3008
2013.03.15 00:16:12.851,1.30073,1.30078
2013.03.15 00:16:13.416,1.30073,1.30078
2013.03.15 00:16:26.610,1.30071,1.30077
2013.03.15 00:16:29.544,1.30068,1.30076
2013.03.15 00:16:29.851,1.30067,1.30075
2013.03.15 00:16:34.661,1.30067,1.30074
2013.03.15 00:16:35.972,1.30064,1.3007
2013.03.15 00:16:36.511,1.30065,1.30071
2013.03.15 00:16:38.951,1.30065,1.30071
2013.03.15 00:16:41.393,1.30065,1.30071
2013.03.15 00:16:44.983,1.30066,1.30072
2013.03.15 00:16:46.221,1.30067,1.30074
2013.03.15 00:16:49.422,1.30067,1.30074
2013.03.15 00:16:49.660,1.30069,1.30074
2013.03.15 00:16:54.430,1.30068,1.30074
2013.03.15 00:16:54.491,1.30067,1.30074
2013.03.15 00:16:55.196,1.30067,1.30074
2013.03.15 00:17:02.263,1.30066,1.30073
2013.03.15 00:17:04.910,1.30066,1.30073
2013.03.15 00:17:05.151,1.30069,1.30075
2013.03.15 00:17:05.212,1.3007,1.30077
2013.03.15 00:17:10.190,1.3007,1.30078
2013.03.15 00:17:13.530,1.3007,1.30077
2013.03.15 00:17:13.952,1.3007,1.30078
2013.03.15 00:17:14.501,1.3007,1.30078
2013.03.15 00:17:21.231,1.30071,1.30078
2013.03.15 00:17:31.012,1.3007,1.30077
2013.03.15 00:17:31.550,1.3007,1.30077
2013.03.15 00:17:32.090,1.3007,1.30077
2013.03.15 00:17:32.622,1.30071,1.30078
2013.03.15 00:17:36.941,1.3007,1.30077
2013.03.15 00:17:43.012,1.30071,1.30077
2013.03.15 00:17:43.191,1.3007,1.30077
2013.03.15 00:17:43.371,1.30073,1.30079
2013.03.15 00:17:43.911,1.30073,1.3008
2013.03.15 00:17:44.452,1.30073,1.30079
2013.03.15 00:17:45.000,1.30073,1.30078
2013.03.15 00:17:45.531,1.30071,1.30078
2013.03.15 00:17:46.160,1.30071,1.30078
2013.03.15 00:17:46.681,1.30072,1.30078
2013.03.15 00:17:47.183,1.30071,1.30078
2013.03.15 00:17:51.757,1.3007,1.30076
2013.03.15 00:17:56.922,1.3007,1.30076
2013.03.15 00:17:56.983,1.30068,1.30075
2013.03.15 00:17:57.052,1.30067,1.30073
2013.03.15 00:17:57.601,1.30067,1.30071
2013.03.15 00:17:58.060,1.30067,1.30071
2013.03.15 00:17:59.610,1.30067,1.30069
2013.03.15 00:18:00.131,1.30067,1.3007
2013.03.15 00:18:00.621,1.30067,1.30074
2013.03.15 00:18:00.860,1.30067,1.30074
2013.03.15 00:18:00.981,1.30067,1.30073
2013.03.15 00:18:01.541,1.30067,1.30073
2013.03.15 00:18:02.080,1.30067,1.30073
2013.03.15 00:18:05.521,1.30067,1.30074
2013.03.15 00:18:05.820,1.30069,1.30077
2013.03.15 00:18:06.011,1.30072,1.30079
2013.03.15 00:18:07.013,1.30072,1.30079
2013.03.15 00:18:07.571,1.30072,1.3008
2013.03.15 00:18:07.870,1.3007,1.30077
2013.03.15 00:18:07.930,1.3007,1.30077
2013.03.15 00:18:07.990,1.3007,1.30078
2013.03.15 00:18:08.471,1.30072,1.30079
2013.03.15 00:18:14.121,1.30072,1.30079
2013.03.15 00:18:14.800,1.30072,1.30078
2013.03.15 00:18:17.894,1.30072,1.3008
2013.03.15 00:18:18.023,1.30072,1.30078
2013.03.15 00:18:18.560,1.30071,1.30078
2013.03.15 00:18:19.101,1.30073,1.30079
2013.03.15 00:18:19.620,1.30073,1.30076
2013.03.15 00:18:19.919,1.30071,1.30077
2013.03.15 00:18:20.870,1.30069,1.30076
2013.03.15 00:18:22.546,1.30069,1.30076
2013.03.15 00:18:22.971,1.30069,1.30077
2013.03.15 00:18:23.151,1.30067,1.30073
2013.03.15 00:18:23.939,1.30068,1.30073
2013.03.15 00:18:24.360,1.3007,1.30076
2013.03.15 00:18:24.732,1.30069,1.30077
2013.03.15 00:18:25.240,1.30069,1.30077
2013.03.15 00:18:27.021,1.30069,1.30076
2013.03.15 00:18:33.710,1.3007,1.30077
2013.03.15 00:18:36.570,1.3007,1.30076
2013.03.15 00:18:39.830,1.3007,1.30077
2013.03.15 00:18:41.461,1.30072,1.3008
2013.03.15 00:18:41.522,1.30072,1.30079
2013.03.15 00:18:42.580,1.30072,1.30078
2013.03.15 00:18:43.121,1.30072,1.30078
2013.03.15 00:18:43.661,1.3007,1.30077
2013.03.15 00:18:44.351,1.30069,1.30075
2013.03.15 00:18:44.891,1.30069,1.30075
2013.03.15 00:18:47.192,1.30069,1.30076
2013.03.15 00:18:48.151,1.30069,1.30077
2013.03.15 00:18:54.465,1.3007,1.30077
2013.03.15 00:18:55.011,1.30072,1.30078
2013.03.15 00:18:56.151,1.30072,1.30077
2013.03.15 00:18:57.340,1.30072,1.30079
2013.03.15 00:18:57.642,1.30072,1.30079
2013.03.15 00:19:00.431,1.30072,1.30079
2013.03.15 00:19:04.591,1.30072,1.30078
2013.03.15 00:19:13.211,1.3007,1.30077
2013.03.15 00:19:14.901,1.3007,1.30077
2013.03.15 00:19:31.920,1.30069,1.30076
2013.03.15 00:19:55.683,1.30069,1.30076
2013.03.15 00:19:56.241,1.30069,1.30075
2013.03.15 00:20:03.816,1.30069,1.30075
2013.03.15 00:20:07.322,1.30069,1.30075
2013.03.15 00:20:11.276,1.30069,1.30075
2013.03.15 00:20:12.784,1.30069,1.30074
2013.03.15 00:20:14.011,1.30069,1.30075
2013.03.15 00:20:15.341,1.30069,1.30074
2013.03.15 00:20:15.891,1.30069,1.30075
2013.03.15 00:20:17.800,1.30069,1.30075
2013.03.15 00:20:22.281,1.30069,1.30075
2013.03.15 00:20:23.310,1.30069,1.30075
2013.03.15 00:20:28.007,1.30069,1.30077
2013.03.15 00:20:28.791,1.30069,1.30077
2013.03.15 00:20:29.341,1.30069,1.30077
2013.03.15 00:20:40.133,1.30069,1.30075
2013.03.15 00:20:41.251,1.30069,1.30075
2013.03.15 00:20:44.862,1.30069,1.30074
2013.03.15 00:20:46.221,1.30068,1.30075
2013.03.15 00:20:46.731,1.30069,1.30075
2013.03.15 00:20:47.263,1.30068,1.30075
2013.03.15 00:20:48.452,1.30069,1.30075
2013.03.15 00:20:50.251,1.30069,1.30075
2013.03.15 00:20:54.306,1.3007,1.30075
2013.03.15 00:20:54.389,1.30071,1.30076
2013.03.15 00:20:54.453,1.30071,1.30077
2013.03.15 00:20:54.573,1.3007,1.30079
2013.03.15 00:20:54.822,1.30072,1.30078
2013.03.15 00:20:55.302,1.30073,1.30078
2013.03.15 00:20:55.822,1.30072,1.3008
2013.03.15 00:20:56.361,1.30074,1.3008
2013.03.15 00:20:56.903,1.30075,1.30081
2013.03.15 00:20:57.452,1.30076,1.30082
2013.03.15 00:20:58.012,1.30076,1.30083
2013.03.15 00:20:58.541,1.30077,1.30084
2013.03.15 00:21:01.813,1.30078,1.30084
2013.03.15 00:21:14.823,1.30081,1.30088
2013.03.15 00:21:15.652,1.30081,1.30088
2013.03.15 00:21:16.611,1.30081,1.30088
2013.03.15 00:21:17.350,1.30085,1.3009
2013.03.15 00:21:17.430,1.30085,1.30091
2013.03.15 00:21:17.981,1.30086,1.30091
2013.03.15 00:21:18.224,1.30088,1.30094
2013.03.15 00:21:18.293,1.3009,1.30094
2013.03.15 00:21:18.353,1.30089,1.30097
2013.03.15 00:21:18.411,1.3009,1.30097
2013.03.15 00:21:18.711,1.3009,1.30095
2013.03.15 00:21:19.074,1.30091,1.30096
2013.03.15 00:21:19.262,1.30092,1.301
2013.03.15 00:21:19.323,1.30092,1.30098
2013.03.15 00:21:19.512,1.30091,1.30096
2013.03.15 00:21:19.572,1.3009,1.30096
2013.03.15 00:21:20.351,1.30091,1.30098
2013.03.15 00:21:20.533,1.30091,1.30098
2013.03.15 00:21:20.843,1.3009,1.30094
2013.03.15 00:21:21.143,1.30088,1.30096
2013.03.15 00:21:21.334,1.3009,1.30096
2013.03.15 00:21:21.691,1.3009,1.30098
2013.03.15 00:21:22.232,1.30093,1.30098
2013.03.15 00:21:22.772,1.30092,1.30097
2013.03.15 00:21:23.202,1.30094,1.301
2013.03.15 00:21:23.322,1.30096,1.30102
2013.03.15 00:21:23.382,1.30096,1.30104
2013.03.15 00:21:23.443,1.30098,1.30104
2013.03.15 00:21:23.562,1.30099,1.30104
2013.03.15 00:21:24.275,1.30098,1.30104
2013.03.15 00:21:24.357,1.30097,1.30103
2013.03.15 00:21:24.542,1.30094,1.301
2013.03.15 00:21:24.661,1.30094,1.301
2013.03.15 00:21:24.722,1.30094,1.301
2013.03.15 00:21:24.781,1.30093,1.301
2013.03.15 00:21:25.082,1.30089,1.30097
2013.03.15 00:21:25.141,1.30089,1.30096
2013.03.15 00:21:25.792,1.30089,1.30095
2013.03.15 00:21:26.581,1.30089,1.30095
2013.03.15 00:21:40.332,1.30091,1.30095
2013.03.15 00:21:40.872,1.3009,1.30095
2013.03.15 00:21:41.611,1.3009,1.30096
2013.03.15 00:21:42.031,1.3009,1.30095
2013.03.15 00:21:47.652,1.30088,1.30095
2013.03.15 00:21:48.365,1.30088,1.30093
2013.03.15 00:21:48.447,1.30086,1.30094
2013.03.15 00:21:48.992,1.30086,1.30092
2013.03.15 00:21:49.531,1.30085,1.30091
2013.03.15 00:21:55.172,1.30082,1.30089
2013.03.15 00:21:55.733,1.30081,1.30088
2013.03.15 00:21:58.091,1.30082,1.30088
2013.03.15 00:21:58.630,1.30081,1.30088
2013.03.15 00:21:59.181,1.30082,1.30088
2013.03.15 00:22:00.645,1.30083,1.3009
2013.03.15 00:22:00.773,1.30085,1.3009
2013.03.15 00:22:00.834,1.30085,1.3009
2013.03.15 00:22:01.072,1.30086,1.30093
2013.03.15 00:22:01.611,1.30086,1.30093
2013.03.15 00:22:01.791,1.30085,1.30092
2013.03.15 00:22:02.341,1.30085,1.30092
2013.03.15 00:22:03.762,1.30086,1.30092
2013.03.15 00:22:04.251,1.30084,1.30091
2013.03.15 00:22:04.692,1.30082,1.30089
2013.03.15 00:22:04.752,1.3008,1.30089
2013.03.15 00:22:04.811,1.3008,1.30087
2013.03.15 00:22:04.990,1.3008,1.30087
2013.03.15 00:22:08.022,1.30079,1.30086
2013.03.15 00:22:08.381,1.30078,1.30085
2013.03.15 00:22:08.501,1.30078,1.30084
2013.03.15 00:22:08.742,1.30078,1.30085
2013.03.15 00:22:10.381,1.30079,1.30086
2013.03.15 00:22:11.261,1.30079,1.30086
2013.03.15 00:22:11.782,1.30079,1.30086
2013.03.15 00:22:12.301,1.30079,1.30086
2013.03.15 00:22:12.841,1.30079,1.30086
2013.03.15 00:22:17.801,1.30079,1.30086
2013.03.15 00:22:19.001,1.30079,1.30086
2013.03.15 00:22:20.951,1.30079,1.30086
2013.03.15 00:22:21.491,1.30079,1.30086
2013.03.15 00:22:22.751,1.30079,1.30086
2013.03.15 00:22:22.991,1.30078,1.30084
2013.03.15 00:22:23.292,1.30074,1.30082
2013.03.15 00:22:23.532,1.30074,1.30081
2013.03.15 00:22:24.672,1.30074,1.3008
2013.03.15 00:22:25.211,1.30074,1.3008
2013.03.15 00:22:26.142,1.30074,1.3008
2013.03.15 00:22:28.322,1.30074,1.3008
2013.03.15 00:22:28.681,1.30075,1.30081
2013.03.15 00:22:28.801,1.30075,1.30082
2013.03.15 00:22:29.402,1.30076,1.30083
2013.03.15 00:22:39.222,1.30077,1.30083
2013.03.15 00:22:40.296,1.30077,1.30085
2013.03.15 00:22:40.377,1.30079,1.30084
2013.03.15 00:22:40.621,1.30079,1.30085
2013.03.15 00:22:40.992,1.30079,1.30086
2013.03.15 00:22:41.772,1.3008,1.30087
2013.03.15 00:22:41.832,1.30083,1.30089
2013.03.15 00:22:43.371,1.30081,1.30089
2013.03.15 00:22:43.882,1.30081,1.30089
2013.03.15 00:22:47.449,1.30081,1.30088
2013.03.15 00:22:49.934,1.30081,1.30088
2013.03.15 00:22:50.231,1.3008,1.30087
2013.03.15 00:22:50.771,1.3008,1.30087
2013.03.15 00:22:51.632,1.3008,1.30087
2013.03.15 00:22:52.145,1.3008,1.30087
2013.03.15 00:22:52.672,1.3008,1.30087
2013.03.15 00:22:53.202,1.30079,1.30087
2013.03.15 00:22:55.451,1.3008,1.30087
2013.03.15 00:22:56.602,1.30079,1.30087
2013.03.15 00:22:56.962,1.30079,1.30084
2013.03.15 00:22:57.321,1.3008,1.30086
2013.03.15 00:22:57.621,1.3008,1.30087
2013.03.15 00:22:58.163,1.3008,1.30086
2013.03.15 00:22:58.684,1.30079,1.30086
2013.03.15 00:23:00.141,1.3008,1.30086
2013.03.15 00:23:00.671,1.3008,1.30086
2013.03.15 00:23:06.432,1.30079,1.30086
2013.03.15 00:23:06.981,1.30079,1.30086
2013.03.15 00:23:07.855,1.30079,1.30086
2013.03.15 00:23:08.431,1.30079,1.30086
2013.03.15 00:23:08.942,1.30079,1.30086
2013.03.15 00:23:10.315,1.30079,1.30086
2013.03.15 00:23:10.502,1.3008,1.30086
2013.03.15 00:23:11.051,1.3008,1.30086
2013.03.15 00:23:15.245,1.3008,1.30086
2013.03.15 00:23:16.571,1.3008,1.30086
2013.03.15 00:23:17.911,1.30079,1.30086
2013.03.15 00:23:19.022,1.3008,1.30086
2013.03.15 00:23:22.572,1.3008,1.30086
2013.03.15 00:23:23.718,1.3008,1.30086
2013.03.15 00:23:23.797,1.30079,1.30086
2013.03.15 00:23:24.351,1.30079,1.30086
2013.03.15 00:23:31.091,1.30079,1.30084
2013.03.15 00:23:31.451,1.30081,1.30086
2013.03.15 00:23:32.321,1.30081,1.30084
2013.03.15 00:23:33.467,1.3008,1.30084
2013.03.15 00:23:34.392,1.30081,1.30085
2013.03.15 00:23:35.691,1.30079,1.30086
2013.03.15 00:23:36.231,1.30078,1.30084
2013.03.15 00:23:36.412,1.30077,1.30083
2013.03.15 00:23:39.213,1.30078,1.30084
2013.03.15 00:23:39.852,1.30077,1.30083
2013.03.15 00:23:40.771,1.30078,1.30084
2013.03.15 00:23:43.512,1.30078,1.30084
2013.03.15 00:23:45.631,1.30078,1.30084
2013.03.15 00:23:54.011,1.30077,1.30081
2013.03.15 00:23:54.314,1.30075,1.3008
2013.03.15 00:23:54.502,1.30073,1.3008
2013.03.15 00:23:55.051,1.30073,1.30079
2013.03.15 00:23:56.023,1.30073,1.30079
2013.03.15 00:23:56.524,1.30073,1.30078
2013.03.15 00:23:58.412,1.30073,1.3008
2013.03.15 00:24:00.511,1.30073,1.30079
2013.03.15 00:24:01.175,1.30073,1.30081
2013.03.15 00:24:01.725,1.30074,1.3008
2013.03.15 00:24:02.792,1.30074,1.30081
2013.03.15 00:24:03.351,1.30074,1.3008
2013.03.15 00:24:04.623,1.30074,1.30081
2013.03.15 00:24:05.131,1.30074,1.3008
2013.03.15 00:24:06.252,1.30074,1.3008
2013.03.15 00:24:07.833,1.30073,1.30079
2013.03.15 00:24:08.792,1.30074,1.30079
2013.03.15 00:24:09.152,1.30075,1.30081
2013.03.15 00:24:09.212,1.30075,1.30081
2013.03.15 00:24:09.771,1.30075,1.30081
2013.03.15 00:24:10.282,1.30075,1.30081
2013.03.15 00:24:10.822,1.30075,1.30081
2013.03.15 00:24:11.361,1.30075,1.30081
2013.03.15 00:24:13.002,1.30075,1.30079
2013.03.15 00:24:13.184,1.30071,1.30077
2013.03.15 00:24:13.371,1.30071,1.30075
2013.03.15 00:24:13.613,1.30069,1.30076
2013.03.15 00:24:14.092,1.30068,1.30076
2013.03.15 00:24:14.272,1.30068,1.30074
2013.03.15 00:24:15.112,1.30067,1.30073
2013.03.15 00:24:16.092,1.30066,1.30073
2013.03.15 00:24:16.667,1.30065,1.30072
2013.03.15 00:24:17.172,1.30063,1.30072
2013.03.15 00:24:17.231,1.3006,1.30068
2013.03.15 00:24:17.773,1.30061,1.30069
2013.03.15 00:24:18.263,1.30061,1.30068
2013.03.15 00:24:19.322,1.3006,1.30067
2013.03.15 00:24:20.114,1.30061,1.30067
2013.03.15 00:24:20.245,1.30062,1.30067
2013.03.15 00:24:20.792,1.30062,1.30068
2013.03.15 00:24:21.342,1.30062,1.30068
2013.03.15 00:24:21.543,1.30062,1.30068
2013.03.15 00:24:22.441,1.30061,1.30068
2013.03.15 00:24:23.101,1.30061,1.30066
2013.03.15 00:24:23.643,1.30059,1.30064
2013.03.15 00:24:33.761,1.30059,1.30064
2013.03.15 00:24:34.301,1.3006,1.30066
2013.03.15 00:24:35.661,1.30059,1.30065
2013.03.15 00:24:35.902,1.30059,1.30064
2013.03.15 00:24:36.022,1.30058,1.30063
2013.03.15 00:24:36.144,1.30056,1.30061
2013.03.15 00:24:36.272,1.30055,1.30059
2013.03.15 00:24:36.452,1.30053,1.30059
2013.03.15 00:24:36.571,1.3005,1.30058
2013.03.15 00:24:36.933,1.3005,1.30058
2013.03.15 00:24:37.171,1.3005,1.30055
2013.03.15 00:24:37.231,1.30049,1.30055
2013.03.15 00:24:38.032,1.30049,1.30055
2013.03.15 00:24:38.403,1.30049,1.30054
2013.03.15 00:24:38.582,1.30048,1.30054
2013.03.15 00:24:39.121,1.30049,1.30055
2013.03.15 00:24:39.661,1.3005,1.30056
2013.03.15 00:24:43.552,1.3005,1.30056
2013.03.15 00:24:44.125,1.3005,1.30057
2013.03.15 00:24:58.412,1.3005,1.30054
2013.03.15 00:25:01.371,1.30048,1.30053
2013.03.15 00:25:05.636,1.30049,1.30054
2013.03.15 00:25:11.691,1.30049,1.30055
2013.03.15 00:25:17.411,1.3005,1.30055
2013.03.15 00:25:19.172,1.30049,1.30055
2013.03.15 00:25:22.391,1.30049,1.30055
2013.03.15 00:25:26.892,1.3005,1.30056
2013.03.15 00:25:31.421,1.30049,1.30055
2013.03.15 00:25:35.942,1.3005,1.30055
2013.03.15 00:25:42.571,1.3005,1.30056
2013.03.15 00:25:44.931,1.30051,1.30057
2013.03.15 00:25:53.812,1.3005,1.30056
2013.03.15 00:25:54.351,1.3005,1.30056
2013.03.15 00:25:58.521,1.30051,1.30058
2013.03.15 00:25:59.251,1.30051,1.30059
2013.03.15 00:25:59.552,1.30052,1.30058
2013.03.15 00:26:01.190,1.30052,1.30059
2013.03.15 00:26:02.943,1.30052,1.30058
2013.03.15 00:26:03.372,1.30052,1.30058
2013.03.15 00:26:10.241,1.30051,1.30058
2013.03.15 00:26:10.881,1.30051,1.30058
2013.03.15 00:26:18.023,1.30052,1.30058
2013.03.15 00:26:20.771,1.3005,1.30058
2013.03.15 00:26:22.530,1.3005,1.30057
2013.03.15 00:26:39.325,1.30051,1.30057
2013.03.15 00:26:41.646,1.30051,1.30057
2013.03.15 00:26:43.773,1.30049,1.30057
2013.03.15 00:26:44.633,1.3005,1.30057
2013.03.15 00:26:46.087,1.30052,1.30058
2013.03.15 00:26:48.613,1.30051,1.30057
2013.03.15 00:26:50.934,1.30051,1.30057
2013.03.15 00:26:57.223,1.30052,1.30059
2013.03.15 00:26:58.292,1.30052,1.30058
2013.03.15 00:26:58.874,1.30051,1.30057
2013.03.15 00:26:59.333,1.30051,1.30059
2013.03.15 00:27:02.332,1.30051,1.30059
2013.03.15 00:27:02.906,1.30052,1.30059
2013.03.15 00:27:05.521,1.30052,1.30059
2013.03.15 00:27:06.473,1.30052,1.30057
2013.03.15 00:27:06.832,1.30052,1.30058
2013.03.15 00:27:08.531,1.3005,1.30057
2013.03.15 00:27:10.206,1.3005,1.30057
2013.03.15 00:27:12.331,1.3005,1.30057
2013.03.15 00:27:13.102,1.3005,1.30058
2013.03.15 00:27:13.462,1.30055,1.3006
2013.03.15 00:27:13.941,1.30051,1.30059
2013.03.15 00:27:17.621,1.30051,1.30059
2013.03.15 00:27:21.053,1.30054,1.3006
2013.03.15 00:27:21.591,1.30054,1.30061
2013.03.15 00:27:22.158,1.30054,1.30061
2013.03.15 00:27:24.068,1.30053,1.3006
2013.03.15 00:27:30.992,1.30054,1.3006
2013.03.15 00:27:32.103,1.30053,1.3006
2013.03.15 00:27:36.537,1.30057,1.30061
2013.03.15 00:27:36.606,1.30057,1.30063
2013.03.15 00:27:36.733,1.30058,1.30063
2013.03.15 00:27:36.923,1.30058,1.30063
2013.03.15 00:27:37.102,1.30054,1.3006
2013.03.15 00:27:37.222,1.30051,1.30059
2013.03.15 00:27:37.821,1.30052,1.30059
2013.03.15 00:27:38.361,1.30052,1.30059
2013.03.15 00:27:38.985,1.30051,1.30059
2013.03.15 00:27:43.594,1.30052,1.30059
2013.03.15 00:27:44.494,1.30052,1.30059
2013.03.15 00:27:47.061,1.30051,1.30059
2013.03.15 00:27:49.139,1.30051,1.30057
2013.03.15 00:27:49.202,1.30051,1.30057
2013.03.15 00:27:54.672,1.3005,1.30056
2013.03.15 00:27:57.611,1.30049,1.30056
2013.03.15 00:28:00.762,1.30049,1.30057
2013.03.15 00:28:00.882,1.3005,1.30057
2013.03.15 00:28:01.442,1.3005,1.30057
2013.03.15 00:28:02.207,1.3005,1.30057
2013.03.15 00:28:10.351,1.30051,1.30058
2013.03.15 00:28:10.922,1.30053,1.30058
2013.03.15 00:28:11.402,1.30054,1.3006
2013.03.15 00:28:11.931,1.30051,1.30059
2013.03.15 00:28:14.172,1.30052,1.30059
2013.03.15 00:28:14.715,1.30053,1.30059
2013.03.15 00:28:15.462,1.30053,1.30058
2013.03.15 00:28:15.591,1.30052,1.30058
2013.03.15 00:28:15.775,1.30051,1.30058
2013.03.15 00:28:15.844,1.3005,1.30057
2013.03.15 00:28:16.202,1.3005,1.30057
2013.03.15 00:28:16.682,1.3005,1.30058
2013.03.15 00:28:17.232,1.3005,1.30058
2013.03.15 00:28:17.782,1.30051,1.30058
2013.03.15 00:28:18.322,1.30051,1.30058
2013.03.15 00:28:18.882,1.30051,1.30059
2013.03.15 00:28:23.493,1.30053,1.30059
2013.03.15 00:28:24.032,1.3005,1.30058
2013.03.15 00:28:30.271,1.3005,1.30058
2013.03.15 00:28:33.664,1.3005,1.30058
2013.03.15 00:28:35.102,1.30052,1.30059
2013.03.15 00:28:44.443,1.30052,1.30059
2013.03.15 00:28:49.922,1.30052,1.30059
2013.03.15 00:28:51.433,1.30052,1.30059
2013.03.15 00:28:52.154,1.30052,1.30059
2013.03.15 00:28:52.633,1.30054,1.3006
2013.03.15 00:28:52.752,1.30054,1.3006
2013.03.15 00:28:52.934,1.30054,1.30062
2013.03.15 00:28:53.234,1.30056,1.30062
2013.03.15 00:28:53.423,1.30056,1.30064
2013.03.15 00:28:53.961,1.30059,1.30064
2013.03.15 00:28:54.535,1.30059,1.30064
2013.03.15 00:28:55.734,1.30058,1.30064
2013.03.15 00:28:55.795,1.3006,1.30066
2013.03.15 00:28:55.983,1.3006,1.30068
2013.03.15 00:28:56.044,1.30062,1.3007
2013.03.15 00:28:56.105,1.30064,1.3007
2013.03.15 00:28:56.652,1.30066,1.30072
2013.03.15 00:28:56.953,1.30067,1.30073
2013.03.15 00:28:57.493,1.30067,1.30074
2013.03.15 00:28:57.612,1.30069,1.30073
2013.03.15 00:28:57.733,1.30068,1.30076
2013.03.15 00:28:58.091,1.30069,1.30077
2013.03.15 00:28:58.333,1.3007,1.30077
2013.03.15 00:28:58.572,1.3007,1.30078
2013.03.15 00:28:58.692,1.30072,1.30078
2013.03.15 00:28:58.753,1.30073,1.30078
2013.03.15 00:28:58.886,1.30073,1.3008
2013.03.15 00:28:59.015,1.30075,1.3008
2013.03.15 00:28:59.614,1.30075,1.30081
2013.03.15 00:28:59.683,1.30076,1.30082
2013.03.15 00:28:59.802,1.30077,1.30083
2013.03.15 00:29:00.342,1.30078,1.30084
2013.03.15 00:29:01.042,1.30079,1.30085
2013.03.15 00:29:01.713,1.30082,1.30089
2013.03.15 00:29:01.832,1.30082,1.30089
2013.03.15 00:29:02.373,1.30082,1.30088
2013.03.15 00:29:02.933,1.3008,1.30088
2013.03.15 00:29:03.583,1.3008,1.30088
2013.03.15 00:29:03.702,1.3008,1.30088
2013.03.15 00:29:03.762,1.30078,1.30085
2013.03.15 00:29:03.885,1.30077,1.30081
2013.03.15 00:29:03.955,1.30077,1.30079
2013.03.15 00:29:04.205,1.30073,1.30079
2013.03.15 00:29:04.783,1.30071,1.30078
2013.03.15 00:29:07.573,1.30069,1.30077
2013.03.15 00:29:08.491,1.30069,1.30077
2013.03.15 00:29:12.672,1.30069,1.30077
2013.03.15 00:29:18.602,1.30069,1.30077
2013.03.15 00:29:22.622,1.30069,1.30077
2013.03.15 00:29:47.412,1.3007,1.30078
2013.03.15 00:29:48.542,1.3007,1.30078
2013.03.15 00:29:49.111,1.3007,1.30078
2013.03.15 00:29:49.712,1.3007,1.30078
2013.03.15 00:29:51.942,1.3007,1.30078
2013.03.15 00:30:10.934,1.30069,1.30075
2013.03.15 00:30:11.494,1.30069,1.30075
2013.03.15 00:30:13.291,1.30069,1.30076
2013.03.15 00:30:20.342,1.30069,1.30077
2013.03.15 00:30:20.982,1.30069,1.30075
2013.03.15 00:30:21.651,1.30069,1.30076
2013.03.15 00:30:23.961,1.30069,1.30075
2013.03.15 00:30:24.482,1.30069,1.30076
2013.03.15 00:30:26.481,1.30069,1.30075
2013.03.15 00:30:27.022,1.30069,1.30076
2013.03.15 00:30:27.562,1.30068,1.30075
2013.03.15 00:30:33.155,1.30069,1.30075
2013.03.15 00:30:33.884,1.30071,1.30076
2013.03.15 00:30:34.431,1.30069,1.30076
2013.03.15 00:30:34.951,1.30068,1.30076
2013.03.15 00:30:35.253,1.30069,1.30075
2013.03.15 00:30:35.822,1.30069,1.30076
2013.03.15 00:30:36.362,1.30068,1.30075
2013.03.15 00:30:37.365,1.30069,1.30075
2013.03.15 00:30:42.663,1.30069,1.30075
2013.03.15 00:30:43.752,1.30069,1.30075
2013.03.15 00:30:44.910,1.30069,1.30076
2013.03.15 00:30:48.131,1.30069,1.30076
2013.03.15 00:30:48.701,1.3007,1.30076
2013.03.15 00:30:49.002,1.3007,1.30076
2013.03.15 00:30:50.884,1.30069,1.30075
2013.03.15 00:30:51.402,1.30069,1.30074
2013.03.15 00:30:55.142,1.3007,1.30074
2013.03.15 00:30:55.872,1.30069,1.30074
2013.03.15 00:30:57.892,1.30069,1.30075
2013.03.15 00:31:11.531,1.30069,1.30075
2013.03.15 00:31:12.235,1.30068,1.30075
2013.03.15 00:31:21.002,1.30069,1.30076
2013.03.15 00:31:28.903,1.30068,1.30075
2013.03.15 00:31:31.612,1.30069,1.30075
2013.03.15 00:31:35.862,1.30068,1.30075
2013.03.15 00:31:36.391,1.30069,1.30075
2013.03.15 00:31:39.393,1.30068,1.30075
2013.03.15 00:31:39.952,1.3007,1.30076
2013.03.15 00:31:40.802,1.3007,1.30075
2013.03.15 00:31:41.162,1.30069,1.30074
2013.03.15 00:31:42.193,1.30068,1.30075
2013.03.15 00:31:42.792,1.30067,1.30075
2013.03.15 00:31:42.853,1.30067,1.30073
2013.03.15 00:31:42.916,1.30066,1.30073
2013.03.15 00:31:43.044,1.30065,1.30071
2013.03.15 00:31:43.165,1.30065,1.3007
2013.03.15 00:31:43.233,1.30063,1.3007
2013.03.15 00:31:43.772,1.30062,1.30069
2013.03.15 00:31:46.053,1.30059,1.30065
2013.03.15 00:31:46.591,1.30059,1.30066
2013.03.15 00:31:47.098,1.30059,1.30065
2013.03.15 00:31:48.742,1.30059,1.30065
2013.03.15 00:31:49.293,1.30059,1.30065
2013.03.15 00:31:50.601,1.30059,1.30065
2013.03.15 00:31:51.122,1.3006,1.30066
2013.03.15 00:31:51.542,1.30062,1.30066
2013.03.15 00:31:51.843,1.30063,1.30068
2013.03.15 00:31:51.903,1.30066,1.3007
2013.03.15 00:31:51.968,1.30068,1.30074
2013.03.15 00:31:52.212,1.30068,1.30075
2013.03.15 00:31:52.935,1.30068,1.30075
2013.03.15 00:31:54.422,1.3007,1.30075
2013.03.15 00:31:55.632,1.30068,1.30075
2013.03.15 00:31:56.193,1.30068,1.30074
2013.03.15 00:31:57.129,1.30068,1.30073
2013.03.15 00:31:57.445,1.30067,1.30072
2013.03.15 00:31:57.872,1.30065,1.30073
2013.03.15 00:31:57.933,1.30065,1.30071
2013.03.15 00:32:00.604,1.30064,1.3007
2013.03.15 00:32:02.463,1.30064,1.30069
2013.03.15 00:32:02.823,1.30063,1.30068
2013.03.15 00:32:03.306,1.30062,1.30067
2013.03.15 00:32:03.373,1.30061,1.30067
2013.03.15 00:32:03.553,1.3006,1.30066
2013.03.15 00:32:03.732,1.30059,1.30065
2013.03.15 00:32:04.258,1.30058,1.30064
2013.03.15 00:32:05.044,1.30055,1.3006
2013.03.15 00:32:05.162,1.30052,1.30058
2013.03.15 00:32:05.283,1.30049,1.30057
2013.03.15 00:32:05.404,1.30048,1.30056
2013.03.15 00:32:05.764,1.30049,1.30053
2013.03.15 00:32:05.823,1.30047,1.30054
2013.03.15 00:32:06.004,1.30046,1.30053
2013.03.15 00:32:06.362,1.30046,1.30052
2013.03.15 00:32:06.902,1.30045,1.30052
2013.03.15 00:32:07.444,1.30045,1.3005
2013.03.15 00:32:07.562,1.30044,1.30049
2013.03.15 00:32:08.113,1.30043,1.30048
2013.03.15 00:32:08.771,1.30042,1.30048
2013.03.15 00:32:08.833,1.3004,1.30044
2013.03.15 00:32:08.953,1.30041,1.30044
2013.03.15 00:32:09.656,1.3004,1.30047
2013.03.15 00:32:09.742,1.30042,1.3005
2013.03.15 00:32:09.922,1.30044,1.30051
2013.03.15 00:32:10.344,1.30044,1.3005
2013.03.15 00:32:10.583,1.30045,1.30052
2013.03.15 00:32:10.703,1.30044,1.3005
2013.03.15 00:32:10.883,1.30043,1.30048
2013.03.15 00:32:16.372,1.30043,1.30048
2013.03.15 00:32:16.733,1.30041,1.30047
2013.03.15 00:32:17.285,1.3004,1.30046
2013.03.15 00:32:17.833,1.3004,1.30042
2013.03.15 00:32:25.343,1.30037,1.30042
2013.03.15 00:32:25.403,1.30036,1.30042
2013.03.15 00:32:25.764,1.30031,1.30042
2013.03.15 00:32:25.943,1.30031,1.3004
2013.03.15 00:32:26.002,1.3003,1.30037
2013.03.15 00:32:26.302,1.30027,1.30036
2013.03.15 00:32:26.843,1.30027,1.30036
2013.03.15 00:32:27.213,1.30028,1.30037
2013.03.15 00:32:27.272,1.3003,1.30037
2013.03.15 00:32:27.333,1.30031,1.30038
2013.03.15 00:32:27.812,1.30032,1.30038
2013.03.15 00:32:28.353,1.30032,1.30038
2013.03.15 00:32:28.892,1.30031,1.30037
2013.03.15 00:32:32.374,1.30032,1.3004
2013.03.15 00:32:33.064,1.30031,1.3004
2013.03.15 00:32:33.121,1.30031,1.3004
2013.03.15 00:32:34.703,1.3003,1.30039
2013.03.15 00:32:35.362,1.3003,1.30037
2013.03.15 00:32:35.485,1.30032,1.30037
2013.03.15 00:32:35.553,1.30034,1.30037
2013.03.15 00:32:35.913,1.30035,1.3004
2013.03.15 00:32:35.974,1.30036,1.3004
2013.03.15 00:32:36.153,1.30037,1.30045
2013.03.15 00:32:36.393,1.30038,1.30045
2013.03.15 00:32:36.932,1.3004,1.30045
2013.03.15 00:32:38.652,1.30038,1.30043
2013.03.15 00:32:39.292,1.30039,1.30043
2013.03.15 00:32:39.974,1.30039,1.30043
2013.03.15 00:32:40.524,1.30039,1.30043
2013.03.15 00:32:43.273,1.30039,1.30043
2013.03.15 00:32:45.694,1.30039,1.30043
2013.03.15 00:32:47.963,1.30038,1.30043
2013.03.15 00:32:59.022,1.30038,1.30043
2013.03.15 00:33:00.442,1.30038,1.30043
2013.03.15 00:33:01.053,1.30041,1.30044
2013.03.15 00:33:01.173,1.30042,1.30048
2013.03.15 00:33:01.474,1.30041,1.30047
2013.03.15 00:33:01.537,1.3004,1.30048
2013.03.15 00:33:01.723,1.30041,1.30048
2013.03.15 00:33:01.782,1.3004,1.30048
2013.03.15 00:33:01.903,1.30041,1.30048
2013.03.15 00:33:02.202,1.3004,1.30045
2013.03.15 00:33:02.774,1.3004,1.30046
2013.03.15 00:33:03.601,1.3004,1.30046
2013.03.15 00:33:09.771,1.3004,1.30046
2013.03.15 00:33:15.932,1.3004,1.30046
2013.03.15 00:33:16.292,1.30041,1.30047
2013.03.15 00:33:16.793,1.30041,1.30047
2013.03.15 00:33:18.033,1.30041,1.30047
2013.03.15 00:33:30.904,1.30043,1.30048
2013.03.15 00:33:31.432,1.30043,1.30048
2013.03.15 00:33:37.250,1.30044,1.30049
2013.03.15 00:33:37.644,1.30045,1.30052
2013.03.15 00:33:37.764,1.30047,1.30053
2013.03.15 00:33:38.302,1.30049,1.30054
2013.03.15 00:33:38.842,1.30049,1.30056
2013.03.15 00:33:40.182,1.3005,1.30056
2013.03.15 00:33:40.902,1.3005,1.30056
2013.03.15 00:33:41.563,1.3005,1.30056
2013.03.15 00:33:42.112,1.3005,1.30056
2013.03.15 00:33:42.672,1.3005,1.30056
2013.03.15 00:33:43.516,1.30051,1.30056
2013.03.15 00:33:43.583,1.30055,1.30059
2013.03.15 00:33:43.703,1.30054,1.3006
2013.03.15 00:33:43.825,1.30056,1.30064
2013.03.15 00:33:44.126,1.30057,1.30064
2013.03.15 00:33:44.553,1.30061,1.30066
2013.03.15 00:33:45.982,1.3006,1.30066
2013.03.15 00:33:46.873,1.3006,1.30066
2013.03.15 00:33:47.414,1.3006,1.30066
2013.03.15 00:33:47.932,1.3006,1.30066
2013.03.15 00:33:51.513,1.3006,1.30066
2013.03.15 00:33:51.710,1.30059,1.30066
2013.03.15 00:33:51.774,1.30059,1.30065
2013.03.15 00:33:52.025,1.30059,1.30064
2013.03.15 00:33:52.223,1.30057,1.30065
2013.03.15 00:33:52.584,1.30057,1.30063
2013.03.15 00:33:56.856,1.30056,1.30062
2013.03.15 00:33:57.167,1.30055,1.3006
2013.03.15 00:33:57.233,1.30056,1.30064
2013.03.15 00:33:57.292,1.30056,1.30064
2013.03.15 00:33:57.415,1.30055,1.30063
2013.03.15 00:33:57.484,1.30055,1.30062
2013.03.15 00:33:57.845,1.30056,1.30064
2013.03.15 00:33:57.912,1.30058,1.30064
2013.03.15 00:33:58.591,1.30059,1.30065
2013.03.15 00:33:59.147,1.30062,1.30069
2013.03.15 00:33:59.692,1.30062,1.30069
2013.03.15 00:34:00.232,1.30062,1.30069
2013.03.15 00:34:03.513,1.30062,1.30069
2013.03.15 00:34:04.474,1.30062,1.30066
2013.03.15 00:34:04.833,1.3006,1.30066
2013.03.15 00:34:05.024,1.30058,1.30066
2013.03.15 00:34:05.142,1.30057,1.30065
2013.03.15 00:34:05.203,1.30057,1.30063
2013.03.15 00:34:05.562,1.30055,1.30064
2013.03.15 00:34:06.103,1.30056,1.30062
2013.03.15 00:34:06.672,1.30055,1.30061
2013.03.15 00:34:09.323,1.30054,1.3006
2013.03.15 00:34:10.372,1.30053,1.30059
2013.03.15 00:34:10.672,1.30051,1.30059
2013.03.15 00:34:11.042,1.30049,1.30054
2013.03.15 00:34:11.572,1.30048,1.30054
2013.03.15 00:34:16.832,1.30049,1.30054
2013.03.15 00:34:17.336,1.30049,1.30054
2013.03.15 00:34:17.854,1.30052,1.30056
2013.03.15 00:34:17.974,1.30052,1.30056
2013.03.15 00:34:18.522,1.30054,1.30059
2013.03.15 00:34:18.647,1.30054,1.30059
2013.03.15 00:34:21.192,1.30054,1.30059
2013.03.15 00:34:21.912,1.30054,1.30059
2013.03.15 00:34:24.622,1.30054,1.30059
2013.03.15 00:34:25.236,1.30053,1.30059
2013.03.15 00:34:26.282,1.30053,1.30059
2013.03.15 00:34:26.402,1.30051,1.30057
2013.03.15 00:34:26.942,1.3005,1.30056
2013.03.15 00:34:27.457,1.30049,1.30056
2013.03.15 00:34:31.595,1.30049,1.30056
2013.03.15 00:34:32.013,1.30048,1.30056
2013.03.15 00:34:32.662,1.30048,1.30056
2013.03.15 00:34:36.631,1.30049,1.30056
2013.03.15 00:34:36.962,1.30049,1.30056
2013.03.15 00:34:37.313,1.30048,1.30056
2013.03.15 00:34:37.842,1.3005,1.30056
2013.03.15 00:34:40.802,1.30049,1.30055
2013.03.15 00:34:40.983,1.30045,1.30053
2013.03.15 00:34:41.104,1.30044,1.30049
2013.03.15 00:34:41.164,1.30042,1.30049
2013.03.15 00:34:41.703,1.30041,1.30049
2013.03.15 00:34:42.712,1.30041,1.30049
2013.03.15 00:34:44.815,1.30041,1.30047
2013.03.15 00:34:44.884,1.30043,1.30049
2013.03.15 00:34:44.957,1.30043,1.3005
2013.03.15 00:34:45.083,1.30045,1.30052
2013.03.15 00:34:45.262,1.30046,1.30054
2013.03.15 00:34:45.683,1.30048,1.30056
2013.03.15 00:34:46.244,1.3005,1.30057
2013.03.15 00:34:46.751,1.3005,1.30057
2013.03.15 00:34:47.252,1.3005,1.30058
2013.03.15 00:34:51.635,1.3005,1.30058
2013.03.15 00:34:57.632,1.3005,1.30057
2013.03.15 00:35:01.048,1.30051,1.30057
2013.03.15 00:35:03.313,1.30051,1.30058
2013.03.15 00:35:05.442,1.3005,1.30058
2013.03.15 00:35:07.152,1.30051,1.30058
2013.03.15 00:35:07.923,1.30051,1.30058
2013.03.15 00:35:09.152,1.30051,1.30058
2013.03.15 00:35:10.582,1.30052,1.30058
2013.03.15 00:35:11.993,1.30052,1.30058
2013.03.15 00:35:12.515,1.30051,1.30057
2013.03.15 00:35:13.062,1.30051,1.30057
2013.03.15 00:35:13.621,1.30051,1.30057
2013.03.15 00:35:14.162,1.30052,1.30058
2013.03.15 00:35:14.702,1.30052,1.30058
2013.03.15 00:35:16.072,1.30052,1.30058
2013.03.15 00:35:16.592,1.30052,1.30058
2013.03.15 00:35:19.465,1.30052,1.30058
2013.03.15 00:35:26.794,1.30052,1.30058
2013.03.15 00:35:27.332,1.30052,1.30059
2013.03.15 00:35:28.062,1.30053,1.30059
2013.03.15 00:35:29.582,1.30053,1.30059
2013.03.15 00:35:30.162,1.30053,1.30059
2013.03.15 00:35:32.647,1.30054,1.3006
2013.03.15 00:35:41.433,1.30054,1.30059
2013.03.15 00:35:41.938,1.30054,1.30059
2013.03.15 00:35:49.372,1.30053,1.30059
2013.03.15 00:35:58.793,1.30054,1.3006
2013.03.15 00:36:06.992,1.30054,1.3006
2013.03.15 00:36:09.153,1.30055,1.3006
2013.03.15 00:36:09.513,1.30056,1.30061
2013.03.15 00:36:10.307,1.30055,1.30063
2013.03.15 00:36:10.493,1.30056,1.30063
2013.03.15 00:36:10.914,1.30057,1.30063
2013.03.15 00:36:11.446,1.30057,1.30064
2013.03.15 00:36:11.516,1.30058,1.30065
2013.03.15 00:36:12.363,1.30059,1.30066
2013.03.15 00:36:13.608,1.30062,1.30069
2013.03.15 00:36:14.754,1.30062,1.30068
2013.03.15 00:36:15.314,1.30062,1.30069
2013.03.15 00:36:18.123,1.30063,1.30069
2013.03.15 00:36:18.993,1.30061,1.30069
2013.03.15 00:36:19.495,1.30061,1.30068
2013.03.15 00:36:20.033,1.3006,1.30066
2013.03.15 00:36:23.823,1.3006,1.30066
2013.03.15 00:36:24.403,1.3006,1.30066
2013.03.15 00:36:25.383,1.3006,1.30066
2013.03.15 00:36:25.922,1.30061,1.30067
2013.03.15 00:36:33.333,1.3006,1.30066
2013.03.15 00:36:33.882,1.3006,1.30067
2013.03.15 00:36:34.392,1.3006,1.30066
2013.03.15 00:36:34.945,1.3006,1.30066
2013.03.15 00:36:38.153,1.30059,1.30065
2013.03.15 00:36:41.214,1.30059,1.30065
2013.03.15 00:36:41.848,1.30059,1.30065
2013.03.15 00:36:42.393,1.3006,1.30065
2013.03.15 00:36:44.764,1.3006,1.30064
2013.03.15 00:36:45.123,1.30059,1.30063
2013.03.15 00:36:49.033,1.30059,1.30065
2013.03.15 00:36:50.863,1.3006,1.30065
2013.03.15 00:36:51.502,1.3006,1.30065
2013.03.15 00:37:08.418,1.3006,1.30065
2013.03.15 00:37:10.883,1.3006,1.30065
2013.03.15 00:37:11.563,1.30061,1.30065
2013.03.15 00:37:11.683,1.30062,1.30066
2013.03.15 00:37:11.864,1.30063,1.30069
2013.03.15 00:37:11.924,1.30063,1.3007
2013.03.15 00:37:12.107,1.30065,1.30071
2013.03.15 00:37:12.174,1.30067,1.30073
2013.03.15 00:37:12.679,1.30066,1.30073
2013.03.15 00:37:13.162,1.30066,1.30073
2013.03.15 00:37:13.690,1.30067,1.30073
2013.03.15 00:37:16.064,1.30066,1.30071
2013.03.15 00:37:17.503,1.30065,1.30071
2013.03.15 00:37:18.224,1.30063,1.30068
2013.03.15 00:37:18.774,1.30063,1.30069
2013.03.15 00:37:20.862,1.30063,1.30069
2013.03.15 00:37:25.093,1.30063,1.30069
2013.03.15 00:37:27.402,1.30063,1.30069
2013.03.15 00:37:28.543,1.30063,1.30067
2013.03.15 00:37:30.663,1.30063,1.30068
2013.03.15 00:37:31.672,1.30063,1.30068
2013.03.15 00:37:32.656,1.30063,1.30068
2013.03.15 00:37:59.674,1.30063,1.30067
2013.03.15 00:38:10.573,1.30063,1.30067
2013.03.15 00:38:12.732,1.30064,1.30069
2013.03.15 00:38:13.415,1.30064,1.30069
2013.03.15 00:38:15.053,1.30064,1.30068
2013.03.15 00:38:16.108,1.30064,1.30068
2013.03.15 00:38:21.692,1.30064,1.30068
2013.03.15 00:38:22.179,1.30065,1.30069
2013.03.15 00:38:23.243,1.30065,1.30068
2013.03.15 00:38:25.235,1.30065,1.30069
2013.03.15 00:38:25.794,1.30065,1.30071
2013.03.15 00:38:26.303,1.30065,1.3007
2013.03.15 00:38:26.872,1.30065,1.3007
2013.03.15 00:38:27.653,1.30065,1.3007
2013.03.15 00:38:35.914,1.30063,1.30068
2013.03.15 00:38:57.314,1.30063,1.30069
2013.03.15 00:38:57.494,1.30061,1.30066
2013.03.15 00:38:57.613,1.30059,1.30066
2013.03.15 00:38:57.806,1.30058,1.30064
2013.03.15 00:38:57.994,1.30058,1.30064
2013.03.15 00:39:01.483,1.30058,1.30064
2013.03.15 00:39:02.447,1.30058,1.30064
2013.03.15 00:39:05.062,1.30058,1.30064
2013.03.15 00:39:05.602,1.30058,1.30064
2013.03.15 00:39:06.318,1.30058,1.30064
2013.03.15 00:39:07.383,1.30058,1.30064
2013.03.15 00:39:07.504,1.3006,1.30065
2013.03.15 00:39:07.685,1.30063,1.30068
2013.03.15 00:39:08.244,1.30063,1.30069
2013.03.15 00:39:09.093,1.30063,1.30069
2013.03.15 00:39:10.832,1.30063,1.30069
2013.03.15 00:39:13.565,1.30061,1.30066
2013.03.15 00:39:13.683,1.3006,1.30066
2013.03.15 00:39:13.863,1.3006,1.30066
2013.03.15 00:39:14.402,1.30058,1.30064
2013.03.15 00:39:24.343,1.30059,1.30064
2013.03.15 00:39:24.943,1.3006,1.30066
2013.03.15 00:39:25.002,1.3006,1.30066
2013.03.15 00:39:26.323,1.30059,1.30066
2013.03.15 00:39:26.464,1.30059,1.30064
2013.03.15 00:39:27.124,1.3006,1.30064
2013.03.15 00:39:27.663,1.30059,1.30066
2013.03.15 00:39:28.683,1.3006,1.30067
2013.03.15 00:39:28.742,1.30059,1.30067
2013.03.15 00:39:29.463,1.3006,1.30066
2013.03.15 00:39:30.123,1.30059,1.30064
2013.03.15 00:39:30.674,1.3006,1.30065
2013.03.15 00:39:31.213,1.30061,1.30065
2013.03.15 00:39:31.753,1.30061,1.30065
2013.03.15 00:39:32.294,1.30061,1.30065
2013.03.15 00:39:32.832,1.30061,1.30067
2013.03.15 00:39:33.673,1.30061,1.30065
2013.03.15 00:39:34.215,1.30061,1.30066
2013.03.15 00:39:35.034,1.3006,1.30065
2013.03.15 00:39:35.728,1.30061,1.30066
2013.03.15 00:39:36.272,1.30061,1.30066
2013.03.15 00:39:36.812,1.30061,1.30067
2013.03.15 00:39:37.053,1.30061,1.30065
2013.03.15 00:39:37.233,1.30061,1.30067
2013.03.15 00:39:37.772,1.30062,1.30066
2013.03.15 00:39:38.312,1.3006,1.30068
2013.03.15 00:39:38.863,1.30061,1.30068
2013.03.15 00:39:39.523,1.30061,1.30067
2013.03.15 00:39:40.063,1.30061,1.30067
2013.03.15 00:39:40.602,1.3006,1.30067
2013.03.15 00:39:41.144,1.3006,1.30067
2013.03.15 00:39:41.694,1.3006,1.30066
2013.03.15 00:39:42.233,1.30062,1.30067
2013.03.15 00:39:42.833,1.30061,1.30066
2013.03.15 00:39:43.393,1.30061,1.30067
2013.03.15 00:39:43.932,1.30061,1.30067
2013.03.15 00:39:44.473,1.30061,1.30067
2013.03.15 00:39:45.014,1.30062,1.30067
2013.03.15 00:39:45.553,1.30061,1.30067
2013.03.15 00:39:46.154,1.30061,1.30066
2013.03.15 00:39:46.694,1.30061,1.30067
2013.03.15 00:39:46.813,1.30061,1.30067
2013.03.15 00:39:48.675,1.30061,1.30067
2013.03.15 00:39:50.773,1.3006,1.30067
2013.03.15 00:39:54.443,1.30059,1.30066
2013.03.15 00:39:54.953,1.30061,1.30067
2013.03.15 00:39:55.912,1.30061,1.30067
2013.03.15 00:39:58.863,1.30061,1.30067
2013.03.15 00:40:00.794,1.30063,1.30069
2013.03.15 00:40:01.453,1.30062,1.30068
2013.03.15 00:40:02.177,1.30061,1.30067
2013.03.15 00:40:02.733,1.30062,1.30068
2013.03.15 00:40:03.553,1.30062,1.30068
2013.03.15 00:40:04.093,1.30061,1.30068
2013.03.15 00:40:04.814,1.30061,1.30068
2013.03.15 00:40:05.362,1.3006,1.30066
2013.03.15 00:40:06.784,1.30061,1.30067
2013.03.15 00:40:08.585,1.30061,1.30067
2013.03.15 00:40:09.063,1.30062,1.30069
2013.03.15 00:40:09.124,1.30063,1.30069
2013.03.15 00:40:09.184,1.30061,1.30067
2013.03.15 00:40:09.483,1.30062,1.30069
2013.03.15 00:40:09.543,1.30061,1.30069
2013.03.15 00:40:10.082,1.30061,1.30068
2013.03.15 00:40:11.703,1.3006,1.30067
2013.03.15 00:40:12.543,1.30062,1.30068
2013.03.15 00:40:12.604,1.30062,1.30068
2013.03.15 00:40:13.145,1.30062,1.30069
2013.03.15 00:40:13.562,1.30061,1.30068
2013.03.15 00:40:15.762,1.30061,1.30068
2013.03.15 00:40:16.563,1.30061,1.30068
2013.03.15 00:40:21.987,1.3006,1.30066
2013.03.15 00:40:22.053,1.3006,1.30066
2013.03.15 00:40:22.592,1.30061,1.30067
2013.03.15 00:40:24.033,1.30061,1.30068
2013.03.15 00:40:24.574,1.3006,1.30067
2013.03.15 00:40:27.103,1.30061,1.30068
2013.03.15 00:40:29.216,1.30061,1.30067
2013.03.15 00:40:32.722,1.30061,1.30067
2013.03.15 00:40:33.262,1.3006,1.30068
2013.03.15 00:40:37.743,1.30059,1.30066
2013.03.15 00:40:38.283,1.3006,1.30066
2013.03.15 00:40:39.362,1.3006,1.30066
2013.03.15 00:40:39.843,1.30062,1.30066
2013.03.15 00:40:40.084,1.30062,1.30068
2013.03.15 00:40:40.264,1.30062,1.30069
2013.03.15 00:40:40.384,1.30063,1.3007
2013.03.15 00:40:40.933,1.30064,1.3007
2013.03.15 00:40:41.115,1.30065,1.30071
2013.03.15 00:40:41.662,1.30069,1.30074
2013.03.15 00:40:42.213,1.30069,1.30074
2013.03.15 00:40:48.106,1.30069,1.30072
2013.03.15 00:40:48.355,1.30066,1.30071
2013.03.15 00:40:48.474,1.30063,1.30071
2013.03.15 00:40:48.534,1.30063,1.30068
2013.03.15 00:40:49.082,1.30063,1.30068
2013.03.15 00:40:59.565,1.30063,1.30068
2013.03.15 00:40:59.745,1.30062,1.30068
2013.03.15 00:41:00.286,1.30061,1.30066
2013.03.15 00:41:00.843,1.30061,1.30065
2013.03.15 00:41:01.572,1.30061,1.30065
2013.03.15 00:41:02.114,1.30058,1.30064
2013.03.15 00:41:03.031,1.30057,1.30063
2013.03.15 00:41:03.875,1.30057,1.30065
2013.03.15 00:41:04.414,1.30059,1.30065
2013.03.15 00:41:05.143,1.30061,1.30065
2013.03.15 00:41:05.332,1.30063,1.30068
2013.03.15 00:41:05.400,1.30064,1.3007
2013.03.15 00:41:05.883,1.30063,1.30068
2013.03.15 00:41:08.465,1.30063,1.3007
2013.03.15 00:41:13.152,1.30064,1.30068
2013.03.15 00:41:13.514,1.30063,1.30068
2013.03.15 00:41:16.295,1.30064,1.30069
2013.03.15 00:41:17.776,1.30064,1.30068
2013.03.15 00:41:18.336,1.30062,1.30066
2013.03.15 00:41:18.404,1.30062,1.30065
2013.03.15 00:41:18.917,1.30059,1.30064
2013.03.15 00:41:19.473,1.30059,1.30064
2013.03.15 00:41:24.344,1.30059,1.30064
2013.03.15 00:41:25.083,1.30059,1.30064
2013.03.15 00:41:25.623,1.30059,1.30064
2013.03.15 00:41:32.608,1.3006,1.30064
2013.03.15 00:41:33.154,1.3006,1.30064
2013.03.15 00:41:33.460,1.3006,1.30064
2013.03.15 00:41:33.525,1.3006,1.30064
2013.03.15 00:41:34.752,1.3006,1.30064
2013.03.15 00:41:35.494,1.30059,1.30064
2013.03.15 00:41:38.285,1.30059,1.30064
2013.03.15 00:41:38.843,1.30059,1.30064
2013.03.15 00:41:39.714,1.30059,1.30064
2013.03.15 00:41:41.424,1.30059,1.30064
2013.03.15 00:41:41.946,1.30059,1.30064
2013.03.15 00:41:42.581,1.30059,1.30064
2013.03.15 00:41:43.803,1.30059,1.30064
2013.03.15 00:41:46.084,1.3006,1.30064
2013.03.15 00:41:47.234,1.3006,1.30063
2013.03.15 00:41:52.997,1.30059,1.30064
2013.03.15 00:41:55.344,1.3006,1.30065
2013.03.15 00:41:55.464,1.3006,1.30066
2013.03.15 00:41:55.844,1.3006,1.30065
2013.03.15 00:41:58.994,1.3006,1.30065
2013.03.15 00:41:59.175,1.3006,1.30065
2013.03.15 00:41:59.775,1.3006,1.30065
2013.03.15 00:42:05.705,1.3006,1.30065
2013.03.15 00:42:06.314,1.3006,1.30065
2013.03.15 00:42:08.554,1.3006,1.30066
2013.03.15 00:42:17.706,1.3006,1.30065
2013.03.15 00:42:21.203,1.30061,1.30065
2013.03.15 00:42:21.683,1.3006,1.30065
2013.03.15 00:42:22.223,1.3006,1.30065
2013.03.15 00:42:22.774,1.30058,1.30065
2013.03.15 00:42:23.713,1.30059,1.30065
2013.03.15 00:42:24.743,1.30059,1.30065
2013.03.15 00:42:25.286,1.30059,1.30065
2013.03.15 00:42:32.864,1.30059,1.30065
2013.03.15 00:42:41.983,1.30059,1.30065
2013.03.15 00:42:42.513,1.30059,1.30065
2013.03.15 00:42:46.603,1.30058,1.30065
2013.03.15 00:42:53.643,1.30059,1.30065
2013.03.15 00:42:54.724,1.30061,1.30065
2013.03.15 00:42:55.746,1.30061,1.30065
2013.03.15 00:42:56.284,1.30059,1.30065
2013.03.15 00:42:57.474,1.30059,1.30065
2013.03.15 00:42:58.313,1.3006,1.30065
2013.03.15 00:43:00.434,1.30061,1.30065
2013.03.15 00:43:00.734,1.30063,1.30068
2013.03.15 00:43:00.795,1.30063,1.30068
2013.03.15 00:43:01.094,1.30062,1.30067
2013.03.15 00:43:02.263,1.30059,1.30064
2013.03.15 00:43:02.813,1.3006,1.30064
2013.03.15 00:43:03.367,1.3006,1.30064
2013.03.15 00:43:05.724,1.30059,1.30064
2013.03.15 00:43:09.464,1.30059,1.30064
2013.03.15 00:43:09.985,1.30059,1.30064
2013.03.15 00:43:18.294,1.30059,1.30066
2013.03.15 00:44:06.804,1.3006,1.30068
2013.03.15 00:44:07.283,1.3006,1.30068
2013.03.15 00:44:07.883,1.3006,1.30068
2013.03.15 00:44:08.672,1.3006,1.30068
2013.03.15 00:44:09.212,1.3006,1.30068
2013.03.15 00:44:09.862,1.3006,1.30068
2013.03.15 00:44:10.412,1.3006,1.30068
2013.03.15 00:44:37.363,1.3006,1.3007
2013.03.15 00:44:44.723,1.30059,1.30069
2013.03.15 00:44:51.432,1.3006,1.30069
2013.03.15 00:44:55.643,1.30059,1.30064
2013.03.15 00:44:56.823,1.3006,1.30065
2013.03.15 00:44:57.407,1.30059,1.30065
2013.03.15 00:45:00.074,1.30059,1.30066
2013.03.15 00:45:00.614,1.30061,1.30065
2013.03.15 00:45:13.426,1.30061,1.30064
2013.03.15 00:45:13.984,1.30061,1.30065
2013.03.15 00:45:18.124,1.30061,1.30064
2013.03.15 00:45:18.663,1.30061,1.30064
2013.03.15 00:45:20.083,1.30061,1.30064
2013.03.15 00:45:20.324,1.30061,1.30064
2013.03.15 00:45:24.703,1.30061,1.30064
2013.03.15 00:45:24.883,1.30061,1.30065
2013.03.15 00:45:28.724,1.30061,1.30065
2013.03.15 00:45:35.165,1.30061,1.30066
2013.03.15 00:45:41.344,1.3006,1.30066
2013.03.15 00:45:42.184,1.30059,1.30065
2013.03.15 00:45:42.690,1.30058,1.30063
2013.03.15 00:45:49.523,1.30058,1.30064
2013.03.15 00:45:56.094,1.30058,1.30064
2013.03.15 00:45:56.734,1.30058,1.30064
2013.03.15 00:45:57.763,1.30058,1.30064
2013.03.15 00:46:02.385,1.30057,1.30062
2013.03.15 00:46:02.506,1.30056,1.30062
2013.03.15 00:46:02.565,1.30054,1.30062
2013.03.15 00:46:02.745,1.30053,1.3006
2013.03.15 00:46:03.293,1.30053,1.30058
2013.03.15 00:46:04.083,1.30053,1.30059
2013.03.15 00:46:10.854,1.30053,1.30058
2013.03.15 00:46:11.403,1.30054,1.30058
2013.03.15 00:46:12.064,1.30054,1.30058
2013.03.15 00:46:13.224,1.30054,1.30059
2013.03.15 00:46:20.716,1.30054,1.30059
2013.03.15 00:46:27.124,1.30054,1.30059
2013.03.15 00:46:31.309,1.30054,1.30059
2013.03.15 00:46:40.985,1.30054,1.30059
2013.03.15 00:46:52.875,1.30054,1.30059
2013.03.15 00:46:55.403,1.30054,1.30059
2013.03.15 00:46:56.374,1.30054,1.30059
2013.03.15 00:46:56.974,1.30054,1.30059
2013.03.15 00:47:02.415,1.30054,1.30059
2013.03.15 00:47:03.945,1.30054,1.30059
2013.03.15 00:47:04.744,1.30054,1.30059
2013.03.15 00:47:09.834,1.30054,1.30059
2013.03.15 00:47:10.383,1.30054,1.30059
2013.03.15 00:47:11.134,1.30054,1.30059
2013.03.15 00:47:12.184,1.30054,1.30062
2013.03.15 00:47:12.723,1.30054,1.30062
2013.03.15 00:47:13.304,1.30054,1.30062
2013.03.15 00:47:13.906,1.30054,1.30062
2013.03.15 00:47:14.566,1.30054,1.30062
2013.03.15 00:47:18.064,1.30054,1.30062
2013.03.15 00:47:18.738,1.30054,1.30062
2013.03.15 00:47:19.253,1.30054,1.30062
2013.03.15 00:47:21.074,1.30053,1.30061
2013.03.15 00:47:23.123,1.30054,1.30061
2013.03.15 00:47:23.674,1.30054,1.30061
2013.03.15 00:47:24.684,1.30054,1.30061
2013.03.15 00:47:25.753,1.30053,1.30061
2013.03.15 00:47:30.474,1.30053,1.30061
2013.03.15 00:47:41.125,1.30053,1.30061
2013.03.15 00:47:41.423,1.30054,1.30062
2013.03.15 00:47:41.665,1.30056,1.30063
2013.03.15 00:47:41.724,1.30057,1.30063
2013.03.15 00:47:42.044,1.30059,1.30068
2013.03.15 00:47:42.593,1.3006,1.30066
2013.03.15 00:48:01.208,1.30059,1.30066
2013.03.15 00:48:04.815,1.30058,1.30066
2013.03.15 00:48:07.504,1.30058,1.30066
2013.03.15 00:48:09.523,1.30058,1.30066
2013.03.15 00:48:10.064,1.30058,1.30066
2013.03.15 00:48:11.394,1.30058,1.30066
2013.03.15 00:48:14.334,1.30058,1.30066
2013.03.15 00:48:14.894,1.30058,1.30066
2013.03.15 00:48:20.749,1.30058,1.30064
2013.03.15 00:48:21.054,1.30054,1.30061
2013.03.15 00:48:34.193,1.30053,1.30059
2013.03.15 00:48:38.584,1.30054,1.30059
2013.03.15 00:48:40.534,1.30054,1.30058
2013.03.15 00:48:40.834,1.30052,1.30058
2013.03.15 00:48:41.394,1.3005,1.30058
2013.03.15 00:48:41.934,1.3005,1.30058
2013.03.15 00:48:42.114,1.3005,1.30058
2013.03.15 00:48:54.467,1.30052,1.30057
2013.03.15 00:48:55.167,1.30052,1.30058
2013.03.15 00:48:59.834,1.30051,1.30056
2013.03.15 00:49:00.014,1.3005,1.30056
2013.03.15 00:49:00.134,1.30048,1.30055
2013.03.15 00:49:00.316,1.30048,1.30054
2013.03.15 00:49:00.496,1.30048,1.30054
2013.03.15 00:49:00.614,1.30048,1.30054
2013.03.15 00:49:01.154,1.30046,1.30053
2013.03.15 00:49:01.694,1.30046,1.30051
2013.03.15 00:49:02.234,1.30045,1.3005
2013.03.15 00:49:02.655,1.30047,1.30052
2013.03.15 00:49:03.193,1.30047,1.30052
2013.03.15 00:49:03.734,1.30049,1.30055
2013.03.15 00:49:04.034,1.30049,1.30055
2013.03.15 00:49:11.204,1.30049,1.30055
2013.03.15 00:49:24.674,1.30047,1.30054
2013.03.15 00:49:28.064,1.30047,1.30053
2013.03.15 00:49:28.305,1.30044,1.30051
2013.03.15 00:49:28.365,1.30044,1.3005
2013.03.15 00:49:28.903,1.30044,1.3005
2013.03.15 00:49:32.225,1.30044,1.30048
2013.03.15 00:49:32.775,1.30044,1.30049
2013.03.15 00:49:36.156,1.30044,1.30048
2013.03.15 00:49:36.465,1.30044,1.30048
2013.03.15 00:49:37.007,1.30044,1.30048
2013.03.15 00:49:37.534,1.30044,1.30048
2013.03.15 00:49:38.087,1.30044,1.30048
2013.03.15 00:49:38.454,1.30046,1.3005
2013.03.15 00:49:39.014,1.30044,1.30048
2013.03.15 00:49:40.254,1.30044,1.30048
2013.03.15 00:49:40.553,1.30044,1.30048
2013.03.15 00:49:41.104,1.30044,1.30047
2013.03.15 00:49:41.644,1.30044,1.30047
2013.03.15 00:49:44.826,1.30045,1.30049
2013.03.15 00:49:45.295,1.30045,1.30049
2013.03.15 00:49:45.887,1.30045,1.30052
2013.03.15 00:49:46.194,1.30046,1.30052
2013.03.15 00:49:46.704,1.30044,1.30052
2013.03.15 00:49:48.324,1.30044,1.3005
2013.03.15 00:49:53.214,1.30044,1.3005
2013.03.15 00:49:53.775,1.30044,1.3005
2013.03.15 00:49:54.366,1.30044,1.3005
2013.03.15 00:49:57.533,1.30044,1.3005
2013.03.15 00:49:58.193,1.30044,1.3005
2013.03.15 00:50:05.067,1.30043,1.30048
2013.03.15 00:50:05.970,1.30044,1.30049
2013.03.15 00:50:08.034,1.30044,1.30051
2013.03.15 00:50:08.947,1.30044,1.30049
2013.03.15 00:50:10.514,1.30043,1.30047
2013.03.15 00:50:11.294,1.30043,1.30048
2013.03.15 00:50:12.103,1.30043,1.30048
2013.03.15 00:50:19.274,1.30042,1.30048
2013.03.15 00:50:19.823,1.30042,1.30048
2013.03.15 00:50:20.374,1.30044,1.30047
2013.03.15 00:50:20.855,1.30044,1.3005
2013.03.15 00:50:21.394,1.30044,1.3005
2013.03.15 00:50:23.614,1.30045,1.30052
2013.03.15 00:50:23.674,1.30045,1.30052
2013.03.15 00:50:23.975,1.30046,1.30052
2013.03.15 00:50:24.153,1.30044,1.3005
2013.03.15 00:50:26.824,1.30044,1.3005
2013.03.15 00:50:27.655,1.30045,1.30052
2013.03.15 00:50:27.726,1.30046,1.30054
2013.03.15 00:50:28.285,1.30047,1.30054
2013.03.15 00:50:31.676,1.30046,1.30053
2013.03.15 00:50:31.746,1.30046,1.30052
2013.03.15 00:50:32.404,1.30044,1.3005
2013.03.15 00:50:35.284,1.30045,1.30051
2013.03.15 00:50:35.804,1.30045,1.30051
2013.03.15 00:50:38.993,1.30045,1.30051
2013.03.15 00:50:39.293,1.30047,1.30053
2013.03.15 00:50:40.365,1.30047,1.30053
2013.03.15 00:50:40.904,1.30047,1.30053
2013.03.15 00:50:48.764,1.30045,1.30052
2013.03.15 00:50:49.334,1.30045,1.30052
2013.03.15 00:50:50.194,1.30045,1.30052
2013.03.15 00:50:53.476,1.30045,1.30051
2013.03.15 00:50:53.834,1.30044,1.30051
2013.03.15 00:50:53.896,1.30044,1.3005
2013.03.15 00:50:53.975,1.30044,1.3005
2013.03.15 00:50:55.284,1.30044,1.3005
2013.03.15 00:50:56.124,1.30047,1.30054
2013.03.15 00:50:56.778,1.30046,1.30053
2013.03.15 00:50:57.323,1.30046,1.30053
2013.03.15 00:50:57.864,1.30046,1.30052
2013.03.15 00:50:58.574,1.30045,1.30051
2013.03.15 00:51:07.994,1.30046,1.30051
2013.03.15 00:51:08.534,1.30046,1.30051
2013.03.15 00:51:09.834,1.30046,1.30051
2013.03.15 00:51:13.285,1.30045,1.30051
2013.03.15 00:51:13.895,1.30045,1.30051
2013.03.15 00:51:18.565,1.30045,1.30051
2013.03.15 00:51:20.404,1.30046,1.30054
2013.03.15 00:51:21.745,1.30046,1.30051
2013.03.15 00:51:21.823,1.30048,1.30055
2013.03.15 00:51:21.961,1.30048,1.30056
2013.03.15 00:51:22.155,1.30049,1.30056
2013.03.15 00:51:27.974,1.30049,1.30055
2013.03.15 00:51:34.815,1.30048,1.30054
2013.03.15 00:51:40.614,1.30049,1.30055
2013.03.15 00:51:41.154,1.30049,1.30054
2013.03.15 00:51:45.535,1.3005,1.30055
2013.03.15 00:51:46.298,1.3005,1.30055
2013.03.15 00:51:46.369,1.30049,1.30055
2013.03.15 00:51:46.495,1.30047,1.30054
2013.03.15 00:51:56.056,1.30047,1.30055
2013.03.15 00:51:56.595,1.30047,1.30053
2013.03.15 00:51:58.953,1.30049,1.30053
2013.03.15 00:51:59.314,1.30049,1.30056
2013.03.15 00:51:59.613,1.30048,1.30054
2013.03.15 00:52:00.114,1.30048,1.30055
2013.03.15 00:52:04.085,1.30048,1.30054
2013.03.15 00:52:06.615,1.30048,1.30053
2013.03.15 00:52:07.275,1.30046,1.30054
2013.03.15 00:52:07.575,1.30047,1.30054
2013.03.15 00:52:08.134,1.30048,1.30053
2013.03.15 00:52:09.266,1.30047,1.30053
2013.03.15 00:52:09.814,1.30048,1.30053
2013.03.15 00:52:12.515,1.30049,1.30055
2013.03.15 00:52:12.875,1.3005,1.30055
2013.03.15 00:52:13.204,1.3005,1.30056
2013.03.15 00:52:15.474,1.3005,1.30056
2013.03.15 00:52:24.735,1.3005,1.30055
2013.03.15 00:52:25.885,1.3005,1.30055
2013.03.15 00:52:26.446,1.30049,1.30055
2013.03.15 00:52:27.707,1.30049,1.30055
2013.03.15 00:52:28.974,1.30049,1.30055
2013.03.15 00:52:30.405,1.30049,1.30055
2013.03.15 00:52:33.115,1.30048,1.30053
2013.03.15 00:52:44.785,1.30048,1.30054
2013.03.15 00:52:48.584,1.3005,1.30055
2013.03.15 00:52:49.124,1.3005,1.30055
2013.03.15 00:52:49.485,1.30049,1.30055
2013.03.15 00:52:50.026,1.30049,1.30055
2013.03.15 00:52:55.535,1.30049,1.30055
2013.03.15 00:52:56.086,1.30049,1.30055
2013.03.15 00:52:56.887,1.30049,1.30054
2013.03.15 00:52:57.455,1.30048,1.30054
2013.03.15 00:52:59.844,1.30047,1.30052
2013.03.15 00:53:09.304,1.30047,1.30054
2013.03.15 00:53:09.427,1.30046,1.30052
2013.03.15 00:53:09.964,1.30046,1.30052
2013.03.15 00:53:11.964,1.30046,1.30052
2013.03.15 00:53:13.284,1.30046,1.30052
2013.03.15 00:53:13.595,1.30044,1.3005
2013.03.15 00:53:13.955,1.30044,1.30048
2013.03.15 00:53:14.137,1.30045,1.30052
2013.03.15 00:53:14.196,1.30045,1.30053
2013.03.15 00:53:14.256,1.30046,1.30053
2013.03.15 00:53:15.404,1.30048,1.30055
2013.03.15 00:53:16.672,1.30048,1.30055
2013.03.15 00:53:17.878,1.30048,1.30056
2013.03.15 00:53:18.978,1.30048,1.30055
2013.03.15 00:53:19.995,1.30049,1.30056
2013.03.15 00:53:22.805,1.30048,1.30056
2013.03.15 00:53:22.985,1.30048,1.30056
2013.03.15 00:53:23.575,1.30048,1.30056
2013.03.15 00:53:25.506,1.30048,1.30056
2013.03.15 00:53:26.234,1.30048,1.30056
2013.03.15 00:53:27.854,1.30048,1.30054
2013.03.15 00:53:29.055,1.30048,1.30054
2013.03.15 00:53:29.415,1.30045,1.30052
2013.03.15 00:53:29.969,1.30045,1.30051
2013.03.15 00:53:30.405,1.30047,1.30052
2013.03.15 00:53:30.466,1.30047,1.30053
2013.03.15 00:53:31.635,1.30049,1.30055
2013.03.15 00:53:32.486,1.30049,1.30054
2013.03.15 00:53:33.144,1.30051,1.30057
2013.03.15 00:53:36.158,1.3005,1.30055
2013.03.15 00:53:37.065,1.30049,1.30055
2013.03.15 00:53:39.524,1.30049,1.30055
2013.03.15 00:53:39.836,1.30052,1.30058
2013.03.15 00:53:39.895,1.30052,1.30058
2013.03.15 00:53:45.294,1.30051,1.30057
2013.03.15 00:53:56.404,1.3005,1.30057
2013.03.15 00:53:56.945,1.30049,1.30054
2013.03.15 00:53:58.158,1.3005,1.30055
2013.03.15 00:53:58.826,1.3005,1.30055
2013.03.15 00:53:59.985,1.3005,1.30055
2013.03.15 00:54:01.134,1.3005,1.30055
2013.03.15 00:54:02.026,1.3005,1.30054
2013.03.15 00:54:02.386,1.30049,1.30054
2013.03.15 00:54:02.507,1.30046,1.30053
2013.03.15 00:54:02.634,1.30044,1.30053
2013.03.15 00:54:03.052,1.30044,1.30053
2013.03.15 00:54:03.605,1.30044,1.30053
2013.03.15 00:54:05.825,1.30046,1.30054
2013.03.15 00:54:06.006,1.30049,1.30055
2013.03.15 00:54:06.371,1.30049,1.30054
2013.03.15 00:54:11.896,1.30049,1.30054
2013.03.15 00:54:20.158,1.30049,1.30054
2013.03.15 00:54:24.557,1.3005,1.30055
2013.03.15 00:54:28.164,1.3005,1.30054
2013.03.15 00:54:30.147,1.30049,1.30055
2013.03.15 00:54:30.215,1.30047,1.30054
2013.03.15 00:54:30.335,1.30044,1.30053
2013.03.15 00:54:30.455,1.30044,1.3005
2013.03.15 00:54:30.994,1.30045,1.30048
2013.03.15 00:54:31.535,1.30044,1.30048
2013.03.15 00:54:33.145,1.30044,1.30049
2013.03.15 00:54:33.706,1.30043,1.3005
2013.03.15 00:54:33.945,1.30044,1.30051
2013.03.15 00:54:34.425,1.30048,1.30053
2013.03.15 00:54:35.397,1.30049,1.30053
2013.03.15 00:54:35.925,1.3005,1.30053
2013.03.15 00:54:36.164,1.3005,1.30057
2013.03.15 00:54:36.285,1.3005,1.30053
2013.03.15 00:54:37.147,1.30049,1.30054
2013.03.15 00:54:37.223,1.30047,1.30052
2013.03.15 00:54:37.644,1.30045,1.3005
2013.03.15 00:54:37.764,1.30043,1.3005
2013.03.15 00:54:37.885,1.30043,1.3005
2013.03.15 00:54:37.945,1.30044,1.3005
2013.03.15 00:54:38.604,1.30044,1.30049
2013.03.15 00:54:39.215,1.30043,1.30047
2013.03.15 00:54:39.747,1.30042,1.30047
2013.03.15 00:54:41.814,1.3004,1.30047
2013.03.15 00:54:42.354,1.3004,1.30046
2013.03.15 00:54:42.855,1.3004,1.30047
2013.03.15 00:54:46.004,1.30041,1.30046
2013.03.15 00:54:47.285,1.30041,1.30047
2013.03.15 00:54:51.594,1.30042,1.30047
2013.03.15 00:54:52.354,1.30042,1.30049
2013.03.15 00:54:53.624,1.30042,1.30049
2013.03.15 00:54:55.116,1.3004,1.30048
2013.03.15 00:54:55.176,1.3004,1.30047
2013.03.15 00:54:55.594,1.30041,1.30047
2013.03.15 00:54:57.527,1.30043,1.3005
2013.03.15 00:54:57.785,1.30043,1.30049
2013.03.15 00:54:58.284,1.30042,1.30048
2013.03.15 00:54:58.966,1.30042,1.30047
2013.03.15 00:54:59.504,1.30041,1.30046
2013.03.15 00:55:00.055,1.30041,1.30044
2013.03.15 00:55:00.300,1.30043,1.30047
2013.03.15 00:55:00.369,1.30044,1.30047
2013.03.15 00:55:00.436,1.30041,1.30052
2013.03.15 00:55:00.495,1.30043,1.30052
2013.03.15 00:55:00.557,1.30043,1.30054
2013.03.15 00:55:00.616,1.30044,1.30054
2013.03.15 00:55:00.917,1.30046,1.30053
2013.03.15 00:55:01.037,1.30046,1.30054
2013.03.15 00:55:01.165,1.30046,1.30055
2013.03.15 00:55:01.345,1.30047,1.30056
2013.03.15 00:55:01.765,1.30048,1.30057
2013.03.15 00:55:01.885,1.30049,1.30058
2013.03.15 00:55:02.427,1.3005,1.30059
2013.03.15 00:55:02.676,1.30051,1.30059
2013.03.15 00:55:02.917,1.30052,1.30059
2013.03.15 00:55:03.215,1.30052,1.3006
2013.03.15 00:55:03.395,1.30053,1.30061
2013.03.15 00:55:03.934,1.30054,1.30062
2013.03.15 00:55:04.354,1.30055,1.30063
2013.03.15 00:55:04.904,1.30058,1.30064
2013.03.15 00:55:05.166,1.30058,1.30062
2013.03.15 00:55:05.285,1.30058,1.30066
2013.03.15 00:55:05.405,1.30062,1.30066
2013.03.15 00:55:05.945,1.3006,1.30065
2013.03.15 00:55:06.434,1.30058,1.30063
2013.03.15 00:55:07.144,1.30059,1.30063
2013.03.15 00:55:07.694,1.30058,1.30063
2013.03.15 00:55:08.234,1.30058,1.30063
2013.03.15 00:55:08.784,1.30058,1.30063
2013.03.15 00:55:09.472,1.30058,1.30063
2013.03.15 00:55:09.798,1.30058,1.30065
2013.03.15 00:55:10.704,1.30058,1.30065
2013.03.15 00:55:11.254,1.3006,1.30066
2013.03.15 00:55:11.761,1.3006,1.30066
2013.03.15 00:55:17.234,1.3006,1.30066
2013.03.15 00:55:17.995,1.30059,1.30065
2013.03.15 00:55:18.504,1.30059,1.30063
2013.03.15 00:55:19.054,1.30058,1.30063
2013.03.15 00:55:19.234,1.30056,1.30064
2013.03.15 00:55:19.294,1.30056,1.30064
2013.03.15 00:55:19.595,1.30054,1.30059
2013.03.15 00:55:20.134,1.30054,1.30059
2013.03.15 00:55:20.706,1.30054,1.30059
2013.03.15 00:55:21.225,1.30054,1.30059
2013.03.15 00:55:21.885,1.30054,1.30058
2013.03.15 00:55:22.005,1.30054,1.30058
2013.03.15 00:55:23.749,1.30056,1.3006
2013.03.15 00:55:25.099,1.30054,1.3006
2013.03.15 00:55:25.169,1.30053,1.30058
2013.03.15 00:55:25.724,1.30052,1.30057
2013.03.15 00:55:28.304,1.30052,1.30056
2013.03.15 00:55:29.294,1.30052,1.30056
2013.03.15 00:55:29.846,1.30051,1.30055
2013.03.15 00:55:29.927,1.30051,1.30055
2013.03.15 00:55:29.998,1.30046,1.30053
2013.03.15 00:55:30.375,1.30045,1.30052
2013.03.15 00:55:30.944,1.30045,1.30053
2013.03.15 00:55:31.484,1.30045,1.30052
2013.03.15 00:55:32.034,1.30045,1.30053
2013.03.15 00:55:32.154,1.30045,1.30053
2013.03.15 00:55:32.275,1.30043,1.3005
2013.03.15 00:55:32.456,1.30041,1.30047
2013.03.15 00:55:32.575,1.30039,1.30047
2013.03.15 00:55:32.755,1.30039,1.30045
2013.03.15 00:55:34.646,1.30038,1.30047
2013.03.15 00:55:36.772,1.30037,1.30045
2013.03.15 00:55:38.645,1.30039,1.30045
2013.03.15 00:55:51.665,1.30039,1.30045
2013.03.15 00:55:53.125,1.30039,1.30045
2013.03.15 00:55:56.936,1.3004,1.30046
2013.03.15 00:55:59.696,1.3004,1.30046
2013.03.15 00:56:04.106,1.30041,1.30048
2013.03.15 00:56:04.165,1.30042,1.30048
2013.03.15 00:56:05.569,1.30043,1.30049
2013.03.15 00:56:06.115,1.30045,1.30051
2013.03.15 00:56:06.964,1.30045,1.30051
2013.03.15 00:56:08.434,1.30045,1.3005
2013.03.15 00:56:09.396,1.30045,1.30049
2013.03.15 00:56:10.457,1.30043,1.30049
2013.03.15 00:56:13.216,1.30043,1.30047
2013.03.15 00:56:13.335,1.30039,1.30044
2013.03.15 00:56:13.458,1.30038,1.30044
2013.03.15 00:56:13.525,1.30038,1.30045
2013.03.15 00:56:14.414,1.30038,1.30045
2013.03.15 00:56:14.935,1.30037,1.30045
2013.03.15 00:56:16.775,1.30037,1.30044
2013.03.15 00:56:17.375,1.30037,1.30044
2013.03.15 00:56:18.394,1.30037,1.30044
2013.03.15 00:56:20.127,1.30037,1.30045
2013.03.15 00:56:20.904,1.30037,1.30044
2013.03.15 00:56:21.384,1.30037,1.30045
2013.03.15 00:56:21.876,1.30038,1.30045
2013.03.15 00:56:21.936,1.30039,1.30046
2013.03.15 00:56:22.234,1.30039,1.30048
2013.03.15 00:56:22.474,1.30039,1.30047
2013.03.15 00:56:24.455,1.3004,1.30047
2013.03.15 00:56:32.489,1.30041,1.30047
2013.03.15 00:56:34.775,1.30041,1.30046
2013.03.15 00:56:34.980,1.30041,1.30047
2013.03.15 00:56:35.284,1.30041,1.30049
2013.03.15 00:56:35.946,1.30041,1.30047
2013.03.15 00:56:41.148,1.30041,1.30047
2013.03.15 00:56:41.861,1.30041,1.30046
2013.03.15 00:56:46.774,1.30041,1.30047
2013.03.15 00:56:56.644,1.30041,1.30047
2013.03.15 00:57:03.794,1.30042,1.30047
2013.03.15 00:57:10.946,1.30041,1.30047
2013.03.15 00:57:13.086,1.30039,1.30046
2013.03.15 00:57:13.899,1.30038,1.30046
2013.03.15 00:57:17.169,1.30038,1.30045
2013.03.15 00:57:18.825,1.3004,1.30046
2013.03.15 00:57:18.945,1.30042,1.30046
2013.03.15 00:57:20.595,1.30044,1.30049
2013.03.15 00:57:21.175,1.30043,1.30049
2013.03.15 00:57:23.016,1.30043,1.30047
2013.03.15 00:57:23.555,1.30043,1.30047
2013.03.15 00:57:23.616,1.30042,1.30047
2013.03.15 00:57:24.126,1.30042,1.30047
2013.03.15 00:57:25.034,1.30043,1.30047
2013.03.15 00:57:27.435,1.30042,1.30047
2013.03.15 00:57:34.264,1.30044,1.30048
2013.03.15 00:57:44.056,1.30044,1.3005
2013.03.15 00:57:44.831,1.30044,1.3005
2013.03.15 00:57:45.386,1.30044,1.3005
2013.03.15 00:57:45.914,1.30044,1.3005
2013.03.15 00:57:47.106,1.30044,1.30049
2013.03.15 00:57:47.168,1.30041,1.30048
2013.03.15 00:57:47.295,1.30041,1.30048
2013.03.15 00:57:47.354,1.30038,1.30048
2013.03.15 00:57:47.594,1.3004,1.30048
2013.03.15 00:57:47.895,1.30038,1.30044
2013.03.15 00:57:48.015,1.30039,1.30044
2013.03.15 00:57:48.135,1.30039,1.30044
2013.03.15 00:57:48.195,1.30041,1.30045
2013.03.15 00:57:50.126,1.30041,1.30045
2013.03.15 00:57:53.385,1.30041,1.30045
2013.03.15 00:58:01.756,1.30041,1.30044
2013.03.15 00:58:05.085,1.30041,1.30047
2013.03.15 00:58:07.155,1.30041,1.30047
2013.03.15 00:58:07.709,1.30041,1.30046
2013.03.15 00:58:10.075,1.30041,1.30047
2013.03.15 00:58:10.635,1.30041,1.30047
2013.03.15 00:58:12.685,1.30043,1.30049
2013.03.15 00:58:15.925,1.30043,1.30048
2013.03.15 00:58:19.215,1.30043,1.30048
2013.03.15 00:58:19.456,1.3004,1.30047
2013.03.15 00:58:20.335,1.30041,1.30047
2013.03.15 00:58:20.697,1.30043,1.30047
2013.03.15 00:58:20.815,1.30043,1.30048
2013.03.15 00:58:20.876,1.30043,1.30049
2013.03.15 00:58:21.234,1.30044,1.3005
2013.03.15 00:58:21.774,1.30046,1.3005
2013.03.15 00:58:21.954,1.30048,1.30053
2013.03.15 00:58:23.637,1.30047,1.30053
2013.03.15 00:58:26.564,1.30046,1.30053
2013.03.15 00:58:26.624,1.30045,1.3005
2013.03.15 00:58:26.864,1.30044,1.30048
2013.03.15 00:58:26.926,1.30041,1.30048
2013.03.15 00:58:27.285,1.30038,1.30046
2013.03.15 00:58:27.409,1.30038,1.30045
2013.03.15 00:58:27.965,1.30037,1.30046
2013.03.15 00:58:28.534,1.30038,1.30046
2013.03.15 00:58:28.594,1.30038,1.30046
2013.03.15 00:58:29.135,1.30038,1.30046
2013.03.15 00:58:29.686,1.30038,1.30046
2013.03.15 00:58:32.955,1.30038,1.30043
2013.03.15 00:58:33.495,1.30038,1.30043
2013.03.15 00:58:38.434,1.30038,1.30044
2013.03.15 00:58:38.555,1.30038,1.30044
2013.03.15 00:58:39.754,1.30038,1.30044
2013.03.15 00:58:43.094,1.30038,1.30044
2013.03.15 00:58:47.656,1.30038,1.30044
2013.03.15 00:58:48.465,1.30038,1.30044
2013.03.15 00:58:49.004,1.30039,1.30045
2013.03.15 00:58:50.074,1.30039,1.30046
2013.03.15 00:58:55.414,1.30039,1.30046
2013.03.15 00:58:56.414,1.30039,1.30046
2013.03.15 00:58:56.975,1.30039,1.30046
2013.03.15 00:58:58.055,1.30039,1.30046
2013.03.15 00:58:58.624,1.30039,1.30046
2013.03.15 00:58:59.784,1.30039,1.30046
2013.03.15 00:59:03.925,1.30039,1.30046
2013.03.15 00:59:04.426,1.30039,1.30046
2013.03.15 00:59:08.954,1.3004,1.30046
2013.03.15 00:59:09.505,1.30041,1.30047
2013.03.15 00:59:13.964,1.3004,1.30047
2013.03.15 00:59:15.788,1.3004,1.30046
2013.03.15 00:59:17.626,1.3004,1.30046
2013.03.15 00:59:25.154,1.3004,1.30046
2013.03.15 00:59:26.564,1.3004,1.30047
2013.03.15 00:59:27.124,1.30039,1.30047
2013.03.15 00:59:27.724,1.3004,1.30047
2013.03.15 00:59:28.465,1.30039,1.30047
2013.03.15 00:59:28.584,1.30039,1.30045
2013.03.15 00:59:38.225,1.30039,1.30045
2013.03.15 00:59:38.827,1.30039,1.30045
2013.03.15 00:59:39.614,1.30039,1.30048
2013.03.15 00:59:40.336,1.30039,1.30048
2013.03.15 00:59:45.024,1.30038,1.30044
2013.03.15 00:59:47.624,1.30039,1.30045
2013.03.15 00:59:49.985,1.30038,1.30044
2013.03.15 00:59:51.966,1.30038,1.30043
2013.03.15 00:59:53.915,1.30038,1.30044
2013.03.15 00:59:54.524,1.30039,1.30044
2013.03.15 00:59:55.074,1.30039,1.30046
2013.03.15 00:59:56.614,1.30039,1.30046
2013.03.15 00:59:57.704,1.3004,1.30046
2013.03.15 00:59:58.338,1.3004,1.30044
2013.03.15 00:59:59.825,1.30039,1.30044
2013.03.15 01:00:00.185,1.30039,1.30046
2013.03.15 01:00:00.367,1.30038,1.30045
2013.03.15 01:00:00.606,1.30035,1.30044
2013.03.15 01:00:00.666,1.30035,1.30044
2013.03.15 01:00:00.845,1.30035,1.30044
2013.03.15 01:00:01.206,1.30036,1.30041
2013.03.15 01:00:01.746,1.30033,1.30039
2013.03.15 01:00:02.746,1.30033,1.30039
2013.03.15 01:00:03.266,1.30033,1.3004
2013.03.15 01:00:04.395,1.30033,1.30039
2013.03.15 01:00:05.115,1.30033,1.3004
2013.03.15 01:00:05.654,1.30033,1.3004
2013.03.15 01:00:05.954,1.30036,1.3004
2013.03.15 01:00:06.494,1.30036,1.30041
2013.03.15 01:00:07.036,1.30037,1.30042
2013.03.15 01:00:07.636,1.30037,1.30043
2013.03.15 01:00:08.326,1.30038,1.30044
2013.03.15 01:00:08.446,1.30038,1.30046
2013.03.15 01:00:08.505,1.30038,1.30046
2013.03.15 01:00:08.877,1.3004,1.30046
2013.03.15 01:00:09.425,1.3004,1.30045
2013.03.15 01:00:11.015,1.30042,1.30046
2013.03.15 01:00:11.646,1.30042,1.30046
2013.03.15 01:00:12.585,1.30043,1.30047
2013.03.15 01:00:13.696,1.30042,1.30047
2013.03.15 01:00:14.246,1.30042,1.30046
2013.03.15 01:00:15.185,1.30042,1.30046
2013.03.15 01:00:16.475,1.30042,1.30047
2013.03.15 01:00:18.156,1.30045,1.30049
2013.03.15 01:00:18.697,1.30044,1.30049
2013.03.15 01:00:19.065,1.30043,1.30049
2013.03.15 01:00:22.216,1.30043,1.30049
2013.03.15 01:00:24.594,1.30045,1.30049
2013.03.15 01:00:27.685,1.30045,1.30051
2013.03.15 01:00:29.395,1.30045,1.30051
2013.03.15 01:00:30.734,1.30045,1.30051
2013.03.15 01:00:31.354,1.30045,1.30049
2013.03.15 01:00:32.264,1.30044,1.30049
2013.03.15 01:00:36.024,1.30043,1.30049
2013.03.15 01:00:37.187,1.30044,1.3005
2013.03.15 01:00:37.305,1.30045,1.3005
2013.03.15 01:00:39.106,1.30044,1.30049
2013.03.15 01:00:39.644,1.30044,1.30049
2013.03.15 01:00:40.396,1.30044,1.30051
2013.03.15 01:00:40.537,1.30044,1.30051
2013.03.15 01:00:41.136,1.30045,1.30051
2013.03.15 01:00:41.575,1.30044,1.30051
2013.03.15 01:00:42.126,1.30044,1.30051
2013.03.15 01:00:47.536,1.30045,1.30051
2013.03.15 01:00:48.104,1.30044,1.30051
2013.03.15 01:00:49.745,1.30046,1.30052
2013.03.15 01:00:50.526,1.30045,1.30052
2013.03.15 01:00:51.233,1.30045,1.30051
2013.03.15 01:00:55.958,1.30044,1.30049
2013.03.15 01:00:56.505,1.30044,1.30051
2013.03.15 01:01:00.055,1.30045,1.30051
2013.03.15 01:01:00.605,1.30045,1.3005
2013.03.15 01:01:01.127,1.30045,1.3005
2013.03.15 01:01:03.245,1.30045,1.30051
2013.03.15 01:01:05.674,1.30045,1.30051
2013.03.15 01:01:10.847,1.30045,1.3005
2013.03.15 01:01:10.908,1.30044,1.3005
2013.03.15 01:01:10.976,1.30042,1.30047
2013.03.15 01:01:12.315,1.30042,1.30048
2013.03.15 01:01:13.137,1.30044,1.30049
2013.03.15 01:01:13.496,1.30045,1.30051
2013.03.15 01:01:14.035,1.30046,1.30052
2013.03.15 01:01:14.288,1.30046,1.30054
2013.03.15 01:01:14.537,1.30049,1.30056
2013.03.15 01:01:14.895,1.3005,1.30056
2013.03.15 01:01:15.195,1.3005,1.30056
2013.03.15 01:01:15.615,1.3005,1.30054
2013.03.15 01:01:15.857,1.30046,1.30054
2013.03.15 01:01:15.917,1.30046,1.30054
2013.03.15 01:01:16.459,1.30044,1.30051
2013.03.15 01:01:17.216,1.30046,1.30052
2013.03.15 01:01:17.458,1.30049,1.30054
2013.03.15 01:01:17.518,1.30049,1.30056
2013.03.15 01:01:18.178,1.3005,1.30056
2013.03.15 01:01:18.736,1.30049,1.30056
2013.03.15 01:01:19.097,1.30049,1.30056
2013.03.15 01:01:19.575,1.30049,1.30056
2013.03.15 01:01:20.406,1.30048,1.30054
2013.03.15 01:01:21.807,1.30048,1.30054
2013.03.15 01:01:22.046,1.30045,1.30052
2013.03.15 01:01:22.286,1.30047,1.30053
2013.03.15 01:01:23.966,1.30048,1.30053
2013.03.15 01:01:24.275,1.30048,1.30054
2013.03.15 01:01:24.515,1.30049,1.30057
2013.03.15 01:01:25.237,1.30049,1.30055
2013.03.15 01:01:25.295,1.30049,1.30055
2013.03.15 01:01:25.484,1.30047,1.30053
2013.03.15 01:01:26.647,1.30048,1.30055
2013.03.15 01:01:27.650,1.30047,1.30054
2013.03.15 01:01:27.775,1.30046,1.30053
2013.03.15 01:01:28.198,1.30045,1.30052
2013.03.15 01:01:28.745,1.30044,1.30049
2013.03.15 01:01:29.605,1.30043,1.30049
2013.03.15 01:01:30.305,1.30043,1.30048
2013.03.15 01:01:33.178,1.30043,1.30049
2013.03.15 01:01:34.909,1.30043,1.3005
2013.03.15 01:01:36.079,1.30047,1.30052
2013.03.15 01:01:39.737,1.30044,1.3005
2013.03.15 01:01:45.164,1.30044,1.3005
2013.03.15 01:01:48.335,1.30044,1.3005
2013.03.15 01:01:49.080,1.30044,1.3005
2013.03.15 01:01:56.005,1.30044,1.30049
2013.03.15 01:01:57.116,1.30044,1.30049
2013.03.15 01:01:59.656,1.30044,1.30049
2013.03.15 01:02:00.516,1.30045,1.30051
2013.03.15 01:02:05.575,1.30046,1.3005
2013.03.15 01:02:06.511,1.30046,1.30051
2013.03.15 01:02:13.607,1.30049,1.30052
2013.03.15 01:02:13.727,1.30047,1.30051
2013.03.15 01:02:13.788,1.30047,1.30053
2013.03.15 01:02:13.916,1.30049,1.30053
2013.03.15 01:02:14.158,1.30049,1.30055
2013.03.15 01:02:14.575,1.3005,1.30056
2013.03.15 01:02:14.636,1.30053,1.30059
2013.03.15 01:02:14.756,1.30053,1.3006
2013.03.15 01:02:15.296,1.30053,1.30059
2013.03.15 01:02:16.146,1.30053,1.30058
2013.03.15 01:02:17.117,1.30053,1.30059
2013.03.15 01:02:17.879,1.30053,1.30058
2013.03.15 01:02:17.951,1.30053,1.30059
2013.03.15 01:02:18.497,1.30053,1.30059
2013.03.15 01:02:18.856,1.30055,1.30059
2013.03.15 01:02:19.096,1.30055,1.3006
2013.03.15 01:02:19.397,1.30055,1.30061
2013.03.15 01:02:19.695,1.30054,1.30061
2013.03.15 01:02:20.057,1.30053,1.30061
2013.03.15 01:02:20.604,1.30051,1.30058
2013.03.15 01:02:22.615,1.30051,1.30058
2013.03.15 01:02:28.996,1.30049,1.30056
2013.03.15 01:02:33.030,1.30051,1.30057
2013.03.15 01:02:36.585,1.3005,1.30057
2013.03.15 01:02:37.125,1.3005,1.30057
2013.03.15 01:02:40.847,1.3005,1.30057
2013.03.15 01:02:42.517,1.30049,1.30057
2013.03.15 01:02:42.636,1.30048,1.30054
2013.03.15 01:02:42.876,1.30044,1.30051
2013.03.15 01:02:43.055,1.30043,1.30051
2013.03.15 01:02:43.356,1.30044,1.3005
2013.03.15 01:02:44.903,1.30045,1.30051
2013.03.15 01:02:45.519,1.30045,1.30051
2013.03.15 01:02:50.305,1.30044,1.3005
2013.03.15 01:02:50.807,1.30043,1.30049
2013.03.15 01:02:51.365,1.30043,1.30049
2013.03.15 01:02:52.875,1.30043,1.30051
2013.03.15 01:02:52.936,1.30045,1.30051
2013.03.15 01:02:53.415,1.30043,1.30049
2013.03.15 01:02:54.971,1.30045,1.3005
2013.03.15 01:03:00.318,1.30043,1.30051
2013.03.15 01:03:00.832,1.30043,1.30051
2013.03.15 01:03:01.375,1.30043,1.30051
2013.03.15 01:03:06.076,1.30043,1.3005
2013.03.15 01:03:06.615,1.30041,1.30047
2013.03.15 01:03:07.485,1.30041,1.30048
2013.03.15 01:03:09.384,1.30041,1.30049
2013.03.15 01:03:11.276,1.30042,1.30049
2013.03.15 01:03:11.586,1.30042,1.3005
2013.03.15 01:03:11.645,1.30044,1.3005
2013.03.15 01:03:12.542,1.30044,1.3005
2013.03.15 01:03:12.845,1.30044,1.30048
2013.03.15 01:03:14.477,1.3004,1.30046
2013.03.15 01:03:15.035,1.3004,1.30048
2013.03.15 01:03:15.456,1.30041,1.30047
2013.03.15 01:03:15.756,1.3004,1.30047
2013.03.15 01:03:16.295,1.30039,1.30045
2013.03.15 01:03:16.717,1.30037,1.30043
2013.03.15 01:03:16.776,1.30035,1.30043
2013.03.15 01:03:17.077,1.30035,1.30043
2013.03.15 01:03:17.376,1.30034,1.30043
2013.03.15 01:03:17.498,1.30035,1.30044
2013.03.15 01:03:17.568,1.30036,1.30045
2013.03.15 01:03:17.756,1.30037,1.30045
2013.03.15 01:03:17.816,1.30037,1.30045
2013.03.15 01:03:17.995,1.30039,1.30045
2013.03.15 01:03:18.296,1.30041,1.30047
2013.03.15 01:03:18.417,1.30041,1.30047
2013.03.15 01:03:18.967,1.30039,1.30048
2013.03.15 01:03:20.376,1.30041,1.30049
2013.03.15 01:03:20.736,1.3004,1.30046
2013.03.15 01:03:20.918,1.30039,1.30044
2013.03.15 01:03:21.275,1.30035,1.30042
2013.03.15 01:03:21.815,1.30035,1.30041
2013.03.15 01:03:22.236,1.30036,1.30042
2013.03.15 01:03:22.417,1.30036,1.30042
2013.03.15 01:03:24.467,1.30036,1.30042
2013.03.15 01:03:26.256,1.30038,1.30043
2013.03.15 01:03:26.796,1.30037,1.30043
2013.03.15 01:03:27.627,1.30037,1.30043
2013.03.15 01:03:27.975,1.30036,1.30046
2013.03.15 01:03:28.526,1.30036,1.30045
2013.03.15 01:03:29.065,1.30036,1.30045
