Time,Bid,Ask
2013.03.19 00:00:02.796,1.29435,1.2944
2013.03.19 00:00:09.425,1.29435,1.29441
2013.03.19 00:00:09.975,1.29435,1.29441
2013.03.19 00:00:12.066,1.29433,1.29439
2013.03.19 00:00:12.135,1.29433,1.29439
2013.03.19 00:00:12.674,1.29431,1.29435
2013.03.19 00:00:12.974,1.29431,1.29435
2013.03.19 00:00:16.575,1.29431,1.29435
2013.03.19 00:00:18.664,1.29432,1.29437
2013.03.19 00:00:19.205,1.29431,1.29436
2013.03.19 00:00:19.386,1.29433,1.29439
2013.03.19 00:00:19.505,1.29434,1.29439
2013.03.19 00:00:20.571,1.29434,1.2944
2013.03.19 00:00:21.339,1.29434,1.2944
2013.03.19 00:00:23.575,1.29433,1.29438
2013.03.19 00:00:23.757,1.29431,1.29436
2013.03.19 00:00:23.876,1.2943,1.29436
2013.03.19 00:00:24.065,1.2943,1.29435
2013.03.19 00:00:26.565,1.2943,1.29434
2013.03.19 00:00:29.505,1.2943,1.29433
2013.03.19 00:00:30.226,1.29429,1.29433
2013.03.19 00:00:30.286,1.29429,1.29434
2013.03.19 00:00:30.525,1.29429,1.29434
2013.03.19 00:00:31.066,1.29429,1.29433
2013.03.19 00:00:31.546,1.29428,1.29432
2013.03.19 00:00:32.085,1.29429,1.29433
2013.03.19 00:00:33.828,1.29429,1.29432
2013.03.19 00:00:34.862,1.29428,1.29434
2013.03.19 00:00:35.176,1.29427,1.29432
2013.03.19 00:00:37.217,1.29427,1.29432
2013.03.19 00:00:39.387,1.29427,1.29432
2013.03.19 00:00:39.986,1.29424,1.29432
2013.03.19 00:00:41.526,1.29425,1.29432
2013.03.19 00:00:42.186,1.29424,1.29432
2013.03.19 00:00:42.736,1.29424,1.29432
2013.03.19 00:00:42.915,1.29424,1.2943
2013.03.19 00:00:45.760,1.29424,1.2943
2013.03.19 00:00:46.437,1.29427,1.29432
2013.03.19 00:00:46.556,1.29427,1.29435
2013.03.19 00:00:46.617,1.29427,1.29435
2013.03.19 00:00:48.345,1.29428,1.29434
2013.03.19 00:00:49.168,1.29428,1.29433
2013.03.19 00:00:50.106,1.29428,1.29432
2013.03.19 00:00:51.268,1.29429,1.29436
2013.03.19 00:00:51.388,1.2943,1.29437
2013.03.19 00:00:51.446,1.2943,1.29433
2013.03.19 00:00:51.748,1.29431,1.29439
2013.03.19 00:00:51.817,1.29434,1.29439
2013.03.19 00:00:51.936,1.29434,1.29439
2013.03.19 00:00:52.057,1.29434,1.29439
2013.03.19 00:00:52.116,1.29434,1.29439
2013.03.19 00:00:52.356,1.29434,1.29439
2013.03.19 00:00:52.537,1.29434,1.29438
2013.03.19 00:00:53.087,1.29431,1.29438
2013.03.19 00:00:53.205,1.29431,1.29438
2013.03.19 00:00:53.748,1.29431,1.29437
2013.03.19 00:00:53.927,1.29432,1.29438
2013.03.19 00:00:53.988,1.29432,1.29438
2013.03.19 00:00:54.227,1.29434,1.29441
2013.03.19 00:00:54.586,1.29435,1.29443
2013.03.19 00:00:55.008,1.29435,1.29439
2013.03.19 00:00:55.316,1.29431,1.29437
2013.03.19 00:00:55.856,1.29431,1.29436
2013.03.19 00:00:56.456,1.2943,1.29435
2013.03.19 00:00:56.996,1.2943,1.29434
2013.03.19 00:00:57.536,1.29429,1.29434
2013.03.19 00:01:01.847,1.2943,1.29433
2013.03.19 00:01:01.967,1.29431,1.29437
2013.03.19 00:01:02.087,1.29432,1.29438
2013.03.19 00:01:02.567,1.29431,1.29437
2013.03.19 00:01:03.108,1.29431,1.29437
2013.03.19 00:01:06.107,1.29432,1.29437
2013.03.19 00:01:06.167,1.29433,1.29437
2013.03.19 00:01:06.467,1.29434,1.29439
2013.03.19 00:01:06.767,1.29434,1.29439
2013.03.19 00:01:07.137,1.29436,1.29439
2013.03.19 00:01:07.257,1.29436,1.2944
2013.03.19 00:01:08.187,1.29437,1.29443
2013.03.19 00:01:08.446,1.29436,1.29441
2013.03.19 00:01:08.997,1.29436,1.29442
2013.03.19 00:01:09.892,1.29435,1.29442
2013.03.19 00:01:10.156,1.29435,1.29438
2013.03.19 00:01:10.337,1.2943,1.29437
2013.03.19 00:01:10.397,1.29431,1.29438
2013.03.19 00:01:10.756,1.2943,1.29437
2013.03.19 00:01:10.936,1.29431,1.29438
2013.03.19 00:01:11.518,1.29431,1.29437
2013.03.19 00:01:12.865,1.2943,1.29437
2013.03.19 00:01:15.836,1.2943,1.29437
2013.03.19 00:01:19.329,1.29429,1.29435
2013.03.19 00:01:19.637,1.29428,1.29434
2013.03.19 00:01:20.056,1.29427,1.29432
2013.03.19 00:01:20.537,1.29427,1.29432
2013.03.19 00:01:21.927,1.29427,1.29432
2013.03.19 00:01:23.026,1.29427,1.29432
2013.03.19 00:01:23.947,1.29427,1.2943
2013.03.19 00:01:25.357,1.29427,1.29431
2013.03.19 00:01:25.917,1.29427,1.29432
2013.03.19 00:01:26.436,1.29428,1.29432
2013.03.19 00:01:28.059,1.29427,1.29432
2013.03.19 00:01:28.810,1.29427,1.29432
2013.03.19 00:01:31.086,1.29427,1.29435
2013.03.19 00:01:31.749,1.29427,1.29431
2013.03.19 00:01:43.199,1.29428,1.29433
2013.03.19 00:01:44.037,1.29428,1.29433
2013.03.19 00:01:46.056,1.29429,1.29434
2013.03.19 00:01:48.151,1.29429,1.29434
2013.03.19 00:01:48.687,1.29429,1.29434
2013.03.19 00:01:50.257,1.29429,1.29434
2013.03.19 00:01:50.797,1.29429,1.29435
2013.03.19 00:01:51.306,1.29429,1.29434
2013.03.19 00:01:52.547,1.29429,1.29434
2013.03.19 00:01:54.697,1.29429,1.29434
2013.03.19 00:01:55.786,1.2943,1.29435
2013.03.19 00:01:57.887,1.2943,1.29435
2013.03.19 00:01:58.067,1.29434,1.29439
2013.03.19 00:01:58.129,1.29434,1.2944
2013.03.19 00:01:58.257,1.29437,1.29444
2013.03.19 00:01:58.796,1.29437,1.29443
2013.03.19 00:02:05.846,1.29437,1.29442
2013.03.19 00:02:06.326,1.29437,1.29442
2013.03.19 00:02:06.567,1.29433,1.29441
2013.03.19 00:02:07.603,1.29434,1.2944
2013.03.19 00:02:09.377,1.29433,1.29438
2013.03.19 00:02:09.496,1.2943,1.29437
2013.03.19 00:02:09.617,1.29432,1.29437
2013.03.19 00:02:10.156,1.29434,1.29438
2013.03.19 00:02:16.956,1.29435,1.29439
2013.03.19 00:02:17.516,1.29435,1.2944
2013.03.19 00:02:18.298,1.29435,1.29439
2013.03.19 00:02:18.866,1.29434,1.2944
2013.03.19 00:02:19.547,1.29435,1.2944
2013.03.19 00:02:20.087,1.29435,1.2944
2013.03.19 00:02:20.447,1.29436,1.29442
2013.03.19 00:02:20.508,1.29436,1.29442
2013.03.19 00:02:20.687,1.29437,1.29442
2013.03.19 00:02:21.046,1.29438,1.29444
2013.03.19 00:02:21.676,1.29438,1.29444
2013.03.19 00:02:22.006,1.29437,1.29443
2013.03.19 00:02:26.366,1.29438,1.29444
2013.03.19 00:02:27.026,1.29437,1.29443
2013.03.19 00:02:28.807,1.29437,1.29442
2013.03.19 00:02:29.347,1.29437,1.29443
2013.03.19 00:02:30.866,1.29437,1.29444
2013.03.19 00:02:34.456,1.29437,1.29443
2013.03.19 00:02:36.666,1.29437,1.29442
2013.03.19 00:02:39.317,1.29437,1.29443
2013.03.19 00:02:41.956,1.29437,1.29441
2013.03.19 00:02:52.226,1.29437,1.29443
2013.03.19 00:02:52.963,1.29437,1.29444
2013.03.19 00:02:53.485,1.29437,1.29444
2013.03.19 00:03:01.479,1.29438,1.29445
2013.03.19 00:03:03.826,1.29438,1.29444
2013.03.19 00:03:04.186,1.29435,1.29442
2013.03.19 00:03:06.767,1.29435,1.29441
2013.03.19 00:03:15.287,1.29436,1.29441
2013.03.19 00:03:15.467,1.29439,1.29444
2013.03.19 00:03:15.527,1.2944,1.29445
2013.03.19 00:03:15.708,1.29442,1.29448
2013.03.19 00:03:15.767,1.29443,1.29449
2013.03.19 00:03:15.886,1.29444,1.2945
2013.03.19 00:03:16.008,1.29444,1.29452
2013.03.19 00:03:16.258,1.29445,1.29453
2013.03.19 00:03:16.676,1.29445,1.29452
2013.03.19 00:03:17.475,1.29445,1.29451
2013.03.19 00:03:17.718,1.29443,1.29449
2013.03.19 00:03:19.760,1.29445,1.2945
2013.03.19 00:03:20.566,1.29445,1.2945
2013.03.19 00:03:21.146,1.29444,1.29449
2013.03.19 00:03:22.846,1.29444,1.2945
2013.03.19 00:03:22.967,1.29444,1.29451
2013.03.19 00:03:23.206,1.29445,1.29453
2013.03.19 00:03:23.386,1.29444,1.29453
2013.03.19 00:03:23.926,1.29445,1.29451
2013.03.19 00:03:24.495,1.29445,1.29451
2013.03.19 00:03:24.616,1.29443,1.2945
2013.03.19 00:03:25.156,1.29443,1.29449
2013.03.19 00:03:25.815,1.29444,1.29451
2013.03.19 00:03:26.546,1.29443,1.29451
2013.03.19 00:03:27.896,1.29443,1.29451
2013.03.19 00:03:28.385,1.29443,1.29451
2013.03.19 00:03:28.677,1.29443,1.2945
2013.03.19 00:03:29.216,1.29443,1.2945
2013.03.19 00:03:30.206,1.29445,1.2945
2013.03.19 00:03:30.625,1.29443,1.29449
2013.03.19 00:03:35.255,1.29443,1.29449
2013.03.19 00:03:35.795,1.29443,1.29448
2013.03.19 00:03:36.275,1.29443,1.2945
2013.03.19 00:03:36.825,1.29443,1.2945
2013.03.19 00:03:37.578,1.29443,1.29448
2013.03.19 00:03:37.939,1.29441,1.29447
2013.03.19 00:03:40.897,1.29441,1.29446
2013.03.19 00:03:41.019,1.29439,1.29445
2013.03.19 00:03:41.148,1.29437,1.29445
2013.03.19 00:03:41.991,1.29437,1.29443
2013.03.19 00:03:43.078,1.29436,1.29443
2013.03.19 00:03:43.216,1.29435,1.29442
2013.03.19 00:03:46.097,1.29437,1.29442
2013.03.19 00:03:46.708,1.29437,1.29442
2013.03.19 00:03:52.277,1.29438,1.29442
2013.03.19 00:03:52.795,1.29437,1.29442
2013.03.19 00:03:53.716,1.29437,1.29442
2013.03.19 00:03:54.256,1.29437,1.29443
2013.03.19 00:04:03.697,1.29439,1.29442
2013.03.19 00:04:07.518,1.29439,1.29443
2013.03.19 00:04:17.751,1.29439,1.29444
2013.03.19 00:04:18.297,1.29438,1.29444
2013.03.19 00:04:19.336,1.29438,1.29444
2013.03.19 00:04:21.466,1.29438,1.29444
2013.03.19 00:04:22.577,1.29439,1.29445
2013.03.19 00:04:22.636,1.29439,1.29445
2013.03.19 00:04:24.766,1.29438,1.29444
2013.03.19 00:04:26.807,1.29438,1.29445
2013.03.19 00:04:27.378,1.29438,1.29444
2013.03.19 00:04:28.597,1.29438,1.29445
2013.03.19 00:04:39.236,1.2944,1.29445
2013.03.19 00:04:39.416,1.2944,1.29446
2013.03.19 00:04:43.748,1.2944,1.29443
2013.03.19 00:04:43.987,1.29438,1.29441
2013.03.19 00:04:44.526,1.29438,1.29442
2013.03.19 00:04:44.766,1.29437,1.29443
2013.03.19 00:04:44.886,1.29438,1.29445
2013.03.19 00:04:45.190,1.29438,1.29442
2013.03.19 00:04:45.496,1.29438,1.29444
2013.03.19 00:04:46.036,1.29438,1.29442
2013.03.19 00:04:46.157,1.29438,1.29444
2013.03.19 00:04:46.850,1.29439,1.29443
2013.03.19 00:04:46.921,1.29439,1.29444
2013.03.19 00:04:46.997,1.29438,1.29443
2013.03.19 00:04:47.536,1.29437,1.29442
2013.03.19 00:04:47.896,1.29438,1.29442
2013.03.19 00:04:47.956,1.29438,1.29443
2013.03.19 00:04:48.077,1.29437,1.29443
2013.03.19 00:04:48.436,1.29437,1.29444
2013.03.19 00:04:48.497,1.29439,1.29445
2013.03.19 00:04:48.616,1.29437,1.29443
2013.03.19 00:04:49.156,1.29437,1.29443
2013.03.19 00:04:49.707,1.29439,1.29445
2013.03.19 00:04:49.826,1.29439,1.29443
2013.03.19 00:04:49.946,1.29436,1.29441
2013.03.19 00:04:50.006,1.29436,1.29441
2013.03.19 00:04:50.126,1.29435,1.29442
2013.03.19 00:04:50.486,1.29435,1.29441
2013.03.19 00:04:50.907,1.29435,1.29443
2013.03.19 00:04:50.967,1.29435,1.29444
2013.03.19 00:04:51.087,1.29435,1.29443
2013.03.19 00:04:51.206,1.29435,1.29442
2013.03.19 00:04:51.388,1.29434,1.29442
2013.03.19 00:04:51.807,1.29434,1.29442
2013.03.19 00:04:51.987,1.29435,1.29442
2013.03.19 00:04:52.226,1.29435,1.29444
2013.03.19 00:04:54.266,1.29438,1.29444
2013.03.19 00:04:54.827,1.29437,1.29444
2013.03.19 00:04:55.578,1.29437,1.29444
2013.03.19 00:04:55.767,1.29436,1.29444
2013.03.19 00:04:56.297,1.29436,1.29444
2013.03.19 00:04:57.397,1.29437,1.29443
2013.03.19 00:04:57.697,1.29437,1.29442
2013.03.19 00:04:57.817,1.29437,1.29442
2013.03.19 00:04:58.356,1.29437,1.29445
2013.03.19 00:04:58.656,1.29437,1.29443
2013.03.19 00:04:59.551,1.29438,1.29445
2013.03.19 00:05:00.036,1.29438,1.29443
2013.03.19 00:05:01.637,1.29437,1.29444
2013.03.19 00:05:02.244,1.29438,1.29443
2013.03.19 00:05:03.368,1.29438,1.29443
2013.03.19 00:05:04.847,1.29439,1.29447
2013.03.19 00:05:04.968,1.29442,1.29448
2013.03.19 00:05:05.507,1.29445,1.29449
2013.03.19 00:05:05.567,1.29445,1.29449
2013.03.19 00:05:06.047,1.29444,1.2945
2013.03.19 00:05:06.608,1.29443,1.2945
2013.03.19 00:05:07.863,1.29443,1.2945
2013.03.19 00:05:07.927,1.29442,1.2945
2013.03.19 00:05:08.461,1.29444,1.29449
2013.03.19 00:05:09.246,1.29444,1.2945
2013.03.19 00:05:09.846,1.29444,1.29449
2013.03.19 00:05:12.036,1.29444,1.29447
2013.03.19 00:05:16.116,1.29444,1.29447
2013.03.19 00:05:16.819,1.29444,1.2945
2013.03.19 00:05:23.327,1.29443,1.29447
2013.03.19 00:05:23.715,1.29443,1.29451
2013.03.19 00:05:24.786,1.29442,1.29451
2013.03.19 00:05:24.966,1.29442,1.29449
2013.03.19 00:05:26.086,1.29443,1.29451
2013.03.19 00:05:27.118,1.29443,1.29451
2013.03.19 00:05:31.283,1.29444,1.29451
2013.03.19 00:05:34.496,1.29444,1.29453
2013.03.19 00:05:34.987,1.29444,1.2945
2013.03.19 00:05:47.216,1.29445,1.2945
2013.03.19 00:05:47.887,1.29444,1.29451
2013.03.19 00:05:48.426,1.29444,1.2945
2013.03.19 00:05:49.042,1.29444,1.2945
2013.03.19 00:05:50.113,1.29444,1.2945
2013.03.19 00:05:50.666,1.29445,1.29449
2013.03.19 00:05:51.508,1.29445,1.29449
2013.03.19 00:05:52.126,1.29445,1.29449
2013.03.19 00:05:52.707,1.29445,1.29449
2013.03.19 00:05:53.366,1.29445,1.29451
2013.03.19 00:05:53.427,1.29445,1.29449
2013.03.19 00:05:53.966,1.29444,1.29451
2013.03.19 00:05:54.096,1.29443,1.29451
2013.03.19 00:05:54.216,1.29443,1.29451
2013.03.19 00:05:54.746,1.29443,1.29447
2013.03.19 00:05:57.477,1.29443,1.29447
2013.03.19 00:05:58.168,1.29444,1.29447
2013.03.19 00:06:03.187,1.29443,1.29447
2013.03.19 00:06:03.427,1.29442,1.29446
2013.03.19 00:06:03.727,1.29437,1.29445
2013.03.19 00:06:03.906,1.29437,1.29445
2013.03.19 00:06:09.807,1.29437,1.29443
2013.03.19 00:06:10.346,1.29438,1.29443
2013.03.19 00:06:10.819,1.29438,1.29443
2013.03.19 00:06:11.326,1.29438,1.29444
2013.03.19 00:06:13.066,1.29439,1.29443
2013.03.19 00:06:13.187,1.29438,1.29442
2013.03.19 00:06:13.306,1.29436,1.29442
2013.03.19 00:06:13.608,1.29434,1.2944
2013.03.19 00:06:13.966,1.29434,1.29439
2013.03.19 00:06:14.946,1.29434,1.29438
2013.03.19 00:06:15.467,1.29434,1.29438
2013.03.19 00:06:17.408,1.29434,1.29438
2013.03.19 00:06:17.767,1.29434,1.2944
2013.03.19 00:06:18.896,1.29434,1.29441
2013.03.19 00:06:19.206,1.29436,1.29441
2013.03.19 00:06:19.926,1.29437,1.29442
2013.03.19 00:06:21.277,1.29437,1.29443
2013.03.19 00:06:21.457,1.29435,1.29443
2013.03.19 00:06:21.578,1.29435,1.29439
2013.03.19 00:06:22.470,1.29434,1.29439
2013.03.19 00:06:25.697,1.29436,1.29441
2013.03.19 00:06:25.757,1.29437,1.29441
2013.03.19 00:06:26.308,1.29436,1.29442
2013.03.19 00:06:27.126,1.29436,1.29442
2013.03.19 00:06:28.737,1.29436,1.29441
2013.03.19 00:06:28.918,1.29435,1.29439
2013.03.19 00:06:30.396,1.29434,1.29439
2013.03.19 00:06:31.456,1.29433,1.29439
2013.03.19 00:06:32.358,1.29438,1.29442
2013.03.19 00:06:32.479,1.29438,1.29443
2013.03.19 00:06:32.548,1.29438,1.29444
2013.03.19 00:06:32.607,1.29439,1.29444
2013.03.19 00:06:32.788,1.29442,1.29447
2013.03.19 00:06:33.326,1.29442,1.29448
2013.03.19 00:06:35.089,1.29442,1.29448
2013.03.19 00:06:40.739,1.29442,1.29448
2013.03.19 00:06:41.096,1.2944,1.29445
2013.03.19 00:06:41.710,1.29439,1.29445
2013.03.19 00:06:42.235,1.29439,1.29445
2013.03.19 00:06:42.837,1.29439,1.29445
2013.03.19 00:06:44.566,1.2944,1.29443
2013.03.19 00:06:44.927,1.29438,1.2944
2013.03.19 00:06:45.046,1.2943,1.29438
2013.03.19 00:06:45.107,1.29433,1.29438
2013.03.19 00:06:45.347,1.29429,1.29436
2013.03.19 00:06:45.526,1.29428,1.29435
2013.03.19 00:06:45.827,1.29428,1.29433
2013.03.19 00:06:46.367,1.29427,1.29433
2013.03.19 00:06:48.347,1.29429,1.29435
2013.03.19 00:06:48.706,1.29432,1.2944
2013.03.19 00:06:50.267,1.29432,1.29441
2013.03.19 00:06:50.387,1.29432,1.2944
2013.03.19 00:06:50.687,1.29431,1.29437
2013.03.19 00:06:50.989,1.29429,1.29435
2013.03.19 00:06:51.057,1.29429,1.29434
2013.03.19 00:06:53.256,1.29429,1.29434
2013.03.19 00:07:00.576,1.29428,1.29434
2013.03.19 00:07:07.094,1.29427,1.29434
2013.03.19 00:07:07.637,1.29427,1.29432
2013.03.19 00:07:08.851,1.29427,1.29435
2013.03.19 00:07:11.278,1.29427,1.29435
2013.03.19 00:07:11.814,1.29427,1.29435
2013.03.19 00:07:18.656,1.29425,1.29433
2013.03.19 00:07:23.396,1.29425,1.29433
2013.03.19 00:07:26.947,1.29425,1.29433
2013.03.19 00:07:27.011,1.29425,1.29431
2013.03.19 00:07:27.840,1.29424,1.29431
2013.03.19 00:07:29.928,1.29425,1.29431
2013.03.19 00:07:29.987,1.29424,1.2943
2013.03.19 00:07:31.197,1.29425,1.29431
2013.03.19 00:07:35.788,1.29425,1.29431
2013.03.19 00:07:39.827,1.29424,1.29429
2013.03.19 00:07:40.187,1.29423,1.29428
2013.03.19 00:07:41.783,1.29422,1.29429
2013.03.19 00:07:43.420,1.29421,1.29424
2013.03.19 00:07:43.490,1.29418,1.29423
2013.03.19 00:07:44.168,1.29417,1.29422
2013.03.19 00:07:44.707,1.29417,1.29423
2013.03.19 00:07:47.067,1.29417,1.29423
2013.03.19 00:07:47.308,1.29418,1.29424
2013.03.19 00:07:47.547,1.2942,1.29424
2013.03.19 00:07:47.609,1.2942,1.29424
2013.03.19 00:07:51.259,1.29418,1.29423
2013.03.19 00:07:51.956,1.29418,1.29425
2013.03.19 00:07:52.627,1.29418,1.29423
2013.03.19 00:07:52.883,1.29419,1.29425
2013.03.19 00:07:53.727,1.29419,1.29426
2013.03.19 00:07:57.146,1.29419,1.29424
2013.03.19 00:07:57.206,1.2942,1.29427
2013.03.19 00:07:58.186,1.2942,1.29428
2013.03.19 00:08:04.136,1.29419,1.29426
2013.03.19 00:08:06.407,1.29419,1.29425
2013.03.19 00:08:06.468,1.29418,1.29423
2013.03.19 00:08:17.098,1.29417,1.29423
2013.03.19 00:08:17.837,1.29417,1.29423
2013.03.19 00:08:17.896,1.29415,1.29423
2013.03.19 00:08:19.948,1.29415,1.29421
2013.03.19 00:08:20.267,1.29415,1.29423
2013.03.19 00:08:21.136,1.29415,1.29423
2013.03.19 00:08:21.449,1.29415,1.29423
2013.03.19 00:08:22.140,1.29415,1.29423
2013.03.19 00:08:23.697,1.29417,1.29423
2013.03.19 00:08:23.819,1.29417,1.29425
2013.03.19 00:08:24.176,1.29417,1.29424
2013.03.19 00:08:26.587,1.29417,1.29423
2013.03.19 00:08:26.647,1.29415,1.29421
2013.03.19 00:08:26.709,1.29414,1.29421
2013.03.19 00:08:29.019,1.29413,1.29421
2013.03.19 00:08:32.126,1.29415,1.29422
2013.03.19 00:08:32.246,1.29416,1.29422
2013.03.19 00:08:37.158,1.29415,1.29418
2013.03.19 00:08:37.277,1.29411,1.29419
2013.03.19 00:08:37.697,1.2941,1.29418
2013.03.19 00:08:38.239,1.29411,1.29414
2013.03.19 00:08:38.598,1.29414,1.2942
2013.03.19 00:08:38.778,1.29415,1.29422
2013.03.19 00:08:41.240,1.29415,1.29421
2013.03.19 00:08:41.368,1.29413,1.2942
2013.03.19 00:08:44.530,1.29413,1.29421
2013.03.19 00:08:45.528,1.29413,1.2942
2013.03.19 00:08:46.200,1.29415,1.2942
2013.03.19 00:08:49.264,1.29415,1.29422
2013.03.19 00:08:52.258,1.29416,1.29423
2013.03.19 00:08:52.378,1.29417,1.29422
2013.03.19 00:08:52.928,1.29419,1.29425
2013.03.19 00:08:53.367,1.29419,1.29426
2013.03.19 00:08:53.877,1.2942,1.29425
2013.03.19 00:08:55.049,1.29419,1.29422
2013.03.19 00:08:55.117,1.29419,1.29424
2013.03.19 00:08:55.237,1.29418,1.29424
2013.03.19 00:08:56.016,1.29419,1.29425
2013.03.19 00:08:57.067,1.29419,1.29425
2013.03.19 00:09:01.206,1.29419,1.29425
2013.03.19 00:09:01.506,1.29419,1.29425
2013.03.19 00:09:01.748,1.29416,1.29422
2013.03.19 00:09:01.807,1.29414,1.29422
2013.03.19 00:09:05.237,1.29416,1.29422
2013.03.19 00:09:11.187,1.29416,1.29422
2013.03.19 00:09:12.628,1.29415,1.29422
2013.03.19 00:09:13.166,1.29414,1.29421
2013.03.19 00:09:14.048,1.29414,1.2942
2013.03.19 00:09:14.406,1.29416,1.29423
2013.03.19 00:09:15.007,1.29417,1.29424
2013.03.19 00:09:15.066,1.29417,1.29424
2013.03.19 00:09:15.487,1.29419,1.29424
2013.03.19 00:09:16.027,1.29419,1.29424
2013.03.19 00:09:16.567,1.29419,1.29424
2013.03.19 00:09:18.796,1.29419,1.29425
2013.03.19 00:09:19.347,1.2942,1.29427
2013.03.19 00:09:19.648,1.29424,1.29429
2013.03.19 00:09:20.187,1.29424,1.2943
2013.03.19 00:09:23.767,1.29425,1.2943
2013.03.19 00:09:23.887,1.29423,1.2943
2013.03.19 00:09:25.566,1.29424,1.2943
2013.03.19 00:09:29.496,1.29425,1.29431
2013.03.19 00:09:29.677,1.29424,1.29429
2013.03.19 00:09:30.732,1.29423,1.29427
2013.03.19 00:09:30.978,1.29421,1.29426
2013.03.19 00:09:31.158,1.29419,1.29427
2013.03.19 00:09:31.279,1.29418,1.29424
2013.03.19 00:09:31.820,1.29419,1.29427
2013.03.19 00:09:31.887,1.2942,1.29427
2013.03.19 00:09:33.998,1.29418,1.29425
2013.03.19 00:09:34.537,1.29419,1.29424
2013.03.19 00:09:34.887,1.29418,1.29423
2013.03.19 00:09:34.947,1.29421,1.29427
2013.03.19 00:09:35.367,1.29418,1.29426
2013.03.19 00:09:35.427,1.29418,1.29426
2013.03.19 00:09:35.728,1.29418,1.29425
2013.03.19 00:09:36.037,1.29418,1.29426
2013.03.19 00:09:38.206,1.29418,1.29426
2013.03.19 00:09:38.706,1.2942,1.29426
2013.03.19 00:09:38.886,1.2942,1.29428
2013.03.19 00:09:39.007,1.2942,1.29427
2013.03.19 00:09:39.367,1.29419,1.29423
2013.03.19 00:09:39.487,1.29418,1.29423
2013.03.19 00:09:39.548,1.29415,1.29423
2013.03.19 00:09:39.727,1.29417,1.29423
2013.03.19 00:09:39.967,1.29418,1.29423
2013.03.19 00:09:40.270,1.29418,1.29424
2013.03.19 00:09:40.398,1.29418,1.29424
2013.03.19 00:09:40.697,1.29416,1.29423
2013.03.19 00:09:41.457,1.29415,1.29423
2013.03.19 00:09:42.005,1.29415,1.29422
2013.03.19 00:09:42.247,1.29417,1.29425
2013.03.19 00:09:42.787,1.29417,1.29423
2013.03.19 00:09:42.847,1.29417,1.29425
2013.03.19 00:09:46.075,1.29417,1.29423
2013.03.19 00:09:49.117,1.29417,1.29422
2013.03.19 00:09:49.829,1.29417,1.29423
2013.03.19 00:09:51.498,1.29417,1.29423
2013.03.19 00:09:52.038,1.29415,1.2942
2013.03.19 00:09:52.158,1.29414,1.2942
2013.03.19 00:09:52.337,1.29412,1.29416
2013.03.19 00:09:52.816,1.29408,1.29415
2013.03.19 00:09:52.878,1.29407,1.29412
2013.03.19 00:09:53.237,1.2941,1.29415
2013.03.19 00:09:53.359,1.29411,1.29415
2013.03.19 00:09:53.717,1.29412,1.2942
2013.03.19 00:09:53.776,1.29412,1.2942
2013.03.19 00:09:54.136,1.29412,1.2942
2013.03.19 00:09:55.497,1.29412,1.2942
2013.03.19 00:09:56.039,1.29416,1.29423
2013.03.19 00:09:56.906,1.29415,1.29423
2013.03.19 00:09:58.716,1.29415,1.2942
2013.03.19 00:10:00.898,1.29415,1.29418
2013.03.19 00:10:01.347,1.29415,1.29418
2013.03.19 00:10:01.527,1.29415,1.2942
2013.03.19 00:10:01.977,1.29412,1.29417
2013.03.19 00:10:02.039,1.2941,1.29413
2013.03.19 00:10:02.459,1.29408,1.29413
2013.03.19 00:10:02.767,1.29405,1.29413
2013.03.19 00:10:03.327,1.29404,1.29409
2013.03.19 00:10:03.867,1.29405,1.2941
2013.03.19 00:10:05.338,1.29404,1.29411
2013.03.19 00:10:07.438,1.29405,1.29412
2013.03.19 00:10:07.977,1.29407,1.29413
2013.03.19 00:10:08.509,1.29407,1.29412
2013.03.19 00:10:09.137,1.29405,1.29413
2013.03.19 00:10:10.057,1.29406,1.29413
2013.03.19 00:10:13.876,1.29407,1.29413
2013.03.19 00:10:14.715,1.29408,1.29414
2013.03.19 00:10:15.528,1.29406,1.29413
2013.03.19 00:10:15.767,1.29406,1.29413
2013.03.19 00:10:15.947,1.29407,1.29413
2013.03.19 00:10:17.316,1.29406,1.29413
2013.03.19 00:10:17.739,1.29407,1.29412
2013.03.19 00:10:17.979,1.29409,1.29414
2013.03.19 00:10:18.169,1.29407,1.29414
2013.03.19 00:10:18.297,1.29405,1.29414
2013.03.19 00:10:21.110,1.29403,1.29407
2013.03.19 00:10:21.178,1.29401,1.29407
2013.03.19 00:10:21.237,1.29401,1.29407
2013.03.19 00:10:21.539,1.294,1.29406
2013.03.19 00:10:21.598,1.29402,1.29406
2013.03.19 00:10:21.779,1.29401,1.29406
2013.03.19 00:10:21.898,1.29401,1.29408
2013.03.19 00:10:22.317,1.29398,1.29407
2013.03.19 00:10:22.837,1.29398,1.29405
2013.03.19 00:10:23.318,1.29397,1.29405
2013.03.19 00:10:23.850,1.294,1.29405
2013.03.19 00:10:24.038,1.29401,1.29408
2013.03.19 00:10:24.097,1.29402,1.29408
2013.03.19 00:10:24.518,1.29405,1.29413
2013.03.19 00:10:24.578,1.29407,1.29414
2013.03.19 00:10:25.118,1.29408,1.29413
2013.03.19 00:10:25.476,1.29408,1.29415
2013.03.19 00:10:25.947,1.29407,1.29413
2013.03.19 00:10:26.803,1.29407,1.29411
2013.03.19 00:10:26.987,1.29405,1.29408
2013.03.19 00:10:27.047,1.29403,1.29408
2013.03.19 00:10:27.107,1.29403,1.29408
2013.03.19 00:10:27.843,1.29398,1.29406
2013.03.19 00:10:27.930,1.29398,1.29404
2013.03.19 00:10:28.465,1.29398,1.29404
2013.03.19 00:10:29.937,1.29397,1.29404
2013.03.19 00:10:30.656,1.29397,1.29405
2013.03.19 00:10:31.157,1.29397,1.29403
2013.03.19 00:10:31.696,1.29397,1.29405
2013.03.19 00:10:32.308,1.29397,1.29403
2013.03.19 00:10:36.117,1.29397,1.29403
2013.03.19 00:10:37.507,1.29397,1.29403
2013.03.19 00:10:39.866,1.29397,1.29404
2013.03.19 00:10:40.988,1.29398,1.29404
2013.03.19 00:10:46.840,1.294,1.29404
2013.03.19 00:10:46.907,1.29399,1.29404
2013.03.19 00:10:47.421,1.29396,1.29404
2013.03.19 00:10:47.907,1.29396,1.29404
2013.03.19 00:10:48.462,1.29396,1.29404
2013.03.19 00:10:50.756,1.29396,1.29404
2013.03.19 00:10:51.137,1.29394,1.29402
2013.03.19 00:10:53.857,1.29395,1.29402
2013.03.19 00:10:54.519,1.29395,1.29403
2013.03.19 00:10:54.827,1.29398,1.29405
2013.03.19 00:10:54.889,1.29398,1.29405
2013.03.19 00:10:55.246,1.29397,1.29405
2013.03.19 00:10:55.547,1.29398,1.29405
2013.03.19 00:10:56.148,1.29398,1.29405
2013.03.19 00:10:58.767,1.29396,1.29401
2013.03.19 00:10:58.829,1.29395,1.294
2013.03.19 00:10:58.948,1.29392,1.29399
2013.03.19 00:10:59.008,1.29393,1.29399
2013.03.19 00:10:59.310,1.29394,1.29402
2013.03.19 00:10:59.821,1.29396,1.29404
2013.03.19 00:11:00.346,1.29396,1.29404
2013.03.19 00:11:01.203,1.29396,1.29405
2013.03.19 00:11:02.151,1.29396,1.29405
2013.03.19 00:11:03.305,1.29391,1.29399
2013.03.19 00:11:03.458,1.29394,1.29401
2013.03.19 00:11:03.578,1.29396,1.29403
2013.03.19 00:11:04.069,1.29396,1.29404
2013.03.19 00:11:06.009,1.29395,1.29404
2013.03.19 00:11:06.129,1.29394,1.29401
2013.03.19 00:11:06.247,1.29392,1.29401
2013.03.19 00:11:06.607,1.29392,1.29401
2013.03.19 00:11:07.138,1.29392,1.294
2013.03.19 00:11:07.678,1.29392,1.29399
2013.03.19 00:11:08.679,1.29391,1.29398
2013.03.19 00:11:08.807,1.29392,1.29399
2013.03.19 00:11:09.334,1.29392,1.29399
2013.03.19 00:11:11.690,1.29392,1.29399
2013.03.19 00:11:14.797,1.29393,1.294
2013.03.19 00:11:15.487,1.29395,1.29403
2013.03.19 00:11:18.589,1.29397,1.29403
2013.03.19 00:11:19.137,1.29395,1.29403
2013.03.19 00:11:23.067,1.29396,1.29402
2013.03.19 00:11:28.877,1.29395,1.29402
2013.03.19 00:11:30.376,1.29397,1.29402
2013.03.19 00:11:30.441,1.29399,1.29403
2013.03.19 00:11:30.568,1.294,1.29406
2013.03.19 00:11:30.750,1.29402,1.2941
2013.03.19 00:11:30.818,1.29404,1.29412
2013.03.19 00:11:31.182,1.29405,1.29412
2013.03.19 00:11:31.487,1.29404,1.29412
2013.03.19 00:11:31.997,1.29403,1.29412
2013.03.19 00:11:34.888,1.29403,1.2941
2013.03.19 00:11:34.948,1.29401,1.29406
2013.03.19 00:11:35.068,1.29398,1.29406
2013.03.19 00:11:35.308,1.29397,1.29402
2013.03.19 00:11:35.438,1.29395,1.29402
2013.03.19 00:11:35.498,1.29396,1.29401
2013.03.19 00:11:36.710,1.29397,1.29401
2013.03.19 00:11:37.635,1.29394,1.29402
2013.03.19 00:11:37.960,1.29394,1.294
2013.03.19 00:11:40.101,1.29393,1.29399
2013.03.19 00:11:40.167,1.29392,1.29398
2013.03.19 00:11:41.698,1.29388,1.294
2013.03.19 00:11:41.888,1.29383,1.29391
2013.03.19 00:11:45.838,1.29384,1.29391
2013.03.19 00:11:46.957,1.29382,1.29392
2013.03.19 00:11:51.521,1.29382,1.29391
2013.03.19 00:11:51.721,1.29382,1.2939
2013.03.19 00:11:51.849,1.29379,1.29385
2013.03.19 00:11:51.978,1.29377,1.29385
2013.03.19 00:11:52.038,1.29375,1.29383
2013.03.19 00:11:52.457,1.29377,1.29384
2013.03.19 00:11:52.517,1.29377,1.29384
2013.03.19 00:11:53.417,1.29379,1.29386
2013.03.19 00:11:54.070,1.29379,1.29386
2013.03.19 00:11:55.008,1.29377,1.29383
2013.03.19 00:11:55.589,1.29376,1.29381
2013.03.19 00:11:57.027,1.29377,1.29383
2013.03.19 00:11:57.270,1.2937,1.2938
2013.03.19 00:11:57.397,1.29372,1.29378
2013.03.19 00:11:57.458,1.29372,1.29378
2013.03.19 00:11:57.578,1.29373,1.29379
2013.03.19 00:11:57.818,1.29371,1.29375
2013.03.19 00:11:57.938,1.29371,1.29375
2013.03.19 00:11:58.488,1.29369,1.29373
2013.03.19 00:11:59.330,1.29369,1.29375
2013.03.19 00:11:59.878,1.29368,1.29374
2013.03.19 00:12:00.368,1.29368,1.29375
2013.03.19 00:12:00.427,1.29369,1.29375
2013.03.19 00:12:01.919,1.29369,1.29374
2013.03.19 00:12:02.200,1.29369,1.29374
2013.03.19 00:12:03.787,1.29369,1.29375
2013.03.19 00:12:04.377,1.2937,1.29376
2013.03.19 00:12:10.928,1.29369,1.29375
2013.03.19 00:12:15.051,1.29365,1.2937
2013.03.19 00:12:15.120,1.29366,1.29369
2013.03.19 00:12:15.188,1.2936,1.29368
2013.03.19 00:12:15.610,1.29362,1.29369
2013.03.19 00:12:15.977,1.29363,1.29371
2013.03.19 00:12:16.217,1.29364,1.29371
2013.03.19 00:12:17.028,1.29366,1.29371
2013.03.19 00:12:17.577,1.29364,1.29371
2013.03.19 00:12:18.087,1.29363,1.29371
2013.03.19 00:12:19.898,1.29366,1.29372
2013.03.19 00:12:20.508,1.29363,1.29369
2013.03.19 00:12:20.629,1.2936,1.29366
2013.03.19 00:12:21.357,1.29359,1.29364
2013.03.19 00:12:22.137,1.29358,1.29366
2013.03.19 00:12:22.471,1.29358,1.29364
2013.03.19 00:12:27.270,1.29358,1.29365
2013.03.19 00:12:27.817,1.29358,1.29365
2013.03.19 00:12:28.359,1.29358,1.29364
2013.03.19 00:12:30.889,1.2936,1.29368
2013.03.19 00:12:31.128,1.29364,1.29371
2013.03.19 00:12:31.428,1.29366,1.29371
2013.03.19 00:12:31.931,1.29366,1.29371
2013.03.19 00:12:32.057,1.29367,1.29373
2013.03.19 00:12:34.487,1.29367,1.29373
2013.03.19 00:12:36.058,1.29366,1.29373
2013.03.19 00:12:38.488,1.29366,1.29373
2013.03.19 00:12:38.676,1.29366,1.29373
2013.03.19 00:12:40.197,1.29367,1.29373
2013.03.19 00:12:40.980,1.29369,1.29376
2013.03.19 00:12:42.819,1.29371,1.29377
2013.03.19 00:12:42.960,1.29373,1.29379
2013.03.19 00:12:43.033,1.29376,1.2938
2013.03.19 00:12:43.102,1.29376,1.29383
2013.03.19 00:12:43.467,1.29377,1.29383
2013.03.19 00:12:44.009,1.29375,1.29382
2013.03.19 00:12:44.199,1.29374,1.2938
2013.03.19 00:12:44.558,1.29372,1.29378
2013.03.19 00:12:45.098,1.29372,1.29378
2013.03.19 00:12:45.691,1.2937,1.29377
2013.03.19 00:12:46.348,1.29372,1.29378
2013.03.19 00:12:49.929,1.29372,1.29378
2013.03.19 00:12:50.459,1.29373,1.29378
2013.03.19 00:12:50.518,1.29375,1.2938
2013.03.19 00:12:50.758,1.29374,1.2938
2013.03.19 00:12:51.478,1.29373,1.29379
2013.03.19 00:12:51.837,1.29371,1.29378
2013.03.19 00:12:52.017,1.2937,1.29376
2013.03.19 00:12:52.557,1.29369,1.29375
2013.03.19 00:12:52.799,1.29368,1.29375
2013.03.19 00:12:53.782,1.29368,1.29373
2013.03.19 00:12:54.697,1.29368,1.29374
2013.03.19 00:12:56.782,1.29368,1.29374
2013.03.19 00:13:05.772,1.29368,1.29376
2013.03.19 00:13:06.117,1.29374,1.2938
2013.03.19 00:13:08.008,1.29375,1.29381
2013.03.19 00:13:08.368,1.29368,1.29374
2013.03.19 00:13:08.428,1.29368,1.29376
2013.03.19 00:13:09.438,1.29367,1.29374
2013.03.19 00:13:09.989,1.29368,1.29375
2013.03.19 00:13:10.517,1.29368,1.29375
2013.03.19 00:13:11.747,1.29368,1.29375
2013.03.19 00:13:12.318,1.29367,1.29373
2013.03.19 00:13:12.738,1.29365,1.29371
2013.03.19 00:13:13.457,1.29362,1.2937
2013.03.19 00:13:13.779,1.29362,1.29366
2013.03.19 00:13:13.897,1.29363,1.29369
2013.03.19 00:13:14.017,1.29364,1.29369
2013.03.19 00:13:14.078,1.29364,1.2937
2013.03.19 00:13:14.197,1.29364,1.29371
2013.03.19 00:13:14.378,1.29366,1.29372
2013.03.19 00:13:15.357,1.29366,1.29373
2013.03.19 00:13:17.003,1.29366,1.29373
2013.03.19 00:13:17.249,1.29369,1.29374
2013.03.19 00:13:17.308,1.29371,1.29377
2013.03.19 00:13:17.430,1.29372,1.29377
2013.03.19 00:13:17.619,1.29374,1.2938
2013.03.19 00:13:17.738,1.29376,1.29382
2013.03.19 00:13:17.917,1.29376,1.29382
2013.03.19 00:13:18.277,1.29374,1.2938
2013.03.19 00:13:18.338,1.29373,1.29379
2013.03.19 00:13:18.521,1.29372,1.29378
2013.03.19 00:13:18.769,1.29374,1.2938
2013.03.19 00:13:18.948,1.29375,1.29381
2013.03.19 00:13:19.008,1.29376,1.29383
2013.03.19 00:13:19.069,1.29377,1.29383
2013.03.19 00:13:19.617,1.29377,1.29382
2013.03.19 00:13:19.747,1.29377,1.29383
2013.03.19 00:13:20.887,1.29377,1.29383
2013.03.19 00:13:21.620,1.29379,1.29383
2013.03.19 00:13:21.809,1.29383,1.29388
2013.03.19 00:13:21.987,1.29384,1.2939
2013.03.19 00:13:22.047,1.29384,1.2939
2013.03.19 00:13:22.231,1.2938,1.29388
2013.03.19 00:13:22.298,1.29379,1.29385
2013.03.19 00:13:22.718,1.2938,1.29386
2013.03.19 00:13:23.018,1.2938,1.29385
2013.03.19 00:13:23.558,1.29377,1.29385
2013.03.19 00:13:24.187,1.29379,1.29385
2013.03.19 00:13:24.248,1.29382,1.29386
2013.03.19 00:13:24.428,1.29383,1.2939
2013.03.19 00:13:24.787,1.29385,1.29391
2013.03.19 00:13:25.208,1.29385,1.2939
2013.03.19 00:13:26.665,1.29384,1.2939
2013.03.19 00:13:27.197,1.29384,1.2939
2013.03.19 00:13:30.557,1.29384,1.29391
2013.03.19 00:13:30.797,1.29385,1.29391
2013.03.19 00:13:31.098,1.29386,1.2939
2013.03.19 00:13:31.518,1.29384,1.29389
2013.03.19 00:13:32.408,1.29383,1.29387
2013.03.19 00:13:32.588,1.29377,1.29384
2013.03.19 00:13:33.707,1.29378,1.29384
2013.03.19 00:13:34.248,1.29379,1.29385
2013.03.19 00:13:37.307,1.29378,1.29385
2013.03.19 00:13:37.829,1.29379,1.29385
2013.03.19 00:13:38.199,1.29379,1.29382
2013.03.19 00:13:38.499,1.29372,1.29379
2013.03.19 00:13:38.564,1.29371,1.29378
2013.03.19 00:13:38.809,1.2937,1.29377
2013.03.19 00:13:39.347,1.2937,1.29376
2013.03.19 00:13:40.258,1.2937,1.29376
2013.03.19 00:13:40.798,1.2937,1.29375
2013.03.19 00:13:43.498,1.29369,1.29375
2013.03.19 00:13:44.291,1.29368,1.29375
2013.03.19 00:13:45.917,1.29369,1.29375
2013.03.19 00:13:46.277,1.29369,1.29375
2013.03.19 00:13:46.840,1.29369,1.29375
2013.03.19 00:13:47.199,1.29367,1.29373
2013.03.19 00:13:47.558,1.29364,1.29371
2013.03.19 00:13:47.919,1.29362,1.29367
2013.03.19 00:13:48.108,1.29359,1.29367
2013.03.19 00:13:48.648,1.2936,1.29367
2013.03.19 00:13:48.827,1.2936,1.29367
2013.03.19 00:13:49.067,1.2936,1.29367
2013.03.19 00:13:49.977,1.2936,1.29367
2013.03.19 00:13:50.827,1.2936,1.29367
2013.03.19 00:13:51.007,1.29361,1.29367
2013.03.19 00:13:51.248,1.29362,1.29368
2013.03.19 00:13:51.368,1.29364,1.2937
2013.03.19 00:13:51.728,1.29366,1.29372
2013.03.19 00:13:52.269,1.29367,1.29372
2013.03.19 00:13:52.779,1.29367,1.29373
2013.03.19 00:13:52.958,1.2937,1.29374
2013.03.19 00:13:53.500,1.2937,1.29374
2013.03.19 00:13:54.058,1.29368,1.29373
2013.03.19 00:13:54.177,1.29368,1.29373
2013.03.19 00:13:54.297,1.29367,1.29373
2013.03.19 00:13:54.808,1.29366,1.29372
2013.03.19 00:13:55.257,1.29365,1.29371
2013.03.19 00:13:55.558,1.29363,1.29368
2013.03.19 00:13:57.447,1.29365,1.29367
2013.03.19 00:13:58.149,1.29362,1.29367
2013.03.19 00:13:58.209,1.29362,1.29366
2013.03.19 00:13:58.268,1.29358,1.29364
2013.03.19 00:13:58.910,1.29358,1.29364
2013.03.19 00:13:59.569,1.2936,1.29366
2013.03.19 00:14:00.087,1.29361,1.29367
2013.03.19 00:14:02.647,1.29361,1.29365
2013.03.19 00:14:02.769,1.2936,1.29363
2013.03.19 00:14:03.127,1.29352,1.29362
2013.03.19 00:14:03.509,1.29356,1.29362
2013.03.19 00:14:04.101,1.29357,1.29363
2013.03.19 00:14:04.750,1.29358,1.29363
2013.03.19 00:14:05.185,1.29361,1.29366
2013.03.19 00:14:05.328,1.29362,1.29368
2013.03.19 00:14:05.389,1.29363,1.29369
2013.03.19 00:14:05.808,1.29365,1.29372
2013.03.19 00:14:13.702,1.29365,1.29372
2013.03.19 00:14:13.831,1.29369,1.29372
2013.03.19 00:14:14.018,1.2937,1.29377
2013.03.19 00:14:14.138,1.29372,1.29377
2013.03.19 00:14:14.498,1.29375,1.29383
2013.03.19 00:14:14.918,1.29377,1.29384
2013.03.19 00:14:15.407,1.29379,1.29383
2013.03.19 00:14:15.647,1.29379,1.29385
2013.03.19 00:14:20.487,1.29381,1.29387
2013.03.19 00:14:22.598,1.29382,1.29387
2013.03.19 00:14:23.579,1.2938,1.29385
2013.03.19 00:14:24.437,1.2938,1.29386
2013.03.19 00:14:25.670,1.2938,1.29386
2013.03.19 00:14:26.290,1.2938,1.29388
2013.03.19 00:14:27.397,1.2938,1.29388
2013.03.19 00:14:29.967,1.2938,1.29388
2013.03.19 00:14:30.269,1.29377,1.29384
2013.03.19 00:14:30.329,1.29377,1.29383
2013.03.19 00:14:30.458,1.29374,1.29383
2013.03.19 00:14:30.577,1.29374,1.29382
2013.03.19 00:14:31.118,1.29372,1.2938
2013.03.19 00:14:31.239,1.29371,1.29378
2013.03.19 00:14:31.359,1.29369,1.29376
2013.03.19 00:14:31.788,1.29368,1.29375
2013.03.19 00:14:32.447,1.29368,1.29375
2013.03.19 00:14:33.008,1.29368,1.29375
2013.03.19 00:14:33.958,1.29368,1.29375
2013.03.19 00:14:34.157,1.2937,1.29376
2013.03.19 00:14:41.449,1.2937,1.29376
2013.03.19 00:14:41.987,1.2937,1.29376
2013.03.19 00:14:43.308,1.29371,1.29376
2013.03.19 00:14:43.608,1.29373,1.2938
2013.03.19 00:14:43.668,1.29373,1.29382
2013.03.19 00:14:43.789,1.29374,1.29383
2013.03.19 00:14:44.147,1.29379,1.29384
2013.03.19 00:14:54.439,1.29379,1.29385
2013.03.19 00:14:54.799,1.29383,1.29389
2013.03.19 00:14:54.918,1.29382,1.29388
2013.03.19 00:14:55.039,1.2938,1.29387
2013.03.19 00:14:55.338,1.29377,1.29385
2013.03.19 00:14:55.877,1.29378,1.29384
2013.03.19 00:14:59.237,1.29378,1.29384
2013.03.19 00:14:59.885,1.29378,1.29385
2013.03.19 00:15:00.388,1.29378,1.29384
2013.03.19 00:15:01.027,1.29378,1.29383
2013.03.19 00:15:01.777,1.29377,1.29383
2013.03.19 00:15:01.851,1.29377,1.29383
2013.03.19 00:15:03.700,1.29382,1.29384
2013.03.19 00:15:03.760,1.29382,1.29388
2013.03.19 00:15:04.068,1.29382,1.29389
2013.03.19 00:15:04.247,1.29382,1.29388
2013.03.19 00:15:04.487,1.29382,1.29388
2013.03.19 00:15:05.058,1.29383,1.29388
2013.03.19 00:15:06.258,1.29383,1.29389
2013.03.19 00:15:06.497,1.29386,1.29392
2013.03.19 00:15:06.678,1.29388,1.29393
2013.03.19 00:15:06.862,1.29388,1.29394
2013.03.19 00:15:07.288,1.29391,1.29396
2013.03.19 00:15:07.411,1.29391,1.29396
2013.03.19 00:15:07.479,1.29393,1.29396
2013.03.19 00:15:07.608,1.29393,1.29397
2013.03.19 00:15:07.848,1.29394,1.29402
2013.03.19 00:15:07.970,1.29395,1.29402
2013.03.19 00:15:08.039,1.29396,1.29402
2013.03.19 00:15:08.158,1.29398,1.29403
2013.03.19 00:15:08.518,1.294,1.29405
2013.03.19 00:15:08.637,1.294,1.29406
2013.03.19 00:15:10.347,1.294,1.29406
2013.03.19 00:15:11.118,1.294,1.29407
2013.03.19 00:15:11.298,1.29402,1.29408
2013.03.19 00:15:11.540,1.29404,1.29409
2013.03.19 00:15:11.788,1.29405,1.29412
2013.03.19 00:15:12.470,1.29406,1.29412
2013.03.19 00:15:13.008,1.29407,1.29414
2013.03.19 00:15:13.187,1.29409,1.29414
2013.03.19 00:15:13.548,1.2941,1.29415
2013.03.19 00:15:13.790,1.29411,1.29417
2013.03.19 00:15:14.159,1.29412,1.29418
2013.03.19 00:15:14.519,1.29414,1.29418
2013.03.19 00:15:15.363,1.29416,1.29423
2013.03.19 00:15:15.906,1.29419,1.29424
2013.03.19 00:15:23.848,1.29419,1.29424
2013.03.19 00:15:24.090,1.2942,1.29425
2013.03.19 00:15:25.117,1.29419,1.29424
2013.03.19 00:15:25.628,1.29419,1.29424
2013.03.19 00:15:25.939,1.29417,1.29422
2013.03.19 00:15:25.998,1.29417,1.29422
2013.03.19 00:15:26.058,1.29417,1.29422
2013.03.19 00:15:26.239,1.29414,1.29418
2013.03.19 00:15:26.537,1.29413,1.29418
2013.03.19 00:15:26.777,1.29413,1.29418
2013.03.19 00:15:27.317,1.29412,1.29418
2013.03.19 00:15:28.378,1.29413,1.29418
2013.03.19 00:15:28.620,1.29412,1.29418
2013.03.19 00:15:28.858,1.29418,1.29426
2013.03.19 00:15:28.919,1.29419,1.29426
2013.03.19 00:15:29.340,1.29424,1.29428
2013.03.19 00:15:30.668,1.29425,1.2943
2013.03.19 00:15:30.733,1.29429,1.29431
2013.03.19 00:15:30.803,1.29429,1.29435
2013.03.19 00:15:30.871,1.29429,1.29437
2013.03.19 00:15:30.998,1.29429,1.29437
2013.03.19 00:15:31.119,1.29432,1.29437
2013.03.19 00:15:32.748,1.29431,1.29437
2013.03.19 00:15:33.289,1.29429,1.29435
2013.03.19 00:15:33.408,1.29428,1.29433
2013.03.19 00:15:33.948,1.29426,1.29432
2013.03.19 00:15:34.828,1.29426,1.29432
2013.03.19 00:15:35.188,1.29424,1.29428
2013.03.19 00:15:35.368,1.29423,1.29427
2013.03.19 00:15:35.848,1.29423,1.29429
2013.03.19 00:15:36.149,1.29426,1.29431
2013.03.19 00:15:36.268,1.29426,1.29432
2013.03.19 00:15:37.708,1.29426,1.29432
2013.03.19 00:15:38.327,1.29426,1.29432
2013.03.19 00:15:39.728,1.29426,1.29432
2013.03.19 00:15:40.149,1.29427,1.29434
2013.03.19 00:15:40.706,1.29427,1.29434
2013.03.19 00:15:41.504,1.29428,1.29434
2013.03.19 00:15:41.689,1.29427,1.29432
2013.03.19 00:15:42.190,1.29426,1.29432
2013.03.19 00:15:42.828,1.29426,1.29431
2013.03.19 00:15:42.948,1.29425,1.2943
2013.03.19 00:15:43.068,1.29423,1.29428
2013.03.19 00:15:43.607,1.2942,1.29426
2013.03.19 00:15:43.667,1.29421,1.29426
2013.03.19 00:15:44.217,1.29419,1.29426
2013.03.19 00:15:45.201,1.29426,1.29431
2013.03.19 00:15:47.178,1.29426,1.29431
2013.03.19 00:15:47.297,1.29424,1.2943
2013.03.19 00:15:47.417,1.29422,1.29428
2013.03.19 00:15:47.957,1.29422,1.29428
2013.03.19 00:15:48.497,1.29422,1.29427
2013.03.19 00:15:49.021,1.29422,1.29427
2013.03.19 00:15:50.637,1.29421,1.29427
2013.03.19 00:15:51.177,1.2942,1.29425
2013.03.19 00:16:00.629,1.29421,1.29425
2013.03.19 00:16:00.819,1.29416,1.29423
2013.03.19 00:16:01.000,1.29412,1.29418
2013.03.19 00:16:01.069,1.29412,1.29418
2013.03.19 00:16:01.427,1.29407,1.29414
2013.03.19 00:16:01.488,1.29407,1.29414
2013.03.19 00:16:02.458,1.29407,1.29412
2013.03.19 00:16:02.997,1.29405,1.29412
2013.03.19 00:16:04.007,1.29405,1.29411
2013.03.19 00:16:04.088,1.29407,1.29411
2013.03.19 00:16:04.164,1.29407,1.29412
2013.03.19 00:16:04.408,1.29408,1.29412
2013.03.19 00:16:04.528,1.29413,1.29418
2013.03.19 00:16:04.588,1.29412,1.29418
2013.03.19 00:16:04.768,1.29412,1.29417
2013.03.19 00:16:05.128,1.2941,1.29417
2013.03.19 00:16:05.667,1.2941,1.29417
2013.03.19 00:16:08.118,1.2941,1.29417
2013.03.19 00:16:09.299,1.2941,1.29417
2013.03.19 00:16:10.179,1.2941,1.29416
2013.03.19 00:16:10.419,1.29406,1.29413
2013.03.19 00:16:10.478,1.29406,1.29411
2013.03.19 00:16:10.659,1.29403,1.29411
2013.03.19 00:16:10.837,1.29402,1.2941
2013.03.19 00:16:10.898,1.29402,1.29409
2013.03.19 00:16:11.259,1.29403,1.29409
2013.03.19 00:16:11.869,1.29404,1.29409
2013.03.19 00:16:12.729,1.29404,1.29411
2013.03.19 00:16:13.268,1.29406,1.29411
2013.03.19 00:16:14.010,1.29406,1.29411
2013.03.19 00:16:14.801,1.29406,1.29413
2013.03.19 00:16:15.387,1.29406,1.29411
2013.03.19 00:16:17.807,1.29404,1.2941
2013.03.19 00:16:17.868,1.29404,1.2941
2013.03.19 00:16:17.989,1.29402,1.29407
2013.03.19 00:16:18.048,1.29402,1.29407
2013.03.19 00:16:18.109,1.29399,1.29406
2013.03.19 00:16:18.169,1.29398,1.29404
2013.03.19 00:16:18.288,1.29394,1.29402
2013.03.19 00:16:18.709,1.29395,1.29401
2013.03.19 00:16:19.010,1.29395,1.29403
2013.03.19 00:16:19.078,1.294,1.29403
2013.03.19 00:16:19.198,1.29403,1.29407
2013.03.19 00:16:19.320,1.29404,1.2941
2013.03.19 00:16:19.454,1.29406,1.2941
2013.03.19 00:16:19.578,1.29405,1.29413
2013.03.19 00:16:19.639,1.29405,1.29413
2013.03.19 00:16:19.699,1.29407,1.29413
2013.03.19 00:16:20.178,1.29406,1.29412
2013.03.19 00:16:20.945,1.29408,1.29413
2013.03.19 00:16:21.079,1.29411,1.29415
2013.03.19 00:16:21.198,1.29414,1.29419
2013.03.19 00:16:21.259,1.29416,1.29421
2013.03.19 00:16:21.438,1.29417,1.29422
2013.03.19 00:16:21.918,1.29419,1.29422
2013.03.19 00:16:22.519,1.29419,1.29424
2013.03.19 00:16:23.903,1.29422,1.29424
2013.03.19 00:16:24.038,1.29422,1.29429
2013.03.19 00:16:24.098,1.29426,1.2943
2013.03.19 00:16:24.458,1.29426,1.29431
2013.03.19 00:16:24.699,1.29429,1.29433
2013.03.19 00:16:25.247,1.29429,1.29434
2013.03.19 00:16:25.910,1.29429,1.29435
2013.03.19 00:16:27.538,1.29429,1.29436
2013.03.19 00:16:28.570,1.29429,1.29435
2013.03.19 00:16:29.859,1.2943,1.29437
2013.03.19 00:16:30.658,1.2943,1.29437
2013.03.19 00:16:31.328,1.2943,1.29437
2013.03.19 00:16:31.687,1.29428,1.29434
2013.03.19 00:16:37.010,1.2943,1.29435
2013.03.19 00:16:37.200,1.29431,1.29437
2013.03.19 00:16:39.348,1.2943,1.29437
2013.03.19 00:16:45.018,1.2943,1.29436
2013.03.19 00:16:45.379,1.29435,1.29441
2013.03.19 00:16:46.074,1.29431,1.29437
2013.03.19 00:16:47.239,1.29431,1.29437
2013.03.19 00:16:47.788,1.29431,1.29437
2013.03.19 00:16:48.487,1.29431,1.29437
2013.03.19 00:16:51.659,1.29432,1.29437
2013.03.19 00:16:52.438,1.29429,1.29436
2013.03.19 00:16:53.008,1.29429,1.29436
2013.03.19 00:16:53.501,1.29431,1.29436
2013.03.19 00:16:56.000,1.29431,1.29436
2013.03.19 00:16:57.618,1.29431,1.29434
2013.03.19 00:16:57.679,1.29425,1.29433
2013.03.19 00:16:57.918,1.29426,1.2943
2013.03.19 00:17:01.082,1.29427,1.29432
2013.03.19 00:17:01.567,1.29427,1.29432
2013.03.19 00:17:02.288,1.29427,1.29433
2013.03.19 00:17:02.847,1.29426,1.29433
2013.03.19 00:17:05.669,1.29428,1.29434
2013.03.19 00:17:05.969,1.29431,1.29435
2013.03.19 00:17:06.089,1.29432,1.29437
2013.03.19 00:17:06.449,1.29433,1.29438
2013.03.19 00:17:06.811,1.29435,1.29443
2013.03.19 00:17:07.057,1.29437,1.29443
2013.03.19 00:17:07.867,1.29438,1.29443
2013.03.19 00:17:08.228,1.29437,1.29441
2013.03.19 00:17:08.288,1.29437,1.29441
2013.03.19 00:17:08.528,1.29433,1.29439
2013.03.19 00:17:09.129,1.29429,1.29435
2013.03.19 00:17:09.269,1.29428,1.29436
2013.03.19 00:17:10.030,1.29429,1.29436
2013.03.19 00:17:22.468,1.2943,1.29437
2013.03.19 00:17:24.757,1.29431,1.29437
2013.03.19 00:17:25.278,1.29431,1.29436
2013.03.19 00:17:27.348,1.29429,1.29433
2013.03.19 00:17:27.887,1.29427,1.29432
2013.03.19 00:17:27.948,1.29425,1.29431
2013.03.19 00:17:28.131,1.29425,1.2943
2013.03.19 00:17:28.439,1.29421,1.29428
2013.03.19 00:17:28.500,1.29421,1.29426
2013.03.19 00:17:28.919,1.29423,1.2943
2013.03.19 00:17:28.979,1.29424,1.2943
2013.03.19 00:17:30.367,1.29425,1.29431
2013.03.19 00:17:30.488,1.29428,1.29433
2013.03.19 00:17:30.747,1.29428,1.29434
2013.03.19 00:17:31.287,1.2943,1.29434
2013.03.19 00:17:32.589,1.2943,1.29434
2013.03.19 00:17:32.768,1.29432,1.29438
2013.03.19 00:17:33.327,1.29432,1.29438
2013.03.19 00:17:33.447,1.29431,1.29438
2013.03.19 00:17:33.858,1.29432,1.29438
2013.03.19 00:17:34.597,1.29433,1.29438
2013.03.19 00:17:36.948,1.29433,1.29437
2013.03.19 00:17:37.190,1.29429,1.29436
2013.03.19 00:17:37.259,1.2943,1.29437
2013.03.19 00:17:37.438,1.2943,1.29436
2013.03.19 00:17:38.127,1.2943,1.29436
2013.03.19 00:17:43.763,1.2943,1.29436
2013.03.19 00:17:43.900,1.29433,1.29438
2013.03.19 00:17:44.044,1.29434,1.29441
2013.03.19 00:17:44.117,1.29437,1.29442
2013.03.19 00:17:44.248,1.29439,1.29448
2013.03.19 00:17:44.547,1.2944,1.29448
2013.03.19 00:17:45.097,1.29441,1.29448
2013.03.19 00:17:47.164,1.29442,1.29448
2013.03.19 00:17:48.498,1.2944,1.29447
2013.03.19 00:17:48.620,1.29441,1.29446
2013.03.19 00:17:48.809,1.29442,1.29447
2013.03.19 00:17:49.109,1.29447,1.29453
2013.03.19 00:17:49.648,1.2945,1.29453
2013.03.19 00:17:50.268,1.29447,1.29453
2013.03.19 00:17:50.329,1.29445,1.29451
2013.03.19 00:17:50.519,1.29442,1.2945
2013.03.19 00:17:50.817,1.29439,1.29446
2013.03.19 00:17:51.357,1.29438,1.29446
2013.03.19 00:17:54.600,1.29439,1.29446
2013.03.19 00:17:54.908,1.29439,1.29446
2013.03.19 00:17:55.447,1.29441,1.29447
2013.03.19 00:17:55.769,1.29441,1.29448
2013.03.19 00:17:56.308,1.29442,1.29448
2013.03.19 00:17:58.218,1.29442,1.29449
2013.03.19 00:17:58.278,1.29444,1.2945
2013.03.19 00:17:58.458,1.29447,1.29454
2013.03.19 00:17:58.998,1.29448,1.29453
2013.03.19 00:17:59.237,1.29447,1.29453
2013.03.19 00:18:00.578,1.29445,1.2945
2013.03.19 00:18:00.820,1.29441,1.29447
2013.03.19 00:18:01.368,1.29441,1.29446
2013.03.19 00:18:02.688,1.29441,1.29446
2013.03.19 00:18:07.117,1.29441,1.29445
2013.03.19 00:18:09.467,1.29443,1.29448
2013.03.19 00:18:09.600,1.29443,1.29447
2013.03.19 00:18:09.898,1.29443,1.29448
2013.03.19 00:18:09.961,1.29442,1.29446
2013.03.19 00:18:10.148,1.29441,1.29445
2013.03.19 00:18:10.687,1.29439,1.29445
2013.03.19 00:18:15.748,1.29439,1.29444
2013.03.19 00:18:16.130,1.29438,1.29444
2013.03.19 00:18:16.687,1.29438,1.29444
2013.03.19 00:18:18.868,1.29437,1.29443
2013.03.19 00:18:19.169,1.29436,1.2944
2013.03.19 00:18:19.289,1.29433,1.2944
2013.03.19 00:18:19.411,1.29432,1.29438
2013.03.19 00:18:19.717,1.29431,1.29436
2013.03.19 00:18:20.257,1.29431,1.29437
2013.03.19 00:18:20.797,1.29431,1.29438
2013.03.19 00:18:21.098,1.2943,1.29438
2013.03.19 00:18:21.278,1.2943,1.29435
2013.03.19 00:18:24.548,1.29429,1.29434
2013.03.19 00:18:26.298,1.29429,1.29435
2013.03.19 00:18:26.838,1.29429,1.29436
2013.03.19 00:18:28.408,1.29431,1.29438
2013.03.19 00:18:28.649,1.29434,1.2944
2013.03.19 00:18:28.710,1.29435,1.29441
2013.03.19 00:18:29.257,1.29435,1.29443
2013.03.19 00:18:30.010,1.29435,1.29443
2013.03.19 00:18:33.238,1.29437,1.29443
2013.03.19 00:18:33.298,1.29437,1.29445
2013.03.19 00:18:33.708,1.29437,1.29445
2013.03.19 00:18:38.061,1.29439,1.29445
2013.03.19 00:18:38.128,1.29439,1.29446
2013.03.19 00:18:38.668,1.29441,1.29447
2013.03.19 00:18:39.207,1.29441,1.29448
2013.03.19 00:18:39.971,1.29442,1.29449
2013.03.19 00:18:40.039,1.29442,1.29449
2013.03.19 00:18:40.157,1.29443,1.2945
2013.03.19 00:18:40.217,1.29443,1.2945
2013.03.19 00:18:40.758,1.29445,1.2945
2013.03.19 00:18:40.819,1.29445,1.2945
2013.03.19 00:18:41.009,1.29443,1.29448
2013.03.19 00:18:41.898,1.29443,1.29449
2013.03.19 00:18:42.470,1.29443,1.29449
2013.03.19 00:18:43.208,1.29441,1.29448
2013.03.19 00:18:43.328,1.29441,1.29446
2013.03.19 00:18:43.868,1.2944,1.29446
2013.03.19 00:18:46.598,1.29438,1.29445
2013.03.19 00:18:46.659,1.29437,1.29444
2013.03.19 00:18:47.198,1.29437,1.29443
2013.03.19 00:18:48.898,1.29435,1.29441
2013.03.19 00:18:49.199,1.29433,1.29438
2013.03.19 00:18:49.258,1.29431,1.29438
2013.03.19 00:18:50.992,1.29432,1.29438
2013.03.19 00:18:51.133,1.29435,1.29442
2013.03.19 00:18:51.691,1.29438,1.29447
2013.03.19 00:18:51.758,1.29438,1.29446
2013.03.19 00:18:52.318,1.29438,1.29446
2013.03.19 00:18:59.157,1.2944,1.29446
2013.03.19 00:19:07.548,1.29437,1.29445
2013.03.19 00:19:08.099,1.29439,1.29445
2013.03.19 00:19:10.827,1.29439,1.29445
2013.03.19 00:19:11.348,1.29439,1.29445
2013.03.19 00:19:15.567,1.29437,1.29445
2013.03.19 00:19:19.749,1.29437,1.29444
2013.03.19 00:19:19.988,1.29436,1.29441
2013.03.19 00:19:20.527,1.29435,1.29441
2013.03.19 00:19:20.889,1.29435,1.29438
2013.03.19 00:19:21.249,1.2943,1.29436
2013.03.19 00:19:21.430,1.29429,1.29435
2013.03.19 00:19:21.617,1.29431,1.29438
2013.03.19 00:19:22.039,1.29433,1.2944
2013.03.19 00:19:22.617,1.29434,1.2944
2013.03.19 00:19:23.169,1.29435,1.29443
2013.03.19 00:19:24.007,1.29435,1.29443
2013.03.19 00:19:25.029,1.29437,1.29443
2013.03.19 00:19:25.588,1.29438,1.29446
2013.03.19 00:19:26.058,1.29439,1.29446
2013.03.19 00:19:28.248,1.29438,1.29446
2013.03.19 00:19:32.047,1.29439,1.29446
2013.03.19 00:19:33.489,1.29439,1.29446
2013.03.19 00:19:35.788,1.29439,1.29446
2013.03.19 00:19:37.339,1.29439,1.29446
2013.03.19 00:19:37.399,1.29441,1.29448
2013.03.19 00:19:37.758,1.2944,1.2945
2013.03.19 00:19:38.058,1.29442,1.29449
2013.03.19 00:19:38.597,1.29443,1.29449
2013.03.19 00:19:40.337,1.29444,1.2945
2013.03.19 00:19:41.309,1.29452,1.29456
2013.03.19 00:19:41.428,1.29451,1.29456
2013.03.19 00:19:41.978,1.29449,1.29456
2013.03.19 00:19:42.250,1.29449,1.29456
2013.03.19 00:19:43.628,1.2945,1.29456
2013.03.19 00:19:46.248,1.29451,1.29455
2013.03.19 00:19:46.428,1.29449,1.29455
2013.03.19 00:19:46.918,1.29449,1.29454
2013.03.19 00:19:47.307,1.2945,1.29455
2013.03.19 00:19:48.002,1.2945,1.29455
2013.03.19 00:19:48.589,1.29449,1.29454
2013.03.19 00:19:52.888,1.2945,1.29455
2013.03.19 00:19:53.428,1.2945,1.29456
2013.03.19 00:19:53.968,1.2945,1.29455
2013.03.19 00:19:54.930,1.2945,1.29455
2013.03.19 00:19:55.468,1.2945,1.29455
2013.03.19 00:19:56.059,1.29451,1.29454
2013.03.19 00:19:56.658,1.2945,1.29454
2013.03.19 00:19:57.198,1.29451,1.29455
2013.03.19 00:19:57.739,1.29451,1.29454
2013.03.19 00:19:58.339,1.29451,1.29455
2013.03.19 00:19:58.878,1.29451,1.29454
2013.03.19 00:20:00.548,1.2945,1.29454
2013.03.19 00:20:00.848,1.29447,1.29454
2013.03.19 00:20:00.907,1.29447,1.29453
2013.03.19 00:20:01.978,1.29448,1.29454
2013.03.19 00:20:02.040,1.29449,1.29454
2013.03.19 00:20:02.549,1.29449,1.29454
2013.03.19 00:20:04.256,1.29449,1.29455
2013.03.19 00:20:09.368,1.29449,1.29454
2013.03.19 00:20:09.728,1.29448,1.29454
2013.03.19 00:20:10.319,1.29449,1.29454
2013.03.19 00:20:10.828,1.2945,1.29454
2013.03.19 00:20:12.311,1.2945,1.29454
2013.03.19 00:20:12.499,1.29446,1.29452
2013.03.19 00:20:14.361,1.2945,1.29454
2013.03.19 00:20:14.429,1.29452,1.29455
2013.03.19 00:20:14.730,1.29453,1.29455
2013.03.19 00:20:15.040,1.29455,1.29462
2013.03.19 00:20:15.158,1.29455,1.2946
2013.03.19 00:20:15.459,1.29453,1.29456
2013.03.19 00:20:15.578,1.29451,1.29455
2013.03.19 00:20:15.758,1.29451,1.29455
2013.03.19 00:20:16.117,1.29448,1.29455
2013.03.19 00:20:17.167,1.29448,1.29455
2013.03.19 00:20:22.108,1.29447,1.29453
2013.03.19 00:20:22.348,1.29445,1.2945
2013.03.19 00:20:22.409,1.29443,1.2945
2013.03.19 00:20:22.588,1.29441,1.29447
2013.03.19 00:20:22.769,1.2944,1.29446
2013.03.19 00:20:22.828,1.2944,1.29446
2013.03.19 00:20:31.955,1.2944,1.29446
2013.03.19 00:20:34.337,1.2944,1.29447
2013.03.19 00:20:35.408,1.2944,1.29446
2013.03.19 00:20:35.729,1.2944,1.29446
2013.03.19 00:20:36.337,1.29439,1.29446
2013.03.19 00:20:37.519,1.29439,1.29446
2013.03.19 00:20:39.648,1.29438,1.29444
2013.03.19 00:20:40.320,1.29439,1.29444
2013.03.19 00:20:40.800,1.29438,1.29443
2013.03.19 00:20:41.109,1.29435,1.2944
2013.03.19 00:20:41.228,1.29435,1.29441
2013.03.19 00:20:41.289,1.29433,1.29439
2013.03.19 00:20:41.348,1.29433,1.29439
2013.03.19 00:20:41.408,1.29433,1.29439
2013.03.19 00:20:41.709,1.29436,1.29441
2013.03.19 00:20:41.769,1.29437,1.29442
2013.03.19 00:20:41.949,1.29437,1.29444
2013.03.19 00:20:42.488,1.29437,1.29445
2013.03.19 00:20:45.431,1.29441,1.29445
2013.03.19 00:20:45.511,1.29442,1.29449
2013.03.19 00:20:45.698,1.29442,1.29449
2013.03.19 00:20:45.819,1.29443,1.29449
2013.03.19 00:20:46.177,1.29447,1.29451
2013.03.19 00:20:46.899,1.29448,1.29453
2013.03.19 00:20:54.230,1.29445,1.29453
2013.03.19 00:20:55.159,1.29447,1.29453
2013.03.19 00:20:57.438,1.29445,1.29453
2013.03.19 00:20:57.500,1.29445,1.29451
2013.03.19 00:21:02.950,1.29447,1.29452
2013.03.19 00:21:03.139,1.2945,1.29453
2013.03.19 00:21:03.210,1.29451,1.29456
2013.03.19 00:21:03.330,1.29452,1.29457
2013.03.19 00:21:03.388,1.29453,1.29457
2013.03.19 00:21:03.449,1.29453,1.2946
2013.03.19 00:21:03.569,1.29452,1.29459
2013.03.19 00:21:03.869,1.2945,1.29457
2013.03.19 00:21:15.629,1.29447,1.29452
2013.03.19 00:21:16.169,1.29449,1.29455
2013.03.19 00:21:17.048,1.29449,1.29455
2013.03.19 00:21:17.528,1.2945,1.29457
2013.03.19 00:21:17.768,1.29451,1.29459
2013.03.19 00:21:17.889,1.29453,1.2946
2013.03.19 00:21:18.368,1.29454,1.2946
2013.03.19 00:21:18.612,1.29454,1.29461
2013.03.19 00:21:18.679,1.29455,1.29461
2013.03.19 00:21:19.218,1.29457,1.29463
2013.03.19 00:21:19.783,1.29458,1.29463
2013.03.19 00:21:20.059,1.29458,1.29468
2013.03.19 00:21:21.492,1.29458,1.29463
2013.03.19 00:21:22.176,1.29458,1.29463
2013.03.19 00:21:27.520,1.29458,1.29463
2013.03.19 00:21:28.270,1.29457,1.29464
2013.03.19 00:21:28.464,1.29455,1.29458
2013.03.19 00:21:28.532,1.29452,1.29458
2013.03.19 00:21:28.840,1.2945,1.29456
2013.03.19 00:21:29.029,1.29448,1.29455
2013.03.19 00:21:29.209,1.29448,1.29454
2013.03.19 00:21:39.899,1.29448,1.29454
2013.03.19 00:21:40.508,1.29448,1.29454
2013.03.19 00:21:43.170,1.29448,1.29454
2013.03.19 00:21:43.241,1.29448,1.29455
2013.03.19 00:21:43.430,1.29448,1.29455
2013.03.19 00:21:45.180,1.29447,1.29453
2013.03.19 00:21:47.958,1.29447,1.29453
2013.03.19 00:21:48.259,1.29443,1.29449
2013.03.19 00:21:48.379,1.29442,1.29448
2013.03.19 00:21:48.439,1.29442,1.29447
2013.03.19 00:21:48.499,1.2944,1.29447
2013.03.19 00:21:48.619,1.29438,1.29444
2013.03.19 00:21:48.810,1.29437,1.29444
2013.03.19 00:21:53.199,1.29436,1.29442
2013.03.19 00:21:53.319,1.29436,1.29441
2013.03.19 00:21:53.380,1.29436,1.29439
2013.03.19 00:21:53.620,1.29432,1.29438
2013.03.19 00:21:53.681,1.29432,1.29437
2013.03.19 00:21:53.740,1.29432,1.29437
2013.03.19 00:21:54.048,1.2943,1.29435
2013.03.19 00:21:54.588,1.29429,1.29435
2013.03.19 00:21:54.840,1.29428,1.29433
2013.03.19 00:21:55.758,1.29426,1.29432
2013.03.19 00:21:56.298,1.29427,1.29432
2013.03.19 00:21:58.079,1.29427,1.29433
2013.03.19 00:21:58.142,1.29428,1.29433
2013.03.19 00:21:58.389,1.29429,1.29435
2013.03.19 00:22:00.008,1.29429,1.29435
2013.03.19 00:22:01.549,1.29429,1.29435
2013.03.19 00:22:02.669,1.29429,1.29437
2013.03.19 00:22:03.029,1.29434,1.29441
2013.03.19 00:22:03.091,1.29436,1.29443
2013.03.19 00:22:03.577,1.29437,1.29443
2013.03.19 00:22:04.248,1.29437,1.29442
2013.03.19 00:22:04.759,1.29437,1.29442
2013.03.19 00:22:05.298,1.29437,1.29442
2013.03.19 00:22:05.839,1.29439,1.29445
2013.03.19 00:22:20.548,1.29439,1.29445
2013.03.19 00:22:22.948,1.29439,1.29445
2013.03.19 00:22:23.529,1.29439,1.29445
2013.03.19 00:22:29.089,1.2944,1.29446
2013.03.19 00:22:29.208,1.29442,1.29447
2013.03.19 00:22:29.329,1.29442,1.29449
2013.03.19 00:22:29.449,1.29444,1.2945
2013.03.19 00:22:29.569,1.29445,1.29452
2013.03.19 00:22:30.739,1.29445,1.29451
2013.03.19 00:22:33.568,1.29446,1.2945
2013.03.19 00:22:33.811,1.29443,1.29448
2013.03.19 00:22:34.506,1.29443,1.29446
2013.03.19 00:22:34.585,1.29438,1.29443
2013.03.19 00:22:34.829,1.29437,1.29443
2013.03.19 00:22:35.770,1.29436,1.29441
2013.03.19 00:22:36.128,1.29436,1.29441
2013.03.19 00:22:43.008,1.29436,1.29441
2013.03.19 00:22:45.648,1.29437,1.29443
2013.03.19 00:22:46.662,1.29437,1.29443
2013.03.19 00:22:50.448,1.29436,1.29442
2013.03.19 00:22:50.699,1.29439,1.29443
2013.03.19 00:22:50.820,1.2944,1.29446
2013.03.19 00:22:51.360,1.29441,1.29446
2013.03.19 00:22:52.209,1.2944,1.29447
2013.03.19 00:22:52.389,1.29438,1.29446
2013.03.19 00:22:52.569,1.29437,1.29444
2013.03.19 00:22:53.108,1.29437,1.29442
2013.03.19 00:22:54.708,1.29437,1.29443
2013.03.19 00:22:55.708,1.29437,1.29443
2013.03.19 00:22:56.249,1.29437,1.29442
2013.03.19 00:22:58.208,1.29437,1.29442
2013.03.19 00:22:58.749,1.29437,1.29442
2013.03.19 00:23:00.258,1.29437,1.29443
2013.03.19 00:23:00.321,1.2944,1.29445
2013.03.19 00:23:00.389,1.29442,1.29447
2013.03.19 00:23:00.569,1.29444,1.2945
2013.03.19 00:23:00.629,1.29445,1.2945
2013.03.19 00:23:00.809,1.29446,1.29452
2013.03.19 00:23:01.049,1.29447,1.29455
2013.03.19 00:23:01.588,1.29448,1.29453
2013.03.19 00:23:07.848,1.29448,1.29453
2013.03.19 00:23:08.329,1.29445,1.2945
2013.03.19 00:23:08.509,1.29444,1.29448
2013.03.19 00:23:08.570,1.29444,1.29447
2013.03.19 00:23:08.689,1.2944,1.29447
2013.03.19 00:23:08.929,1.2944,1.29447
2013.03.19 00:23:10.000,1.29439,1.29445
2013.03.19 00:23:16.098,1.2944,1.29446
2013.03.19 00:23:16.219,1.29442,1.29448
2013.03.19 00:23:16.398,1.29442,1.29449
2013.03.19 00:23:16.519,1.29444,1.2945
2013.03.19 00:23:16.759,1.29445,1.2945
2013.03.19 00:23:19.048,1.29444,1.2945
2013.03.19 00:23:26.738,1.29444,1.2945
2013.03.19 00:23:28.139,1.29445,1.2945
2013.03.19 00:23:29.308,1.29445,1.2945
2013.03.19 00:23:29.670,1.29447,1.29453
2013.03.19 00:23:30.218,1.29448,1.29453
2013.03.19 00:23:35.638,1.29447,1.29453
2013.03.19 00:23:40.318,1.29446,1.29453
2013.03.19 00:23:41.459,1.29447,1.29453
2013.03.19 00:23:43.119,1.29447,1.29453
2013.03.19 00:23:43.478,1.29444,1.2945
2013.03.19 00:23:43.838,1.29442,1.29448
2013.03.19 00:23:44.349,1.29442,1.29447
2013.03.19 00:23:45.293,1.29445,1.29448
2013.03.19 00:23:45.419,1.29447,1.29452
2013.03.19 00:23:45.718,1.29445,1.29452
2013.03.19 00:23:46.268,1.29447,1.29453
2013.03.19 00:24:08.578,1.29447,1.29454
2013.03.19 00:24:11.988,1.29447,1.29454
2013.03.19 00:24:13.208,1.29447,1.29452
2013.03.19 00:24:14.978,1.29447,1.29452
2013.03.19 00:24:17.208,1.29447,1.29453
2013.03.19 00:24:18.539,1.29447,1.29453
2013.03.19 00:24:26.479,1.29447,1.29454
2013.03.19 00:24:27.948,1.29447,1.29453
2013.03.19 00:24:30.179,1.29446,1.29452
2013.03.19 00:24:30.419,1.29445,1.2945
2013.03.19 00:24:30.539,1.29445,1.29449
2013.03.19 00:24:30.719,1.29441,1.29447
2013.03.19 00:24:31.730,1.29441,1.29447
2013.03.19 00:24:33.029,1.29442,1.29448
2013.03.19 00:24:33.328,1.29443,1.29449
2013.03.19 00:24:33.569,1.29444,1.29451
2013.03.19 00:24:42.899,1.29445,1.29452
2013.03.19 00:24:43.869,1.29445,1.29452
2013.03.19 00:24:44.550,1.29445,1.29452
2013.03.19 00:24:45.637,1.29445,1.29452
2013.03.19 00:24:46.668,1.29444,1.2945
2013.03.19 00:24:48.149,1.29444,1.2945
2013.03.19 00:24:48.448,1.29445,1.29451
2013.03.19 00:24:48.629,1.29446,1.29451
2013.03.19 00:24:48.689,1.29446,1.29451
2013.03.19 00:24:49.049,1.29446,1.29453
2013.03.19 00:24:53.088,1.29446,1.29453
2013.03.19 00:24:53.935,1.29445,1.29451
2013.03.19 00:24:54.531,1.29445,1.29451
2013.03.19 00:24:56.079,1.29444,1.2945
2013.03.19 00:24:56.319,1.29442,1.29448
2013.03.19 00:24:56.379,1.29442,1.29448
2013.03.19 00:24:56.799,1.29439,1.29445
2013.03.19 00:24:56.859,1.29439,1.29445
2013.03.19 00:24:57.128,1.29438,1.29445
2013.03.19 00:24:57.782,1.29438,1.29443
2013.03.19 00:24:58.289,1.29438,1.29445
2013.03.19 00:24:58.350,1.29442,1.29445
2013.03.19 00:24:58.409,1.29444,1.2945
2013.03.19 00:24:58.948,1.29444,1.2945
2013.03.19 00:25:02.059,1.29443,1.29449
2013.03.19 00:25:04.188,1.29442,1.29449
2013.03.19 00:25:04.490,1.2944,1.29447
2013.03.19 00:25:05.089,1.29439,1.29445
2013.03.19 00:25:05.708,1.29438,1.29445
2013.03.19 00:25:06.334,1.29437,1.29445
2013.03.19 00:25:06.779,1.29439,1.29445
2013.03.19 00:25:06.958,1.29443,1.29453
2013.03.19 00:25:07.022,1.29447,1.29453
2013.03.19 00:25:09.280,1.29448,1.29455
2013.03.19 00:25:13.028,1.29448,1.29456
2013.03.19 00:25:16.829,1.29449,1.29456
2013.03.19 00:25:17.332,1.2945,1.29456
2013.03.19 00:25:17.839,1.2945,1.29456
2013.03.19 00:25:19.108,1.29452,1.29456
2013.03.19 00:25:19.289,1.29452,1.29458
2013.03.19 00:25:19.409,1.29454,1.2946
2013.03.19 00:25:19.529,1.29455,1.29463
2013.03.19 00:25:19.648,1.29455,1.29462
2013.03.19 00:25:19.828,1.29455,1.29463
2013.03.19 00:25:20.351,1.29455,1.29462
2013.03.19 00:25:21.369,1.29457,1.29464
2013.03.19 00:25:21.949,1.29457,1.29463
2013.03.19 00:25:23.649,1.29455,1.29461
2013.03.19 00:25:23.949,1.29451,1.29458
2013.03.19 00:25:24.069,1.29451,1.29458
2013.03.19 00:25:24.129,1.29449,1.29456
2013.03.19 00:25:24.189,1.29448,1.29454
2013.03.19 00:25:24.549,1.29447,1.29454
2013.03.19 00:25:27.099,1.29448,1.29454
2013.03.19 00:25:27.159,1.29449,1.29456
2013.03.19 00:25:27.639,1.2945,1.29457
2013.03.19 00:25:27.999,1.29455,1.29462
2013.03.19 00:25:28.179,1.29457,1.29463
2013.03.19 00:25:28.418,1.29457,1.29464
2013.03.19 00:25:28.719,1.29455,1.29462
2013.03.19 00:25:28.899,1.29455,1.29461
2013.03.19 00:25:31.058,1.29454,1.29461
2013.03.19 00:25:31.608,1.29454,1.29461
2013.03.19 00:25:32.159,1.29454,1.29461
2013.03.19 00:25:35.050,1.29455,1.29461
2013.03.19 00:25:35.589,1.29455,1.29461
2013.03.19 00:25:36.340,1.29456,1.29462
2013.03.19 00:25:36.758,1.29454,1.29461
2013.03.19 00:25:38.240,1.29454,1.29459
2013.03.19 00:25:42.329,1.29451,1.29456
2013.03.19 00:25:47.449,1.29453,1.29456
2013.03.19 00:25:47.629,1.29455,1.2946
2013.03.19 00:25:47.810,1.29457,1.29459
2013.03.19 00:25:47.869,1.29457,1.29461
2013.03.19 00:25:47.989,1.29456,1.2946
2013.03.19 00:25:49.466,1.29457,1.29461
2013.03.19 00:25:50.021,1.29457,1.29461
2013.03.19 00:25:50.638,1.29457,1.29461
2013.03.19 00:25:51.878,1.29458,1.29463
2013.03.19 00:25:51.942,1.29458,1.29464
2013.03.19 00:25:52.428,1.29458,1.29464
2013.03.19 00:25:52.548,1.29458,1.29462
2013.03.19 00:25:52.908,1.29458,1.29462
2013.03.19 00:25:53.448,1.29457,1.29462
2013.03.19 00:25:53.989,1.29455,1.29459
2013.03.19 00:25:54.329,1.29457,1.29461
2013.03.19 00:25:54.569,1.29457,1.29463
2013.03.19 00:25:56.161,1.29457,1.29463
2013.03.19 00:25:56.570,1.29457,1.29463
2013.03.19 00:25:58.551,1.29456,1.2946
2013.03.19 00:25:59.868,1.29458,1.29462
2013.03.19 00:26:00.409,1.29456,1.29462
2013.03.19 00:26:04.539,1.29456,1.29462
2013.03.19 00:26:05.077,1.29456,1.29462
2013.03.19 00:26:09.189,1.29456,1.2946
2013.03.19 00:26:09.748,1.29455,1.29459
2013.03.19 00:26:13.638,1.29455,1.29459
2013.03.19 00:26:14.880,1.29455,1.29459
2013.03.19 00:26:15.418,1.29456,1.2946
2013.03.19 00:26:17.739,1.29455,1.29461
2013.03.19 00:26:18.278,1.29456,1.29461
2013.03.19 00:26:20.150,1.29455,1.29461
2013.03.19 00:26:20.509,1.29455,1.29461
2013.03.19 00:26:21.129,1.29453,1.29459
2013.03.19 00:26:22.260,1.29452,1.29459
2013.03.19 00:26:22.620,1.29451,1.29456
2013.03.19 00:26:23.158,1.29451,1.29456
2013.03.19 00:26:24.299,1.29451,1.29456
2013.03.19 00:26:24.849,1.29451,1.29456
2013.03.19 00:26:25.259,1.2945,1.29456
2013.03.19 00:26:25.381,1.29453,1.2946
2013.03.19 00:26:25.800,1.29456,1.29462
2013.03.19 00:26:26.450,1.29458,1.29464
2013.03.19 00:26:27.059,1.29456,1.29463
2013.03.19 00:26:27.119,1.29456,1.29462
2013.03.19 00:26:27.660,1.29455,1.29461
2013.03.19 00:26:31.178,1.29454,1.29461
2013.03.19 00:26:31.922,1.29454,1.29461
2013.03.19 00:26:34.570,1.29454,1.29461
2013.03.19 00:26:39.789,1.29455,1.29461
2013.03.19 00:26:43.472,1.29454,1.29461
2013.03.19 00:26:51.219,1.29455,1.29461
2013.03.19 00:26:59.569,1.29455,1.29462
2013.03.19 00:27:02.459,1.29455,1.29462
2013.03.19 00:27:04.919,1.29457,1.29463
2013.03.19 00:27:05.039,1.29458,1.29465
2013.03.19 00:27:05.099,1.29458,1.29465
2013.03.19 00:27:05.611,1.2946,1.29467
2013.03.19 00:27:06.248,1.2946,1.29466
2013.03.19 00:27:07.359,1.2946,1.29466
2013.03.19 00:27:07.889,1.29459,1.29466
2013.03.19 00:27:08.428,1.29458,1.29465
2013.03.19 00:27:11.209,1.29458,1.29464
2013.03.19 00:27:12.148,1.29458,1.29463
2013.03.19 00:27:14.548,1.29457,1.29463
2013.03.19 00:27:15.168,1.29458,1.29464
2013.03.19 00:27:18.949,1.29458,1.29464
2013.03.19 00:27:21.158,1.29458,1.29464
2013.03.19 00:27:22.334,1.29458,1.29464
2013.03.19 00:27:25.442,1.29458,1.29462
2013.03.19 00:27:32.280,1.29458,1.29464
2013.03.19 00:27:32.828,1.29459,1.29465
2013.03.19 00:27:33.390,1.29459,1.29465
2013.03.19 00:27:44.808,1.29459,1.29465
2013.03.19 00:27:45.780,1.2946,1.29465
2013.03.19 00:27:49.978,1.29461,1.29467
2013.03.19 00:27:53.979,1.2946,1.29467
2013.03.19 00:27:54.649,1.2946,1.29465
2013.03.19 00:27:55.170,1.2946,1.29467
2013.03.19 00:27:57.417,1.29461,1.29467
2013.03.19 00:27:58.421,1.29462,1.29468
2013.03.19 00:27:58.609,1.29463,1.29468
2013.03.19 00:27:58.851,1.29466,1.29475
2013.03.19 00:27:59.390,1.29468,1.29473
2013.03.19 00:27:59.629,1.2947,1.29474
2013.03.19 00:28:00.409,1.29468,1.29472
2013.03.19 00:28:00.468,1.29468,1.29473
2013.03.19 00:28:00.712,1.2947,1.29475
2013.03.19 00:28:01.268,1.2947,1.29476
2013.03.19 00:28:01.790,1.29471,1.29476
2013.03.19 00:28:02.160,1.29469,1.29475
2013.03.19 00:28:03.344,1.29468,1.29475
2013.03.19 00:28:03.741,1.29468,1.29475
2013.03.19 00:28:04.618,1.29467,1.29474
2013.03.19 00:28:05.308,1.29466,1.29473
2013.03.19 00:28:07.478,1.29466,1.29473
2013.03.19 00:28:09.010,1.29466,1.29473
2013.03.19 00:28:09.549,1.29467,1.29473
2013.03.19 00:28:11.180,1.29466,1.29473
2013.03.19 00:28:12.329,1.29466,1.2947
2013.03.19 00:28:12.449,1.29463,1.2947
2013.03.19 00:28:12.810,1.29463,1.29467
2013.03.19 00:28:13.479,1.29461,1.29467
2013.03.19 00:28:14.076,1.29461,1.29467
2013.03.19 00:28:15.929,1.29462,1.29469
2013.03.19 00:28:19.040,1.29463,1.29469
2013.03.19 00:28:23.829,1.29462,1.29468
2013.03.19 00:28:24.188,1.29461,1.29467
2013.03.19 00:28:27.168,1.29461,1.29466
2013.03.19 00:28:27.398,1.29461,1.29468
2013.03.19 00:28:28.688,1.29461,1.29466
2013.03.19 00:28:35.369,1.2946,1.29466
2013.03.19 00:28:39.829,1.29461,1.29468
2013.03.19 00:28:40.809,1.29461,1.29468
2013.03.19 00:28:41.529,1.29461,1.29468
2013.03.19 00:28:42.068,1.29461,1.29468
2013.03.19 00:28:42.609,1.29461,1.29468
2013.03.19 00:28:43.330,1.2946,1.29466
2013.03.19 00:28:44.470,1.29461,1.29467
2013.03.19 00:28:49.209,1.2946,1.29467
2013.03.19 00:28:49.908,1.29461,1.29467
2013.03.19 00:28:50.438,1.29461,1.29468
2013.03.19 00:28:51.896,1.29462,1.29468
2013.03.19 00:28:58.492,1.29462,1.29468
2013.03.19 00:29:08.000,1.29462,1.29468
2013.03.19 00:29:08.239,1.29462,1.2947
2013.03.19 00:29:08.540,1.29465,1.29471
2013.03.19 00:29:09.289,1.29466,1.29473
2013.03.19 00:29:10.110,1.29466,1.29473
2013.03.19 00:29:10.589,1.29466,1.29471
2013.03.19 00:29:10.949,1.29463,1.29471
2013.03.19 00:29:11.129,1.29464,1.29471
2013.03.19 00:29:12.319,1.29463,1.29469
2013.03.19 00:29:12.380,1.29462,1.29468
2013.03.19 00:29:12.499,1.29462,1.29468
2013.03.19 00:29:13.039,1.29461,1.29467
2013.03.19 00:29:19.769,1.29463,1.29468
2013.03.19 00:29:20.129,1.29464,1.29469
2013.03.19 00:29:20.432,1.29464,1.29469
2013.03.19 00:29:20.619,1.29465,1.29469
2013.03.19 00:29:20.979,1.29466,1.29472
2013.03.19 00:29:21.876,1.29466,1.29472
2013.03.19 00:29:21.954,1.29469,1.29476
2013.03.19 00:29:22.219,1.29469,1.29476
2013.03.19 00:29:22.759,1.29469,1.29474
2013.03.19 00:29:22.999,1.29469,1.29475
2013.03.19 00:29:23.119,1.29468,1.29473
2013.03.19 00:29:24.599,1.29468,1.29474
2013.03.19 00:29:26.400,1.29468,1.29475
2013.03.19 00:29:26.579,1.29469,1.29477
2013.03.19 00:29:27.118,1.29471,1.29482
2013.03.19 00:29:29.280,1.29471,1.29476
2013.03.19 00:29:29.759,1.2947,1.29477
2013.03.19 00:29:30.570,1.2947,1.29478
2013.03.19 00:29:30.870,1.29473,1.29478
2013.03.19 00:29:33.879,1.29473,1.29481
2013.03.19 00:29:34.178,1.29475,1.29482
2013.03.19 00:29:34.299,1.29477,1.29483
2013.03.19 00:29:34.659,1.29477,1.29484
2013.03.19 00:29:35.022,1.29477,1.29484
2013.03.19 00:29:35.199,1.29477,1.29484
2013.03.19 00:29:35.319,1.29477,1.29484
2013.03.19 00:29:35.695,1.29477,1.29482
2013.03.19 00:29:36.790,1.29475,1.29482
2013.03.19 00:29:37.210,1.29477,1.29482
2013.03.19 00:29:37.330,1.29477,1.29484
2013.03.19 00:29:37.394,1.29476,1.29482
2013.03.19 00:29:37.460,1.29474,1.29481
2013.03.19 00:29:37.639,1.29474,1.29481
2013.03.19 00:29:38.000,1.29473,1.29479
2013.03.19 00:29:38.820,1.2947,1.29476
2013.03.19 00:29:39.811,1.2947,1.29476
2013.03.19 00:29:40.349,1.2947,1.29477
2013.03.19 00:29:40.909,1.29471,1.29478
2013.03.19 00:29:42.469,1.29471,1.29478
2013.03.19 00:29:42.589,1.29471,1.29479
2013.03.19 00:29:42.950,1.29473,1.29481
2013.03.19 00:29:43.010,1.29475,1.29482
2013.03.19 00:29:43.190,1.29475,1.29481
2013.03.19 00:29:47.640,1.29475,1.29483
2013.03.19 00:29:48.060,1.29479,1.29484
2013.03.19 00:29:48.609,1.29479,1.29486
2013.03.19 00:29:48.729,1.29477,1.29484
2013.03.19 00:29:49.164,1.29477,1.29484
2013.03.19 00:29:50.020,1.29477,1.29484
2013.03.19 00:29:50.590,1.29477,1.29483
2013.03.19 00:29:51.110,1.29476,1.29483
2013.03.19 00:29:52.080,1.29476,1.29483
2013.03.19 00:29:52.381,1.29478,1.29485
2013.03.19 00:29:53.341,1.29478,1.29486
2013.03.19 00:29:54.220,1.29477,1.29484
2013.03.19 00:29:54.739,1.29476,1.29484
2013.03.19 00:29:55.279,1.29476,1.29483
2013.03.19 00:29:56.794,1.29476,1.29483
2013.03.19 00:29:57.341,1.29476,1.29484
2013.03.19 00:29:58.069,1.29476,1.29483
2013.03.19 00:30:00.400,1.29475,1.29481
2013.03.19 00:30:00.461,1.29474,1.29481
2013.03.19 00:30:00.830,1.2947,1.29478
2013.03.19 00:30:01.020,1.2947,1.29477
2013.03.19 00:30:04.281,1.2947,1.29478
2013.03.19 00:30:04.831,1.2947,1.29478
2013.03.19 00:30:05.550,1.2947,1.29478
2013.03.19 00:30:05.860,1.2947,1.29478
2013.03.19 00:30:06.162,1.29464,1.29471
2013.03.19 00:30:06.929,1.2946,1.29467
2013.03.19 00:30:07.239,1.29459,1.29467
2013.03.19 00:30:08.250,1.29459,1.29467
2013.03.19 00:30:08.491,1.29456,1.29463
2013.03.19 00:30:08.690,1.29453,1.2946
2013.03.19 00:30:08.932,1.29451,1.29458
2013.03.19 00:30:09.060,1.2945,1.29457
2013.03.19 00:30:09.181,1.2945,1.29457
2013.03.19 00:30:10.845,1.29449,1.29457
2013.03.19 00:30:11.399,1.2945,1.29457
2013.03.19 00:30:11.520,1.2945,1.29457
2013.03.19 00:30:11.580,1.29451,1.29459
2013.03.19 00:30:12.120,1.29452,1.29459
2013.03.19 00:30:12.239,1.29453,1.29461
2013.03.19 00:30:12.900,1.29454,1.29462
2013.03.19 00:30:12.960,1.29456,1.29464
2013.03.19 00:30:13.499,1.29457,1.29462
2013.03.19 00:30:14.041,1.29457,1.29465
2013.03.19 00:30:14.100,1.29458,1.29465
2013.03.19 00:30:14.340,1.29458,1.29465
2013.03.19 00:30:14.644,1.2946,1.29466
2013.03.19 00:30:14.769,1.2946,1.29468
2013.03.19 00:30:14.829,1.29462,1.29468
2013.03.19 00:30:15.539,1.29465,1.29471
2013.03.19 00:30:15.869,1.29468,1.29475
2013.03.19 00:30:16.410,1.29468,1.29475
2013.03.19 00:30:16.771,1.29466,1.29473
2013.03.19 00:30:16.830,1.29465,1.29473
2013.03.19 00:30:17.310,1.29463,1.29468
2013.03.19 00:30:17.370,1.29462,1.29468
2013.03.19 00:30:17.730,1.29461,1.29466
2013.03.19 00:30:17.790,1.29458,1.29465
2013.03.19 00:30:18.329,1.29457,1.29464
2013.03.19 00:30:18.949,1.29457,1.29464
2013.03.19 00:30:22.810,1.29458,1.29466
2013.03.19 00:30:23.299,1.29458,1.29466
2013.03.19 00:30:24.219,1.2946,1.29468
2013.03.19 00:30:24.769,1.2946,1.29467
2013.03.19 00:30:25.301,1.2946,1.29468
2013.03.19 00:30:26.219,1.29461,1.29468
2013.03.19 00:30:26.938,1.29463,1.2947
2013.03.19 00:30:27.022,1.29467,1.29475
2013.03.19 00:30:27.149,1.29467,1.29475
2013.03.19 00:30:27.990,1.29469,1.29477
2013.03.19 00:30:31.869,1.29469,1.29477
2013.03.19 00:30:32.271,1.29469,1.29477
2013.03.19 00:30:32.401,1.29469,1.29477
2013.03.19 00:30:32.582,1.29471,1.29478
2013.03.19 00:30:32.830,1.29473,1.29483
2013.03.19 00:30:33.971,1.29474,1.29481
2013.03.19 00:30:35.829,1.29473,1.29481
2013.03.19 00:30:40.929,1.29475,1.29483
2013.03.19 00:30:41.620,1.29477,1.29484
2013.03.19 00:30:41.750,1.29477,1.29484
2013.03.19 00:30:42.333,1.29477,1.29483
2013.03.19 00:30:42.528,1.29477,1.29483
2013.03.19 00:30:42.910,1.29477,1.29483
2013.03.19 00:30:43.509,1.29479,1.29484
2013.03.19 00:30:43.629,1.29479,1.29486
2013.03.19 00:30:44.479,1.29479,1.29486
2013.03.19 00:30:44.985,1.29479,1.29485
2013.03.19 00:30:45.351,1.29477,1.29483
2013.03.19 00:30:45.771,1.29474,1.29482
2013.03.19 00:30:46.309,1.29473,1.2948
2013.03.19 00:30:46.498,1.29473,1.2948
2013.03.19 00:30:46.619,1.29473,1.29478
2013.03.19 00:30:48.389,1.29472,1.29478
2013.03.19 00:30:48.629,1.29473,1.2948
2013.03.19 00:30:49.109,1.29475,1.29483
2013.03.19 00:30:49.349,1.29476,1.29483
2013.03.19 00:30:50.521,1.29477,1.29483
2013.03.19 00:30:50.930,1.29476,1.29483
2013.03.19 00:30:51.611,1.29476,1.29483
2013.03.19 00:30:52.159,1.29476,1.29483
2013.03.19 00:30:52.460,1.29478,1.29484
2013.03.19 00:30:52.829,1.29478,1.29485
2013.03.19 00:30:53.522,1.29478,1.29485
2013.03.19 00:30:54.429,1.29481,1.29486
2013.03.19 00:30:54.989,1.2948,1.29486
2013.03.19 00:30:55.499,1.2948,1.29486
2013.03.19 00:30:56.900,1.2948,1.29487
2013.03.19 00:30:59.071,1.29482,1.29488
2013.03.19 00:30:59.880,1.2948,1.29487
2013.03.19 00:31:00.266,1.29479,1.29487
2013.03.19 00:31:00.811,1.29481,1.29486
2013.03.19 00:31:03.710,1.2948,1.29484
2013.03.19 00:31:06.800,1.2948,1.29486
2013.03.19 00:31:09.889,1.2948,1.29485
2013.03.19 00:31:13.609,1.2948,1.29486
2013.03.19 00:31:14.280,1.2948,1.29486
2013.03.19 00:31:16.330,1.2948,1.29485
2013.03.19 00:31:16.949,1.2948,1.29486
2013.03.19 00:31:17.190,1.29483,1.29488
2013.03.19 00:31:17.431,1.29483,1.2949
2013.03.19 00:31:17.549,1.29484,1.29491
2013.03.19 00:31:17.969,1.29482,1.29486
2013.03.19 00:31:18.091,1.29482,1.29486
2013.03.19 00:31:19.523,1.29482,1.29487
2013.03.19 00:31:20.740,1.29482,1.29487
2013.03.19 00:31:21.042,1.29485,1.29492
2013.03.19 00:31:21.111,1.29488,1.29493
2013.03.19 00:31:21.291,1.29488,1.29496
2013.03.19 00:31:21.649,1.29488,1.29493
2013.03.19 00:31:22.010,1.29486,1.2949
2013.03.19 00:31:22.071,1.29485,1.2949
2013.03.19 00:31:22.250,1.29481,1.29489
2013.03.19 00:31:22.490,1.29479,1.29484
2013.03.19 00:31:22.790,1.29483,1.29489
2013.03.19 00:31:22.909,1.29485,1.29491
2013.03.19 00:31:24.219,1.29485,1.29491
2013.03.19 00:31:26.530,1.29485,1.29491
2013.03.19 00:31:26.711,1.29486,1.29494
2013.03.19 00:31:26.891,1.29488,1.29495
2013.03.19 00:31:27.191,1.29491,1.29498
2013.03.19 00:31:27.321,1.29498,1.29502
2013.03.19 00:31:27.453,1.29498,1.29504
2013.03.19 00:31:27.522,1.295,1.2951
2013.03.19 00:31:27.591,1.295,1.29507
2013.03.19 00:31:27.772,1.29502,1.29508
2013.03.19 00:31:28.323,1.29503,1.29507
2013.03.19 00:31:28.629,1.29499,1.29506
2013.03.19 00:31:29.250,1.29499,1.29508
2013.03.19 00:31:29.792,1.29498,1.29507
2013.03.19 00:31:30.778,1.295,1.29507
2013.03.19 00:31:32.190,1.29504,1.29508
2013.03.19 00:31:32.370,1.29506,1.29513
2013.03.19 00:31:32.613,1.29506,1.29513
2013.03.19 00:31:32.740,1.29507,1.29513
2013.03.19 00:31:32.860,1.29507,1.29513
2013.03.19 00:31:33.665,1.29507,1.29514
2013.03.19 00:31:34.209,1.29507,1.29514
2013.03.19 00:31:35.001,1.29507,1.29515
2013.03.19 00:31:35.670,1.29507,1.29515
2013.03.19 00:31:36.261,1.29507,1.29515
2013.03.19 00:31:36.319,1.29507,1.29515
2013.03.19 00:31:37.970,1.29509,1.29515
2013.03.19 00:31:38.331,1.29508,1.29517
2013.03.19 00:31:38.402,1.29516,1.29523
2013.03.19 00:31:38.532,1.29518,1.29522
2013.03.19 00:31:39.099,1.29515,1.2952
2013.03.19 00:31:39.660,1.29517,1.29522
2013.03.19 00:31:39.720,1.29517,1.29523
2013.03.19 00:31:39.901,1.29519,1.29528
2013.03.19 00:31:40.081,1.29523,1.29528
2013.03.19 00:31:40.439,1.29524,1.29535
2013.03.19 00:31:40.500,1.29526,1.29533
2013.03.19 00:31:40.561,1.29526,1.29533
2013.03.19 00:31:41.918,1.29527,1.29538
2013.03.19 00:31:42.100,1.29525,1.29533
2013.03.19 00:31:42.647,1.29522,1.29528
2013.03.19 00:31:42.711,1.2952,1.29527
2013.03.19 00:31:43.190,1.29519,1.29528
2013.03.19 00:31:43.729,1.29519,1.29528
2013.03.19 00:31:44.739,1.29523,1.29529
2013.03.19 00:31:45.171,1.29522,1.2953
2013.03.19 00:31:45.410,1.29527,1.29538
2013.03.19 00:31:45.530,1.29527,1.29538
2013.03.19 00:31:45.831,1.29528,1.29538
2013.03.19 00:31:46.620,1.29529,1.29538
2013.03.19 00:31:46.800,1.29529,1.29538
2013.03.19 00:31:47.099,1.29529,1.29538
2013.03.19 00:31:47.639,1.2953,1.29538
2013.03.19 00:31:47.950,1.2953,1.29538
2013.03.19 00:31:48.130,1.29534,1.29542
2013.03.19 00:31:48.309,1.29534,1.29544
2013.03.19 00:31:48.850,1.29535,1.29544
2013.03.19 00:31:49.150,1.2954,1.29546
2013.03.19 00:31:50.499,1.2954,1.29546
2013.03.19 00:31:50.621,1.29544,1.29551
2013.03.19 00:31:51.503,1.29547,1.29553
2013.03.19 00:31:51.582,1.29549,1.29556
2013.03.19 00:31:51.942,1.29551,1.29557
2013.03.19 00:31:52.741,1.29553,1.29556
2013.03.19 00:31:53.100,1.29552,1.29556
2013.03.19 00:31:53.459,1.29551,1.29556
2013.03.19 00:31:54.007,1.29551,1.29556
2013.03.19 00:31:54.129,1.29552,1.29556
2013.03.19 00:31:54.715,1.29552,1.29557
2013.03.19 00:31:55.883,1.29551,1.29555
2013.03.19 00:31:57.194,1.29551,1.29555
2013.03.19 00:31:57.749,1.29552,1.29557
2013.03.19 00:31:58.109,1.2955,1.29554
2013.03.19 00:31:58.169,1.2955,1.29554
2013.03.19 00:31:58.591,1.29546,1.29553
2013.03.19 00:31:58.711,1.29546,1.29552
2013.03.19 00:31:58.769,1.29546,1.29552
2013.03.19 00:31:58.829,1.29546,1.29552
2013.03.19 00:31:58.890,1.29546,1.29552
2013.03.19 00:31:59.070,1.29546,1.29552
2013.03.19 00:31:59.189,1.29546,1.29552
2013.03.19 00:31:59.371,1.29544,1.29551
2013.03.19 00:31:59.912,1.29543,1.29551
2013.03.19 00:32:00.420,1.29543,1.29551
2013.03.19 00:32:01.180,1.29542,1.29551
2013.03.19 00:32:01.539,1.29537,1.29542
2013.03.19 00:32:01.839,1.29538,1.29542
2013.03.19 00:32:02.249,1.29537,1.29542
2013.03.19 00:32:02.971,1.29537,1.29542
2013.03.19 00:32:03.039,1.29537,1.29543
2013.03.19 00:32:03.461,1.29535,1.29542
2013.03.19 00:32:03.522,1.29534,1.29542
2013.03.19 00:32:04.010,1.29532,1.29538
2013.03.19 00:32:04.070,1.29532,1.29538
2013.03.19 00:32:04.609,1.2953,1.29538
2013.03.19 00:32:05.117,1.2953,1.29538
2013.03.19 00:32:05.920,1.2953,1.29538
2013.03.19 00:32:06.232,1.2953,1.29538
2013.03.19 00:32:06.539,1.29527,1.29531
2013.03.19 00:32:06.840,1.29522,1.29528
2013.03.19 00:32:07.079,1.29521,1.29528
2013.03.19 00:32:07.199,1.29522,1.29528
2013.03.19 00:32:07.260,1.29522,1.29528
2013.03.19 00:32:08.070,1.29522,1.29527
2013.03.19 00:32:08.129,1.29516,1.29526
2013.03.19 00:32:08.431,1.29519,1.29524
2013.03.19 00:32:08.490,1.29519,1.29525
2013.03.19 00:32:08.851,1.29518,1.29524
2013.03.19 00:32:09.209,1.2952,1.29526
2013.03.19 00:32:09.750,1.2952,1.29526
2013.03.19 00:32:10.824,1.29523,1.2953
2013.03.19 00:32:11.371,1.29524,1.2953
2013.03.19 00:32:12.102,1.29524,1.29531
2013.03.19 00:32:13.651,1.29524,1.29531
2013.03.19 00:32:15.349,1.29525,1.29531
2013.03.19 00:32:16.040,1.29527,1.29534
2013.03.19 00:32:16.582,1.29527,1.29534
2013.03.19 00:32:18.949,1.29528,1.29535
2013.03.19 00:32:19.069,1.29528,1.29535
2013.03.19 00:32:19.309,1.29529,1.29536
2013.03.19 00:32:19.549,1.29531,1.29537
2013.03.19 00:32:22.719,1.2953,1.29537
2013.03.19 00:32:24.651,1.2953,1.29535
2013.03.19 00:32:25.011,1.29527,1.29531
2013.03.19 00:32:25.071,1.29527,1.29531
2013.03.19 00:32:25.309,1.29525,1.2953
2013.03.19 00:32:25.489,1.29525,1.2953
2013.03.19 00:32:26.033,1.29524,1.29528
2013.03.19 00:32:26.699,1.29525,1.29531
2013.03.19 00:32:26.760,1.29525,1.29532
2013.03.19 00:32:26.941,1.29526,1.29532
2013.03.19 00:32:27.000,1.29528,1.29533
2013.03.19 00:32:27.360,1.2953,1.29536
2013.03.19 00:32:27.900,1.2953,1.29536
2013.03.19 00:32:28.699,1.29529,1.29536
2013.03.19 00:32:29.981,1.29529,1.29536
2013.03.19 00:32:30.509,1.29528,1.29536
2013.03.19 00:32:30.809,1.29528,1.29533
2013.03.19 00:32:33.398,1.29528,1.29533
2013.03.19 00:32:36.298,1.29527,1.29533
2013.03.19 00:32:38.179,1.29527,1.29531
2013.03.19 00:32:38.599,1.29524,1.2953
2013.03.19 00:32:39.135,1.29524,1.2953
2013.03.19 00:32:39.610,1.29523,1.2953
2013.03.19 00:32:40.159,1.29523,1.2953
2013.03.19 00:32:44.159,1.29523,1.2953
2013.03.19 00:32:44.720,1.29523,1.2953
2013.03.19 00:32:45.080,1.29527,1.29533
2013.03.19 00:32:45.450,1.29529,1.29533
2013.03.19 00:32:46.909,1.29528,1.29531
2013.03.19 00:32:47.029,1.29524,1.29531
2013.03.19 00:32:47.151,1.29523,1.2953
2013.03.19 00:32:47.211,1.29523,1.29527
2013.03.19 00:32:47.930,1.2952,1.29526
2013.03.19 00:32:48.471,1.2952,1.29527
2013.03.19 00:32:54.800,1.2952,1.29527
2013.03.19 00:32:56.619,1.29519,1.29527
2013.03.19 00:32:57.759,1.2952,1.29527
2013.03.19 00:32:58.769,1.2952,1.29527
2013.03.19 00:32:59.745,1.2952,1.29527
2013.03.19 00:33:01.333,1.2952,1.29527
2013.03.19 00:33:01.710,1.2952,1.29527
2013.03.19 00:33:02.819,1.29521,1.29527
2013.03.19 00:33:03.479,1.29521,1.29527
2013.03.19 00:33:03.660,1.29521,1.29527
2013.03.19 00:33:06.077,1.29522,1.29528
2013.03.19 00:33:06.319,1.29522,1.29528
2013.03.19 00:33:07.051,1.29523,1.29528
2013.03.19 00:33:07.589,1.29525,1.29529
2013.03.19 00:33:09.912,1.29525,1.29531
2013.03.19 00:33:13.319,1.29526,1.29532
2013.03.19 00:33:17.231,1.29526,1.29532
2013.03.19 00:33:17.532,1.29532,1.29538
2013.03.19 00:33:17.663,1.29536,1.29542
2013.03.19 00:33:17.852,1.29537,1.29543
2013.03.19 00:33:18.167,1.29538,1.29543
2013.03.19 00:33:18.469,1.29537,1.29543
2013.03.19 00:33:21.899,1.29537,1.29543
2013.03.19 00:33:26.670,1.29538,1.29545
2013.03.19 00:33:26.735,1.29538,1.29545
2013.03.19 00:33:26.919,1.29539,1.29545
2013.03.19 00:33:27.459,1.29539,1.29545
2013.03.19 00:33:27.852,1.29538,1.29545
2013.03.19 00:33:32.299,1.29539,1.29547
2013.03.19 00:33:32.862,1.29539,1.29546
2013.03.19 00:33:33.059,1.29534,1.2954
2013.03.19 00:33:33.240,1.29534,1.2954
2013.03.19 00:33:33.360,1.29537,1.29542
2013.03.19 00:33:33.479,1.29537,1.29543
2013.03.19 00:33:34.020,1.2954,1.29546
2013.03.19 00:33:35.790,1.2954,1.29546
2013.03.19 00:33:37.349,1.2954,1.29548
2013.03.19 00:33:37.890,1.29541,1.29549
2013.03.19 00:33:37.950,1.29541,1.29548
2013.03.19 00:33:41.949,1.29543,1.29548
2013.03.19 00:33:43.100,1.29542,1.29548
2013.03.19 00:33:44.029,1.29543,1.29548
2013.03.19 00:33:47.531,1.29544,1.2955
2013.03.19 00:33:47.590,1.29546,1.29551
2013.03.19 00:33:47.711,1.29547,1.29553
2013.03.19 00:33:47.769,1.29547,1.29554
2013.03.19 00:33:47.889,1.29547,1.29553
2013.03.19 00:33:48.010,1.29546,1.29552
2013.03.19 00:33:48.190,1.29547,1.29551
2013.03.19 00:33:48.310,1.29545,1.29551
2013.03.19 00:33:53.340,1.29545,1.29551
2013.03.19 00:33:54.500,1.29545,1.29551
2013.03.19 00:33:54.742,1.29544,1.2955
2013.03.19 00:33:54.980,1.29542,1.29548
2013.03.19 00:33:55.519,1.29542,1.29547
2013.03.19 00:33:56.089,1.29542,1.29548
2013.03.19 00:33:56.890,1.29542,1.29548
2013.03.19 00:33:57.320,1.29546,1.2955
2013.03.19 00:33:58.509,1.29543,1.29549
2013.03.19 00:33:58.570,1.29543,1.29549
2013.03.19 00:33:58.690,1.29542,1.29546
2013.03.19 00:34:00.620,1.2954,1.29546
2013.03.19 00:34:00.861,1.29539,1.29544
2013.03.19 00:34:01.410,1.29538,1.29544
2013.03.19 00:34:02.049,1.29538,1.29545
2013.03.19 00:34:03.959,1.29538,1.29544
2013.03.19 00:34:16.245,1.29537,1.29543
2013.03.19 00:34:16.550,1.29532,1.29538
2013.03.19 00:34:16.671,1.29532,1.29538
2013.03.19 00:34:16.969,1.29531,1.29536
2013.03.19 00:34:17.672,1.2953,1.29536
2013.03.19 00:34:23.850,1.29528,1.29534
2013.03.19 00:34:27.609,1.29529,1.29537
2013.03.19 00:34:27.671,1.2953,1.29537
2013.03.19 00:34:28.209,1.29532,1.29537
2013.03.19 00:34:28.762,1.2953,1.29537
2013.03.19 00:34:29.431,1.2953,1.29537
2013.03.19 00:34:32.149,1.29531,1.29537
2013.03.19 00:34:33.861,1.29531,1.29537
2013.03.19 00:34:35.500,1.29531,1.29537
2013.03.19 00:34:35.620,1.29532,1.29538
2013.03.19 00:34:35.681,1.29534,1.29538
2013.03.19 00:34:36.229,1.29534,1.29539
2013.03.19 00:34:39.331,1.29534,1.2954
2013.03.19 00:34:39.958,1.29534,1.2954
2013.03.19 00:34:41.419,1.29536,1.29542
2013.03.19 00:34:42.160,1.29535,1.29541
2013.03.19 00:34:42.769,1.29535,1.29541
2013.03.19 00:34:44.781,1.29537,1.29542
2013.03.19 00:34:44.960,1.29538,1.29544
2013.03.19 00:34:45.079,1.29538,1.29544
2013.03.19 00:34:48.070,1.29538,1.29544
2013.03.19 00:34:49.250,1.29538,1.29545
2013.03.19 00:34:52.547,1.29539,1.29545
2013.03.19 00:34:52.919,1.29539,1.29545
2013.03.19 00:34:53.710,1.29539,1.29545
2013.03.19 00:34:56.080,1.29541,1.29545
2013.03.19 00:35:02.440,1.29539,1.29546
2013.03.19 00:35:03.200,1.29541,1.29546
2013.03.19 00:35:12.902,1.29543,1.29548
2013.03.19 00:35:13.031,1.29544,1.29548
2013.03.19 00:35:17.510,1.29544,1.29548
2013.03.19 00:35:17.750,1.29548,1.29553
2013.03.19 00:35:17.870,1.29552,1.29556
2013.03.19 00:35:17.990,1.29552,1.29558
2013.03.19 00:35:18.050,1.29553,1.29559
2013.03.19 00:35:18.230,1.29555,1.29561
2013.03.19 00:35:18.352,1.29555,1.29562
2013.03.19 00:35:18.480,1.29556,1.29561
2013.03.19 00:35:18.540,1.29555,1.29561
2013.03.19 00:35:18.600,1.29556,1.29561
2013.03.19 00:35:19.139,1.29556,1.29562
2013.03.19 00:35:23.394,1.29556,1.29562
2013.03.19 00:35:24.589,1.29556,1.29562
2013.03.19 00:35:27.680,1.29553,1.29561
2013.03.19 00:35:27.931,1.29551,1.29556
2013.03.19 00:35:28.050,1.29551,1.29556
2013.03.19 00:35:28.230,1.29551,1.29556
2013.03.19 00:35:28.549,1.2955,1.29555
2013.03.19 00:35:29.091,1.29549,1.29556
2013.03.19 00:35:31.600,1.29548,1.29556
2013.03.19 00:35:39.430,1.29551,1.29557
2013.03.19 00:35:39.970,1.29551,1.29558
2013.03.19 00:35:40.869,1.29552,1.29558
2013.03.19 00:35:41.590,1.29552,1.29558
2013.03.19 00:35:42.109,1.29552,1.29558
2013.03.19 00:35:45.490,1.29553,1.29558
2013.03.19 00:35:45.609,1.29553,1.29559
2013.03.19 00:35:47.246,1.29558,1.29564
2013.03.19 00:35:47.380,1.29558,1.29565
2013.03.19 00:35:47.919,1.2956,1.29565
2013.03.19 00:35:48.590,1.2956,1.29565
2013.03.19 00:35:48.709,1.2956,1.29565
2013.03.19 00:35:49.551,1.29561,1.29566
2013.03.19 00:35:49.969,1.2956,1.29566
2013.03.19 00:35:50.329,1.2956,1.29565
2013.03.19 00:35:52.769,1.29558,1.29564
2013.03.19 00:35:55.019,1.29558,1.29564
2013.03.19 00:35:56.049,1.29558,1.29564
2013.03.19 00:35:56.653,1.29556,1.29563
2013.03.19 00:35:57.177,1.29559,1.29565
2013.03.19 00:35:57.960,1.29559,1.29565
2013.03.19 00:35:58.080,1.29555,1.2956
2013.03.19 00:35:58.140,1.29555,1.2956
2013.03.19 00:35:58.202,1.29554,1.2956
2013.03.19 00:35:58.381,1.29548,1.29554
2013.03.19 00:35:58.920,1.29548,1.29554
2013.03.19 00:35:59.459,1.29548,1.29554
2013.03.19 00:36:01.970,1.29548,1.29555
2013.03.19 00:36:05.249,1.29549,1.29555
2013.03.19 00:36:05.745,1.29551,1.29557
2013.03.19 00:36:11.601,1.2955,1.29555
2013.03.19 00:36:11.962,1.29548,1.29554
2013.03.19 00:36:12.500,1.29548,1.29553
2013.03.19 00:36:13.663,1.29548,1.29552
2013.03.19 00:36:13.731,1.29545,1.2955
2013.03.19 00:36:13.852,1.29543,1.29547
2013.03.19 00:36:14.162,1.29536,1.29543
2013.03.19 00:36:14.290,1.29536,1.29543
2013.03.19 00:36:14.839,1.29536,1.29543
2013.03.19 00:36:16.129,1.29537,1.29543
2013.03.19 00:36:16.570,1.29536,1.29543
2013.03.19 00:36:16.934,1.29535,1.29543
2013.03.19 00:36:17.439,1.29535,1.29543
2013.03.19 00:36:17.742,1.29538,1.29545
2013.03.19 00:36:18.790,1.29537,1.29544
2013.03.19 00:36:19.484,1.29536,1.29542
2013.03.19 00:36:20.011,1.29537,1.29544
2013.03.19 00:36:20.549,1.29537,1.29544
2013.03.19 00:36:22.980,1.29536,1.29543
2013.03.19 00:36:26.320,1.29536,1.29542
2013.03.19 00:36:26.850,1.29536,1.29542
2013.03.19 00:36:28.259,1.29536,1.29542
2013.03.19 00:36:31.110,1.29535,1.29542
2013.03.19 00:36:32.590,1.29534,1.29542
2013.03.19 00:36:34.210,1.29534,1.29541
2013.03.19 00:36:34.572,1.29528,1.29533
2013.03.19 00:36:35.181,1.29527,1.29531
2013.03.19 00:36:35.719,1.29526,1.29533
2013.03.19 00:36:36.354,1.29527,1.29533
2013.03.19 00:36:37.710,1.29527,1.29533
2013.03.19 00:36:38.609,1.29528,1.29534
2013.03.19 00:36:38.850,1.29531,1.29537
2013.03.19 00:36:38.971,1.29531,1.29539
2013.03.19 00:36:39.030,1.29533,1.29539
2013.03.19 00:36:39.333,1.29533,1.2954
2013.03.19 00:36:39.640,1.29531,1.29537
2013.03.19 00:36:40.061,1.2953,1.29536
2013.03.19 00:36:44.431,1.2953,1.29536
2013.03.19 00:36:44.960,1.29531,1.29537
2013.03.19 00:36:45.470,1.2953,1.29537
2013.03.19 00:36:45.715,1.29535,1.29541
2013.03.19 00:36:45.899,1.29535,1.29541
2013.03.19 00:36:46.200,1.29532,1.29537
2013.03.19 00:36:46.261,1.29528,1.29534
2013.03.19 00:36:46.942,1.29523,1.29531
2013.03.19 00:36:47.480,1.29523,1.2953
2013.03.19 00:36:47.900,1.29524,1.2953
2013.03.19 00:36:48.381,1.29526,1.29533
2013.03.19 00:36:48.740,1.29526,1.29532
2013.03.19 00:36:49.101,1.29528,1.29535
2013.03.19 00:36:50.131,1.29528,1.29536
2013.03.19 00:36:50.884,1.2953,1.29537
2013.03.19 00:36:51.568,1.2953,1.29537
2013.03.19 00:36:52.400,1.2953,1.29536
2013.03.19 00:36:52.641,1.29526,1.2953
2013.03.19 00:36:52.880,1.29523,1.29528
2013.03.19 00:36:53.300,1.2952,1.29527
2013.03.19 00:36:53.419,1.2952,1.29527
2013.03.19 00:36:53.960,1.29521,1.29527
2013.03.19 00:36:54.490,1.29521,1.29527
2013.03.19 00:36:54.732,1.29523,1.29529
2013.03.19 00:36:54.850,1.29525,1.29529
2013.03.19 00:36:55.210,1.29526,1.29532
2013.03.19 00:36:55.751,1.29525,1.29533
2013.03.19 00:36:57.982,1.29525,1.29528
2013.03.19 00:36:58.113,1.29523,1.29528
2013.03.19 00:36:58.846,1.2952,1.29529
2013.03.19 00:36:59.152,1.29515,1.29522
2013.03.19 00:36:59.950,1.29515,1.29523
2013.03.19 00:37:00.251,1.29522,1.29529
2013.03.19 00:37:00.310,1.29524,1.29529
2013.03.19 00:37:00.850,1.29522,1.29529
2013.03.19 00:37:02.929,1.29522,1.29529
2013.03.19 00:37:03.871,1.29523,1.29529
2013.03.19 00:37:05.002,1.29522,1.29529
2013.03.19 00:37:05.549,1.29523,1.29529
2013.03.19 00:37:06.654,1.29521,1.29529
2013.03.19 00:37:06.782,1.2952,1.29527
2013.03.19 00:37:06.853,1.2952,1.29523
2013.03.19 00:37:07.160,1.29517,1.2952
2013.03.19 00:37:07.340,1.29514,1.2952
2013.03.19 00:37:07.890,1.29515,1.29521
2013.03.19 00:37:09.270,1.29516,1.29523
2013.03.19 00:37:09.800,1.29517,1.29523
2013.03.19 00:37:12.250,1.29517,1.29524
2013.03.19 00:37:15.360,1.29516,1.29523
2013.03.19 00:37:18.210,1.29516,1.29522
2013.03.19 00:37:20.559,1.29516,1.29522
2013.03.19 00:37:20.899,1.29515,1.29523
2013.03.19 00:37:21.140,1.29515,1.29521
2013.03.19 00:37:21.685,1.29513,1.29519
2013.03.19 00:37:22.472,1.29514,1.2952
2013.03.19 00:37:22.591,1.29514,1.29522
2013.03.19 00:37:22.770,1.29517,1.29523
2013.03.19 00:37:23.278,1.29517,1.29523
2013.03.19 00:37:26.747,1.29518,1.29524
2013.03.19 00:37:28.331,1.29518,1.29523
2013.03.19 00:37:28.390,1.29515,1.29523
2013.03.19 00:37:28.570,1.29516,1.29521
2013.03.19 00:37:29.129,1.29516,1.29523
2013.03.19 00:37:31.259,1.29517,1.29523
2013.03.19 00:37:34.281,1.29516,1.29523
2013.03.19 00:37:34.701,1.29515,1.29521
2013.03.19 00:37:34.942,1.29514,1.29521
2013.03.19 00:37:35.360,1.29511,1.29519
2013.03.19 00:37:35.420,1.29511,1.29518
2013.03.19 00:37:35.541,1.29513,1.29519
2013.03.19 00:37:35.663,1.29513,1.29519
2013.03.19 00:37:35.970,1.29519,1.29525
2013.03.19 00:37:36.030,1.2952,1.29527
2013.03.19 00:37:36.151,1.29521,1.29527
2013.03.19 00:37:36.509,1.29521,1.29526
2013.03.19 00:37:36.911,1.29523,1.29528
2013.03.19 00:37:37.270,1.29523,1.29531
2013.03.19 00:37:38.150,1.29525,1.29531
2013.03.19 00:37:38.909,1.29525,1.29531
2013.03.19 00:37:39.221,1.29524,1.29529
2013.03.19 00:37:39.520,1.29517,1.29524
2013.03.19 00:37:39.642,1.29517,1.29524
2013.03.19 00:37:39.882,1.29517,1.29523
2013.03.19 00:37:39.943,1.29518,1.29524
2013.03.19 00:37:40.370,1.29518,1.29523
2013.03.19 00:37:40.909,1.29517,1.29523
2013.03.19 00:37:41.270,1.29518,1.29525
2013.03.19 00:37:42.020,1.2952,1.29525
2013.03.19 00:37:42.559,1.2952,1.29527
2013.03.19 00:37:44.210,1.29522,1.29528
2013.03.19 00:37:44.420,1.29522,1.29528
2013.03.19 00:37:44.490,1.29522,1.29528
2013.03.19 00:37:44.638,1.29522,1.29528
2013.03.19 00:37:44.702,1.29522,1.29528
2013.03.19 00:37:44.823,1.29522,1.29528
2013.03.19 00:37:45.130,1.29523,1.29525
2013.03.19 00:37:45.191,1.29523,1.29527
2013.03.19 00:37:46.580,1.29522,1.29527
2013.03.19 00:37:47.970,1.29521,1.29528
2013.03.19 00:37:48.860,1.2952,1.29527
2013.03.19 00:37:49.041,1.29519,1.29525
2013.03.19 00:37:50.458,1.29518,1.29523
2013.03.19 00:37:50.779,1.29517,1.29523
2013.03.19 00:37:51.290,1.29517,1.29523
2013.03.19 00:37:51.649,1.29516,1.29523
2013.03.19 00:37:52.418,1.29517,1.29523
2013.03.19 00:37:52.540,1.29519,1.29523
2013.03.19 00:37:52.660,1.29519,1.29524
2013.03.19 00:37:52.780,1.2952,1.29527
2013.03.19 00:37:53.178,1.2952,1.29527
2013.03.19 00:37:56.692,1.29521,1.29527
2013.03.19 00:37:56.999,1.29521,1.29527
2013.03.19 00:37:57.300,1.29526,1.29534
2013.03.19 00:37:57.481,1.29527,1.29534
2013.03.19 00:37:57.839,1.29528,1.29535
2013.03.19 00:37:59.020,1.29527,1.29534
2013.03.19 00:38:00.570,1.29529,1.29535
2013.03.19 00:38:01.040,1.29531,1.29535
2013.03.19 00:38:01.582,1.29531,1.29536
2013.03.19 00:38:03.291,1.29531,1.29536
2013.03.19 00:38:04.298,1.2953,1.29535
2013.03.19 00:38:04.611,1.29525,1.29531
2013.03.19 00:38:04.671,1.29525,1.29531
2013.03.19 00:38:04.731,1.29524,1.29527
2013.03.19 00:38:04.971,1.2952,1.29526
2013.03.19 00:38:05.150,1.29519,1.29525
2013.03.19 00:38:05.972,1.2952,1.29525
2013.03.19 00:38:06.481,1.2952,1.29525
2013.03.19 00:38:06.605,1.29516,1.29522
2013.03.19 00:38:06.730,1.29515,1.29522
2013.03.19 00:38:07.089,1.29515,1.29521
2013.03.19 00:38:08.350,1.29516,1.2952
2013.03.19 00:38:08.999,1.29516,1.2952
2013.03.19 00:38:09.241,1.29511,1.29518
2013.03.19 00:38:09.480,1.29511,1.29516
2013.03.19 00:38:10.020,1.2951,1.29516
2013.03.19 00:38:10.321,1.29513,1.2952
2013.03.19 00:38:10.381,1.29513,1.2952
2013.03.19 00:38:10.740,1.29514,1.29522
2013.03.19 00:38:10.860,1.29514,1.29522
2013.03.19 00:38:10.979,1.29515,1.29522
2013.03.19 00:38:11.039,1.29515,1.29522
2013.03.19 00:38:14.160,1.29515,1.29522
2013.03.19 00:38:14.280,1.29513,1.29517
2013.03.19 00:38:14.341,1.29513,1.29518
2013.03.19 00:38:14.401,1.29512,1.29516
2013.03.19 00:38:14.522,1.29509,1.29513
2013.03.19 00:38:14.580,1.29506,1.29511
2013.03.19 00:38:14.820,1.29505,1.29511
2013.03.19 00:38:15.180,1.29504,1.29511
2013.03.19 00:38:16.601,1.29506,1.29512
2013.03.19 00:38:18.300,1.29508,1.29514
2013.03.19 00:38:18.421,1.29509,1.29515
2013.03.19 00:38:18.484,1.29509,1.29515
2013.03.19 00:38:18.551,1.29509,1.29517
2013.03.19 00:38:18.854,1.29514,1.29521
2013.03.19 00:38:19.745,1.29515,1.29523
2013.03.19 00:38:19.821,1.29515,1.29522
2013.03.19 00:38:22.980,1.29517,1.29523
2013.03.19 00:38:23.691,1.29514,1.2952
2013.03.19 00:38:23.750,1.29513,1.2952
2013.03.19 00:38:24.229,1.29513,1.29519
2013.03.19 00:38:24.733,1.29513,1.29519
2013.03.19 00:38:26.150,1.29517,1.29519
2013.03.19 00:38:26.331,1.29517,1.29522
2013.03.19 00:38:26.869,1.29516,1.29522
2013.03.19 00:38:28.851,1.29515,1.29518
2013.03.19 00:38:28.971,1.29512,1.29516
2013.03.19 00:38:29.031,1.29507,1.29516
2013.03.19 00:38:29.211,1.29507,1.29514
2013.03.19 00:38:31.260,1.29509,1.29515
2013.03.19 00:38:31.499,1.29509,1.29515
2013.03.19 00:38:35.050,1.2951,1.29514
2013.03.19 00:38:35.590,1.29508,1.29514
2013.03.19 00:38:35.950,1.29506,1.29512
2013.03.19 00:38:36.494,1.29506,1.29512
2013.03.19 00:38:37.399,1.29505,1.29512
2013.03.19 00:38:37.940,1.29506,1.29512
2013.03.19 00:38:44.790,1.29507,1.29514
2013.03.19 00:38:46.041,1.29507,1.29513
2013.03.19 00:38:46.626,1.29506,1.29512
2013.03.19 00:38:47.761,1.29507,1.29512
2013.03.19 00:38:47.822,1.29508,1.29513
2013.03.19 00:38:47.880,1.29508,1.29515
2013.03.19 00:38:48.420,1.29509,1.29514
2013.03.19 00:38:48.959,1.2951,1.29517
2013.03.19 00:38:49.379,1.29509,1.29515
2013.03.19 00:38:51.133,1.29509,1.29515
2013.03.19 00:38:53.031,1.29507,1.29513
2013.03.19 00:38:53.571,1.29507,1.29513
2013.03.19 00:38:56.939,1.29508,1.29514
2013.03.19 00:38:57.489,1.29508,1.29515
2013.03.19 00:38:58.030,1.29512,1.29516
2013.03.19 00:38:58.390,1.29514,1.29522
2013.03.19 00:38:58.449,1.29514,1.29522
2013.03.19 00:38:58.570,1.29514,1.29522
2013.03.19 00:38:59.403,1.29517,1.29523
2013.03.19 00:39:03.460,1.29518,1.29523
2013.03.19 00:39:03.584,1.29519,1.29526
2013.03.19 00:39:03.710,1.29521,1.29528
2013.03.19 00:39:03.832,1.29522,1.29528
2013.03.19 00:39:04.133,1.29526,1.29533
2013.03.19 00:39:04.200,1.29526,1.29533
2013.03.19 00:39:04.501,1.29526,1.29533
2013.03.19 00:39:05.011,1.29526,1.29533
2013.03.19 00:39:10.072,1.29525,1.29533
2013.03.19 00:39:12.320,1.29524,1.29533
2013.03.19 00:39:14.190,1.29525,1.29533
2013.03.19 00:39:16.669,1.29525,1.29533
2013.03.19 00:39:16.970,1.29527,1.29535
2013.03.19 00:39:18.752,1.29528,1.29535
2013.03.19 00:39:22.529,1.29531,1.29536
2013.03.19 00:39:23.020,1.29532,1.29536
2013.03.19 00:39:24.370,1.29532,1.29536
2013.03.19 00:39:25.160,1.29532,1.29536
2013.03.19 00:39:26.559,1.29532,1.29536
2013.03.19 00:39:30.400,1.29532,1.29536
2013.03.19 00:39:33.803,1.2953,1.29535
2013.03.19 00:39:34.470,1.2953,1.29535
2013.03.19 00:39:34.987,1.2953,1.29536
2013.03.19 00:39:36.819,1.2953,1.29537
2013.03.19 00:39:36.939,1.29532,1.29539
2013.03.19 00:39:36.999,1.29532,1.29539
2013.03.19 00:39:37.121,1.29534,1.29542
2013.03.19 00:39:37.300,1.29536,1.29542
2013.03.19 00:39:37.600,1.29536,1.29542
2013.03.19 00:39:37.659,1.29536,1.29542
2013.03.19 00:39:38.423,1.2954,1.29546
2013.03.19 00:39:39.209,1.2954,1.29546
2013.03.19 00:39:40.194,1.29539,1.29545
2013.03.19 00:39:40.320,1.29537,1.29543
2013.03.19 00:39:40.440,1.29537,1.29543
2013.03.19 00:39:40.749,1.29539,1.29546
2013.03.19 00:39:41.289,1.29539,1.29546
2013.03.19 00:39:41.893,1.29539,1.29546
2013.03.19 00:39:47.229,1.29539,1.29545
2013.03.19 00:39:48.291,1.29539,1.29546
2013.03.19 00:39:48.831,1.29541,1.29546
2013.03.19 00:39:49.609,1.29542,1.29546
2013.03.19 00:39:52.980,1.29542,1.29546
2013.03.19 00:39:54.131,1.29542,1.29546
2013.03.19 00:39:54.731,1.29542,1.29546
2013.03.19 00:39:59.710,1.29542,1.29546
2013.03.19 00:40:03.532,1.29543,1.29548
2013.03.19 00:40:03.780,1.29545,1.29551
2013.03.19 00:40:04.079,1.29545,1.29551
2013.03.19 00:40:04.622,1.29549,1.29553
2013.03.19 00:40:04.930,1.29549,1.29555
2013.03.19 00:40:05.599,1.29549,1.29555
2013.03.19 00:40:06.809,1.2955,1.29556
2013.03.19 00:40:07.363,1.29549,1.29556
2013.03.19 00:40:07.909,1.29552,1.29558
2013.03.19 00:40:08.470,1.29552,1.29558
2013.03.19 00:40:08.530,1.29554,1.29561
2013.03.19 00:40:08.710,1.29554,1.2956
2013.03.19 00:40:09.082,1.29554,1.2956
2013.03.19 00:40:09.262,1.29554,1.29558
2013.03.19 00:40:09.331,1.29552,1.29558
2013.03.19 00:40:09.390,1.29552,1.29558
2013.03.19 00:40:09.510,1.29551,1.29558
2013.03.19 00:40:10.055,1.29549,1.29556
2013.03.19 00:40:10.590,1.29549,1.29556
2013.03.19 00:40:11.150,1.29549,1.29556
2013.03.19 00:40:12.310,1.2955,1.29556
2013.03.19 00:40:12.429,1.2955,1.29556
2013.03.19 00:40:14.089,1.29549,1.29556
2013.03.19 00:40:14.429,1.29549,1.29556
2013.03.19 00:40:14.490,1.29549,1.29555
2013.03.19 00:40:18.390,1.29549,1.29554
2013.03.19 00:40:19.287,1.29548,1.29554
2013.03.19 00:40:19.529,1.29546,1.29552
2013.03.19 00:40:19.709,1.29546,1.29553
2013.03.19 00:40:19.830,1.29546,1.29552
2013.03.19 00:40:20.254,1.29546,1.29553
2013.03.19 00:40:20.327,1.29546,1.29552
2013.03.19 00:40:20.870,1.29546,1.2955
2013.03.19 00:40:21.230,1.29551,1.29557
2013.03.19 00:40:21.353,1.29551,1.29557
2013.03.19 00:40:21.967,1.29552,1.29558
2013.03.19 00:40:24.070,1.29552,1.29559
2013.03.19 00:40:25.071,1.29552,1.29559
2013.03.19 00:40:26.079,1.29554,1.29561
2013.03.19 00:40:26.913,1.29555,1.29561
2013.03.19 00:40:26.999,1.29556,1.29563
2013.03.19 00:40:27.520,1.29555,1.29561
2013.03.19 00:40:28.030,1.29556,1.29561
2013.03.19 00:40:31.600,1.29556,1.29563
2013.03.19 00:40:32.800,1.29557,1.29563
2013.03.19 00:40:36.820,1.29557,1.29562
2013.03.19 00:40:37.059,1.29555,1.29561
2013.03.19 00:40:37.839,1.29555,1.29559
2013.03.19 00:40:38.201,1.29553,1.29557
2013.03.19 00:40:38.860,1.29551,1.29555
2013.03.19 00:40:39.673,1.29552,1.29556
2013.03.19 00:40:39.992,1.29553,1.29557
2013.03.19 00:40:40.229,1.29553,1.29559
2013.03.19 00:40:40.349,1.29555,1.2956
2013.03.19 00:40:40.420,1.29555,1.29561
2013.03.19 00:40:40.779,1.29555,1.29562
2013.03.19 00:40:41.379,1.29557,1.29562
2013.03.19 00:40:41.620,1.29557,1.29564
2013.03.19 00:40:41.800,1.29557,1.29563
2013.03.19 00:40:42.280,1.29557,1.29563
2013.03.19 00:40:42.630,1.29557,1.29563
2013.03.19 00:40:42.692,1.29557,1.29564
2013.03.19 00:40:42.812,1.29559,1.29564
2013.03.19 00:40:43.000,1.29563,1.29569
2013.03.19 00:40:43.552,1.29563,1.29569
2013.03.19 00:40:44.090,1.29562,1.29568
2013.03.19 00:40:44.890,1.29563,1.29575
2013.03.19 00:40:45.132,1.29565,1.29572
2013.03.19 00:40:45.442,1.29569,1.29575
2013.03.19 00:40:45.981,1.29569,1.29575
2013.03.19 00:40:46.522,1.29569,1.29575
2013.03.19 00:40:47.081,1.2957,1.29575
2013.03.19 00:40:47.380,1.29571,1.29575
2013.03.19 00:40:47.621,1.29569,1.29575
2013.03.19 00:40:47.919,1.29568,1.29574
2013.03.19 00:40:48.039,1.29567,1.29572
2013.03.19 00:40:48.354,1.29566,1.29572
2013.03.19 00:40:48.541,1.29564,1.2957
2013.03.19 00:40:48.721,1.29564,1.29568
2013.03.19 00:40:49.259,1.29563,1.29569
2013.03.19 00:40:50.273,1.29563,1.29569
2013.03.19 00:40:50.760,1.29561,1.29566
2013.03.19 00:40:51.302,1.29561,1.29568
2013.03.19 00:40:52.361,1.29561,1.29568
2013.03.19 00:40:55.459,1.2956,1.29568
2013.03.19 00:40:58.690,1.2956,1.29565
2013.03.19 00:41:01.235,1.29557,1.29564
2013.03.19 00:41:03.090,1.29557,1.29563
2013.03.19 00:41:03.271,1.29556,1.29561
2013.03.19 00:41:03.631,1.29551,1.29558
2013.03.19 00:41:03.700,1.29551,1.29555
2013.03.19 00:41:03.881,1.29548,1.29553
2013.03.19 00:41:04.420,1.29549,1.29555
