Time,Bid,Ask
2013.03.17 21:00:12.378,1.29052,1.29087
2013.03.17 21:00:12.532,1.29051,1.29091
2013.03.17 21:00:12.990,1.2907,1.29074
2013.03.17 21:00:13.329,1.29058,1.29083
2013.03.17 21:00:13.390,1.2905,1.29082
2013.03.17 21:00:14.253,1.29051,1.29079
2013.03.17 21:00:14.598,1.29053,1.29079
2013.03.17 21:00:14.936,1.29057,1.29076
2013.03.17 21:00:16.169,1.29056,1.29073
2013.03.17 21:00:16.229,1.29053,1.29073
2013.03.17 21:00:16.998,1.29049,1.29073
2013.03.17 21:00:17.088,1.29046,1.29069
2013.03.17 21:00:17.641,1.29046,1.29066
2013.03.17 21:00:18.048,1.29043,1.29066
2013.03.17 21:00:18.480,1.29045,1.29065
2013.03.17 21:00:18.598,1.29043,1.29064
2013.03.17 21:00:18.805,1.29046,1.29064
2013.03.17 21:00:19.048,1.29043,1.29064
2013.03.17 21:00:19.652,1.29043,1.29065
2013.03.17 21:00:20.418,1.29043,1.29069
2013.03.17 21:00:20.558,1.29047,1.29069
2013.03.17 21:00:20.910,1.29049,1.29069
2013.03.17 21:00:21.028,1.29046,1.29069
2013.03.17 21:00:21.112,1.29046,1.29072
2013.03.17 21:00:21.238,1.2905,1.29072
2013.03.17 21:00:21.658,1.29054,1.29072
2013.03.17 21:00:22.312,1.29054,1.29073
2013.03.17 21:00:22.508,1.29051,1.29073
2013.03.17 21:00:22.678,1.29051,1.29071
2013.03.17 21:00:22.798,1.29046,1.29071
2013.03.17 21:00:22.858,1.29046,1.29066
2013.03.17 21:00:23.008,1.29041,1.29066
2013.03.17 21:00:23.358,1.29032,1.29076
2013.03.17 21:00:23.478,1.2904,1.2907
2013.03.17 21:00:23.628,1.2904,1.29072
2013.03.17 21:00:24.108,1.2904,1.29074
2013.03.17 21:00:24.632,1.29042,1.29075
2013.03.17 21:00:24.789,1.29051,1.29076
2013.03.17 21:00:24.928,1.29049,1.29076
2013.03.17 21:00:25.048,1.29049,1.29072
2013.03.17 21:00:25.108,1.29045,1.29078
2013.03.17 21:00:25.168,1.2905,1.29075
2013.03.17 21:00:25.228,1.29049,1.29078
2013.03.17 21:00:25.288,1.29053,1.29076
2013.03.17 21:00:25.738,1.29058,1.29074
2013.03.17 21:00:26.283,1.29059,1.29076
2013.03.17 21:00:26.588,1.2906,1.29077
2013.03.17 21:00:26.999,1.29058,1.2908
2013.03.17 21:00:27.278,1.29064,1.29088
2013.03.17 21:00:27.338,1.29066,1.29089
2013.03.17 21:00:27.680,1.29064,1.29089
2013.03.17 21:00:28.321,1.29062,1.29088
2013.03.17 21:00:28.839,1.29063,1.29088
2013.03.17 21:00:30.470,1.29062,1.29091
2013.03.17 21:00:30.618,1.29062,1.29093
2013.03.17 21:00:30.678,1.29062,1.29095
2013.03.17 21:00:31.310,1.29046,1.29099
2013.03.17 21:00:31.409,1.29057,1.29091
2013.03.17 21:00:31.478,1.2906,1.291
2013.03.17 21:00:31.598,1.2906,1.29086
2013.03.17 21:00:31.838,1.2906,1.2909
2013.03.17 21:00:32.088,1.29061,1.29087
2013.03.17 21:00:32.299,1.2906,1.29086
2013.03.17 21:00:32.505,1.29042,1.29097
2013.03.17 21:00:32.629,1.29052,1.29089
2013.03.17 21:00:33.289,1.29056,1.29086
2013.03.17 21:00:33.618,1.29053,1.2909
2013.03.17 21:00:33.808,1.29057,1.29088
2013.03.17 21:00:33.988,1.2906,1.29097
2013.03.17 21:00:34.419,1.2906,1.291
2013.03.17 21:00:34.788,1.2906,1.291
2013.03.17 21:00:35.348,1.29067,1.29097
2013.03.17 21:00:35.618,1.2906,1.29097
2013.03.17 21:00:35.678,1.2906,1.29092
2013.03.17 21:00:35.918,1.29066,1.29096
2013.03.17 21:00:36.288,1.29066,1.29093
2013.03.17 21:00:36.528,1.2906,1.29093
2013.03.17 21:00:36.588,1.29066,1.29093
2013.03.17 21:00:36.828,1.2906,1.29093
2013.03.17 21:00:36.988,1.29067,1.29093
2013.03.17 21:00:37.108,1.2906,1.29093
2013.03.17 21:00:37.778,1.29058,1.29093
2013.03.17 21:00:38.588,1.29055,1.29093
2013.03.17 21:00:38.878,1.2906,1.29092
2013.03.17 21:00:39.238,1.29066,1.29092
2013.03.17 21:00:39.648,1.29073,1.29098
2013.03.17 21:00:40.058,1.29071,1.29098
2013.03.17 21:00:40.118,1.29068,1.29094
2013.03.17 21:00:40.629,1.29067,1.29094
2013.03.17 21:00:41.178,1.29067,1.29095
2013.03.17 21:00:42.838,1.29071,1.29089
2013.03.17 21:00:42.959,1.29067,1.29091
2013.03.17 21:00:43.218,1.29064,1.29092
2013.03.17 21:00:43.278,1.29057,1.29094
2013.03.17 21:00:43.610,1.29055,1.29094
2013.03.17 21:00:44.105,1.29057,1.29094
2013.03.17 21:00:44.553,1.29055,1.29094
2013.03.17 21:00:44.879,1.29053,1.29094
2013.03.17 21:00:46.128,1.29051,1.29094
2013.03.17 21:00:46.681,1.29051,1.29095
2013.03.17 21:00:47.528,1.29056,1.29095
2013.03.17 21:00:47.908,1.2906,1.29093
2013.03.17 21:00:48.472,1.2906,1.29092
2013.03.17 21:00:48.960,1.29066,1.29092
2013.03.17 21:00:49.018,1.29072,1.29099
2013.03.17 21:00:49.548,1.29068,1.291
2013.03.17 21:00:49.908,1.29069,1.29097
2013.03.17 21:00:50.328,1.2906,1.29092
2013.03.17 21:00:50.878,1.29056,1.291
2013.03.17 21:00:51.720,1.29058,1.29101
2013.03.17 21:00:52.332,1.29057,1.29101
2013.03.17 21:00:53.668,1.2906,1.29105
2013.03.17 21:01:00.548,1.2906,1.29104
2013.03.17 21:01:01.899,1.29061,1.29105
2013.03.17 21:01:05.688,1.29062,1.29094
2013.03.17 21:01:06.038,1.29071,1.29098
2013.03.17 21:01:06.528,1.29076,1.29103
2013.03.17 21:01:06.728,1.29065,1.29102
2013.03.17 21:01:06.800,1.29065,1.29094
2013.03.17 21:01:07.028,1.29065,1.29102
2013.03.17 21:01:07.760,1.29058,1.29102
2013.03.17 21:01:11.728,1.2906,1.29092
2013.03.17 21:01:12.268,1.29059,1.29091
2013.03.17 21:01:12.828,1.29058,1.2909
2013.03.17 21:01:14.084,1.29059,1.29086
2013.03.17 21:01:14.502,1.29058,1.2909
2013.03.17 21:01:16.059,1.29059,1.29091
2013.03.17 21:01:16.800,1.29059,1.29088
2013.03.17 21:01:17.038,1.29059,1.29091
2013.03.17 21:01:19.458,1.29063,1.2909
2013.03.17 21:01:20.055,1.29069,1.29096
2013.03.17 21:01:20.613,1.2907,1.29097
2013.03.17 21:01:20.943,1.29073,1.291
2013.03.17 21:01:21.400,1.29069,1.29101
2013.03.17 21:01:21.938,1.29068,1.291
2013.03.17 21:01:23.434,1.29076,1.29102
2013.03.17 21:01:23.943,1.29076,1.29103
2013.03.17 21:01:24.058,1.29066,1.2911
2013.03.17 21:01:25.630,1.29069,1.29106
2013.03.17 21:01:25.932,1.29073,1.291
2013.03.17 21:01:26.132,1.29072,1.29099
2013.03.17 21:01:27.832,1.29065,1.29092
2013.03.17 21:01:29.318,1.29064,1.29091
2013.03.17 21:01:29.819,1.29067,1.29094
2013.03.17 21:01:30.238,1.29072,1.291
2013.03.17 21:01:30.628,1.29077,1.29104
2013.03.17 21:01:31.048,1.29074,1.29101
2013.03.17 21:01:31.760,1.29073,1.291
2013.03.17 21:01:32.779,1.29074,1.29101
2013.03.17 21:01:34.059,1.29079,1.29106
2013.03.17 21:01:35.419,1.29078,1.29105
2013.03.17 21:01:36.001,1.29077,1.29104
2013.03.17 21:01:36.878,1.29078,1.29105
2013.03.17 21:01:40.189,1.29079,1.29106
2013.03.17 21:01:40.811,1.29076,1.29103
2013.03.17 21:01:41.428,1.29078,1.29105
2013.03.17 21:01:44.159,1.29079,1.29106
2013.03.17 21:01:47.488,1.29078,1.29105
2013.03.17 21:01:48.059,1.29081,1.29108
2013.03.17 21:01:48.539,1.29084,1.29111
2013.03.17 21:01:49.128,1.29083,1.2911
2013.03.17 21:01:50.276,1.29085,1.29112
2013.03.17 21:01:50.639,1.29081,1.29107
2013.03.17 21:01:50.999,1.29075,1.29115
2013.03.17 21:01:51.329,1.29075,1.29118
2013.03.17 21:01:51.875,1.2907,1.29125
2013.03.17 21:01:52.990,1.29073,1.29124
2013.03.17 21:01:53.393,1.29076,1.29124
2013.03.17 21:01:53.539,1.29076,1.29127
2013.03.17 21:01:53.670,1.29089,1.29115
2013.03.17 21:01:53.789,1.29089,1.29117
2013.03.17 21:01:53.969,1.29091,1.29118
2013.03.17 21:01:55.301,1.29091,1.29123
2013.03.17 21:01:55.818,1.2909,1.29122
2013.03.17 21:01:56.350,1.29093,1.29121
2013.03.17 21:01:56.893,1.29091,1.29123
2013.03.17 21:01:57.990,1.2909,1.29122
2013.03.17 21:02:00.369,1.29093,1.29125
2013.03.17 21:02:00.850,1.29092,1.29112
2013.03.17 21:02:01.149,1.29093,1.29125
2013.03.17 21:02:03.098,1.29093,1.29121
2013.03.17 21:02:03.219,1.29094,1.29126
2013.03.17 21:02:03.399,1.29098,1.29125
2013.03.17 21:02:05.370,1.29099,1.29126
2013.03.17 21:02:05.939,1.291,1.29127
2013.03.17 21:02:06.269,1.29107,1.29134
2013.03.17 21:02:06.809,1.29109,1.29136
2013.03.17 21:02:07.349,1.29108,1.29136
2013.03.17 21:02:07.708,1.29104,1.29132
2013.03.17 21:02:08.071,1.29103,1.29134
2013.03.17 21:02:08.515,1.29103,1.2913
2013.03.17 21:02:08.818,1.29109,1.29136
2013.03.17 21:02:09.059,1.29111,1.2914
2013.03.17 21:02:09.991,1.29111,1.29139
2013.03.17 21:02:10.579,1.29113,1.2914
2013.03.17 21:02:10.940,1.29109,1.29137
2013.03.17 21:02:11.653,1.2911,1.29138
2013.03.17 21:02:12.208,1.29115,1.29142
2013.03.17 21:02:12.750,1.29114,1.29141
2013.03.17 21:02:13.268,1.29115,1.29142
2013.03.17 21:02:13.686,1.29113,1.2914
2013.03.17 21:02:14.241,1.29112,1.29139
2013.03.17 21:02:14.772,1.29113,1.2914
2013.03.17 21:02:15.663,1.29115,1.29142
2013.03.17 21:02:16.270,1.29113,1.2914
2013.03.17 21:02:17.328,1.29116,1.29143
2013.03.17 21:02:17.871,1.29115,1.29142
2013.03.17 21:02:18.499,1.29116,1.29143
2013.03.17 21:02:19.563,1.29117,1.29144
2013.03.17 21:02:20.998,1.29116,1.29143
2013.03.17 21:02:21.589,1.29109,1.29152
2013.03.17 21:02:21.709,1.29115,1.29147
2013.03.17 21:02:22.758,1.29119,1.29146
2013.03.17 21:02:23.311,1.2912,1.29147
2013.03.17 21:02:23.869,1.29121,1.29148
2013.03.17 21:02:24.279,1.29122,1.2915
2013.03.17 21:02:24.459,1.29115,1.29159
2013.03.17 21:02:24.519,1.29116,1.2916
2013.03.17 21:02:24.830,1.29123,1.29167
2013.03.17 21:02:25.215,1.29136,1.29163
2013.03.17 21:02:25.539,1.29123,1.29166
2013.03.17 21:02:25.989,1.29131,1.2916
2013.03.17 21:02:26.529,1.29127,1.29166
2013.03.17 21:02:27.149,1.29138,1.29166
2013.03.17 21:02:27.590,1.29136,1.29165
2013.03.17 21:02:27.770,1.29133,1.29165
2013.03.17 21:02:28.030,1.29122,1.29164
2013.03.17 21:02:28.209,1.29122,1.29166
2013.03.17 21:02:28.269,1.29136,1.29163
2013.03.17 21:02:29.079,1.29138,1.29165
2013.03.17 21:02:29.489,1.29136,1.29157
2013.03.17 21:02:29.949,1.29136,1.29164
2013.03.17 21:02:30.279,1.29123,1.29164
2013.03.17 21:02:30.499,1.2913,1.29154
2013.03.17 21:02:31.268,1.29127,1.29155
2013.03.17 21:02:31.886,1.29126,1.29154
2013.03.17 21:02:32.540,1.29121,1.29149
2013.03.17 21:02:36.280,1.29118,1.29145
2013.03.17 21:02:37.600,1.2912,1.29147
2013.03.17 21:02:39.039,1.2912,1.29148
2013.03.17 21:02:39.399,1.29124,1.29152
2013.03.17 21:02:39.761,1.2913,1.29157
2013.03.17 21:02:40.029,1.29132,1.2916
2013.03.17 21:02:40.729,1.29135,1.29163
2013.03.17 21:02:41.672,1.29134,1.29162
2013.03.17 21:02:41.989,1.29139,1.29166
2013.03.17 21:02:42.229,1.29131,1.29161
2013.03.17 21:02:42.289,1.29127,1.29161
2013.03.17 21:02:42.409,1.2911,1.29165
2013.03.17 21:02:42.819,1.29124,1.29153
2013.03.17 21:02:43.481,1.29126,1.29153
2013.03.17 21:02:49.549,1.29127,1.29155
2013.03.17 21:02:50.172,1.2914,1.29148
2013.03.17 21:02:50.289,1.29133,1.29154
2013.03.17 21:02:50.479,1.29129,1.29156
2013.03.17 21:02:50.989,1.29127,1.29156
2013.03.17 21:02:51.369,1.29123,1.29148
2013.03.17 21:02:51.429,1.29123,1.2915
2013.03.17 21:02:51.769,1.29121,1.29148
2013.03.17 21:02:51.949,1.29117,1.29145
2013.03.17 21:02:52.709,1.29115,1.29143
2013.03.17 21:02:53.219,1.29114,1.29142
2013.03.17 21:02:54.229,1.29111,1.29139
2013.03.17 21:02:54.589,1.29105,1.29132
2013.03.17 21:02:55.488,1.29106,1.29133
2013.03.17 21:02:56.029,1.29104,1.29131
2013.03.17 21:02:56.729,1.29105,1.29132
2013.03.17 21:02:56.868,1.29106,1.29134
2013.03.17 21:02:57.669,1.29107,1.29134
2013.03.17 21:02:58.299,1.29108,1.29135
2013.03.17 21:02:59.640,1.29109,1.29136
2013.03.17 21:03:02.469,1.29108,1.29135
2013.03.17 21:03:02.589,1.29105,1.29137
2013.03.17 21:03:05.149,1.29109,1.29136
2013.03.17 21:03:05.759,1.29105,1.29137
2013.03.17 21:03:06.349,1.29111,1.29139
2013.03.17 21:03:06.658,1.29117,1.29144
2013.03.17 21:03:06.899,1.29112,1.2914
2013.03.17 21:03:11.763,1.29111,1.29139
2013.03.17 21:03:12.729,1.29113,1.29139
2013.03.17 21:03:13.119,1.29114,1.29141
2013.03.17 21:03:14.071,1.29115,1.29142
2013.03.17 21:03:15.399,1.29127,1.29144
2013.03.17 21:03:16.411,1.29126,1.29143
2013.03.17 21:03:16.962,1.29127,1.29144
2013.03.17 21:03:18.329,1.29125,1.29147
2013.03.17 21:03:18.509,1.29126,1.29148
2013.03.17 21:03:18.869,1.29129,1.29147
2013.03.17 21:03:19.208,1.29135,1.29152
2013.03.17 21:03:25.611,1.29131,1.29158
2013.03.17 21:03:25.968,1.29137,1.29154
2013.03.17 21:03:26.270,1.29138,1.29155
2013.03.17 21:03:26.599,1.29139,1.29156
2013.03.17 21:03:28.641,1.2914,1.29157
2013.03.17 21:03:29.080,1.29141,1.29158
2013.03.17 21:03:29.681,1.29142,1.29159
2013.03.17 21:03:30.429,1.29143,1.2916
2013.03.17 21:03:31.001,1.29144,1.29161
2013.03.17 21:03:31.549,1.29145,1.29162
2013.03.17 21:03:32.700,1.29146,1.29163
2013.03.17 21:03:32.759,1.29133,1.29171
2013.03.17 21:03:32.819,1.29133,1.2916
2013.03.17 21:03:32.939,1.29125,1.2916
2013.03.17 21:03:33.179,1.29122,1.29156
2013.03.17 21:03:33.640,1.29135,1.29156
2013.03.17 21:03:34.199,1.29127,1.29161
2013.03.17 21:03:34.929,1.29136,1.29153
2013.03.17 21:03:35.442,1.29126,1.2916
2013.03.17 21:03:38.428,1.29125,1.29159
2013.03.17 21:03:39.079,1.29124,1.29158
2013.03.17 21:03:39.199,1.29136,1.29157
2013.03.17 21:03:39.559,1.29139,1.29156
2013.03.17 21:03:39.679,1.29134,1.2916
2013.03.17 21:03:39.739,1.29129,1.29163
2013.03.17 21:03:40.171,1.29134,1.29156
2013.03.17 21:03:40.649,1.29127,1.29161
2013.03.17 21:03:41.161,1.29126,1.2916
2013.03.17 21:03:41.502,1.29127,1.29149
2013.03.17 21:03:41.839,1.29114,1.29148
2013.03.17 21:03:42.963,1.29126,1.29148
2013.03.17 21:03:43.410,1.2913,1.29148
2013.03.17 21:03:43.730,1.29134,1.29151
2013.03.17 21:03:44.079,1.29129,1.29147
2013.03.17 21:03:44.581,1.29135,1.29152
2013.03.17 21:03:45.069,1.29132,1.2915
2013.03.17 21:03:45.450,1.29127,1.29145
2013.03.17 21:03:45.770,1.29132,1.29149
2013.03.17 21:03:46.061,1.29129,1.29147
2013.03.17 21:03:46.609,1.29132,1.29149
2013.03.17 21:03:47.100,1.2913,1.29148
2013.03.17 21:03:47.219,1.29129,1.29147
2013.03.17 21:03:48.359,1.29128,1.29146
2013.03.17 21:03:48.798,1.29127,1.29144
2013.03.17 21:03:49.218,1.29125,1.29143
2013.03.17 21:03:49.868,1.29124,1.29141
2013.03.17 21:03:50.294,1.29123,1.2914
2013.03.17 21:03:50.788,1.29117,1.29134
2013.03.17 21:03:51.185,1.29118,1.29135
2013.03.17 21:03:51.538,1.29122,1.29139
2013.03.17 21:03:52.250,1.29124,1.29141
2013.03.17 21:03:52.893,1.29123,1.2914
2013.03.17 21:03:53.508,1.29125,1.29142
2013.03.17 21:03:54.009,1.29124,1.29141
2013.03.17 21:03:55.058,1.29125,1.29143
2013.03.17 21:03:55.299,1.29124,1.29146
2013.03.17 21:03:55.978,1.29125,1.29147
2013.03.17 21:03:57.378,1.29126,1.29148
2013.03.17 21:03:57.438,1.29131,1.29145
2013.03.17 21:03:57.560,1.29131,1.29148
2013.03.17 21:03:57.678,1.29124,1.29158
2013.03.17 21:03:57.799,1.29134,1.29156
2013.03.17 21:03:58.008,1.29131,1.29162
2013.03.17 21:03:58.448,1.29132,1.29166
2013.03.17 21:03:58.568,1.29141,1.29159
2013.03.17 21:03:58.888,1.29138,1.29166
2013.03.17 21:03:58.948,1.29132,1.29166
2013.03.17 21:03:59.529,1.29131,1.29165
2013.03.17 21:03:59.648,1.29138,1.2916
2013.03.17 21:04:00.008,1.29133,1.29151
2013.03.17 21:04:00.718,1.2914,1.29157
2013.03.17 21:04:01.018,1.29137,1.29159
2013.03.17 21:04:01.801,1.29134,1.29152
2013.03.17 21:04:02.408,1.29126,1.29157
2013.03.17 21:04:02.839,1.29131,1.29149
2013.03.17 21:04:03.489,1.29124,1.29154
2013.03.17 21:04:04.088,1.29129,1.29147
2013.03.17 21:04:04.648,1.2913,1.29147
2013.03.17 21:04:04.768,1.29125,1.29144
2013.03.17 21:04:05.318,1.29127,1.29145
2013.03.17 21:04:08.458,1.29121,1.29161
2013.03.17 21:04:09.629,1.29119,1.29158
2013.03.17 21:04:10.477,1.2913,1.29145
2013.03.17 21:04:10.559,1.29128,1.29145
2013.03.17 21:04:10.618,1.29127,1.29144
2013.03.17 21:04:10.678,1.29115,1.29154
2013.03.17 21:04:10.918,1.29114,1.29153
2013.03.17 21:04:11.528,1.29128,1.29146
2013.03.17 21:04:11.968,1.2912,1.29152
2013.03.17 21:04:12.088,1.29116,1.29154
2013.03.17 21:04:14.279,1.29121,1.29143
2013.03.17 21:04:15.098,1.29125,1.29142
2013.03.17 21:04:15.219,1.29121,1.29153
2013.03.17 21:04:15.338,1.29104,1.29169
2013.03.17 21:04:15.398,1.29103,1.29168
2013.03.17 21:04:15.710,1.29114,1.29155
2013.03.17 21:04:16.158,1.2912,1.29147
2013.03.17 21:04:16.638,1.29115,1.29149
2013.03.17 21:04:16.700,1.29114,1.29148
2013.03.17 21:04:17.278,1.29124,1.29142
2013.03.17 21:04:17.649,1.29106,1.29164
2013.03.17 21:04:17.709,1.29116,1.29151
2013.03.17 21:04:17.768,1.29129,1.29136
2013.03.17 21:04:17.829,1.29113,1.29151
2013.03.17 21:04:18.138,1.29113,1.2915
2013.03.17 21:04:18.808,1.29121,1.2914
2013.03.17 21:04:19.578,1.2912,1.29139
2013.03.17 21:04:19.989,1.29119,1.29137
2013.03.17 21:04:20.348,1.29117,1.29137
2013.03.17 21:04:20.709,1.29114,1.29138
2013.03.17 21:04:21.318,1.29116,1.29134
2013.03.17 21:04:21.888,1.29112,1.29136
2013.03.17 21:04:22.438,1.29115,1.29132
2013.03.17 21:04:23.619,1.29119,1.29142
2013.03.17 21:04:23.858,1.29117,1.29139
2013.03.17 21:04:24.370,1.29114,1.29139
2013.03.17 21:04:24.729,1.29117,1.29134
2013.03.17 21:04:25.107,1.29116,1.29133
2013.03.17 21:04:26.765,1.29114,1.29133
2013.03.17 21:04:26.948,1.29114,1.29131
2013.03.17 21:04:28.019,1.29113,1.2913
2013.03.17 21:04:29.282,1.29112,1.29129
2013.03.17 21:04:29.889,1.29111,1.29129
2013.03.17 21:04:30.468,1.2911,1.29128
2013.03.17 21:04:30.788,1.29109,1.29126
2013.03.17 21:04:31.028,1.29105,1.29127
2013.03.17 21:04:31.329,1.29106,1.29124
2013.03.17 21:04:31.798,1.29103,1.29124
2013.03.17 21:04:32.098,1.29101,1.29123
2013.03.17 21:04:32.458,1.29102,1.2912
2013.03.17 21:04:37.269,1.29096,1.29123
2013.03.17 21:04:39.488,1.29097,1.2912
2013.03.17 21:04:41.769,1.29096,1.29118
2013.03.17 21:04:43.919,1.29095,1.29117
2013.03.17 21:04:47.068,1.29091,1.29118
2013.03.17 21:04:47.758,1.29091,1.29115
2013.03.17 21:04:52.558,1.29093,1.29111
2013.03.17 21:04:53.869,1.29092,1.2911
2013.03.17 21:04:56.538,1.29091,1.29109
2013.03.17 21:04:57.440,1.2909,1.29108
2013.03.17 21:04:59.598,1.29085,1.2911
2013.03.17 21:05:00.448,1.29082,1.291
2013.03.17 21:05:01.238,1.29081,1.29099
2013.03.17 21:05:02.400,1.29082,1.291
2013.03.17 21:05:02.999,1.29084,1.29102
2013.03.17 21:05:03.588,1.29083,1.29101
2013.03.17 21:05:06.079,1.29084,1.29102
2013.03.17 21:05:06.548,1.29082,1.29106
2013.03.17 21:05:07.098,1.29088,1.29114
2013.03.17 21:05:09.098,1.29086,1.29103
2013.03.17 21:05:11.689,1.29088,1.29105
2013.03.17 21:05:12.213,1.29087,1.29104
2013.03.17 21:05:13.119,1.29081,1.29099
2013.03.17 21:05:15.189,1.29082,1.29106
2013.03.17 21:05:17.388,1.29083,1.29106
2013.03.17 21:05:18.338,1.29088,1.29105
2013.03.17 21:05:18.768,1.29083,1.29104
2013.03.17 21:05:18.888,1.29076,1.29104
2013.03.17 21:05:19.008,1.29076,1.29097
2013.03.17 21:05:21.479,1.29075,1.29097
2013.03.17 21:05:24.066,1.29079,1.29097
2013.03.17 21:05:24.198,1.29079,1.29099
2013.03.17 21:05:24.648,1.29075,1.29097
2013.03.17 21:05:25.080,1.29079,1.29099
2013.03.17 21:05:28.468,1.29077,1.29099
2013.03.17 21:05:29.438,1.29077,1.29103
2013.03.17 21:05:30.856,1.29076,1.29103
2013.03.17 21:05:32.238,1.29078,1.29107
2013.03.17 21:05:34.878,1.29079,1.29107
2013.03.17 21:05:38.298,1.29078,1.29105
2013.03.17 21:05:38.835,1.29079,1.29102
2013.03.17 21:05:45.415,1.29075,1.29095
2013.03.17 21:05:45.538,1.29071,1.29095
2013.03.17 21:05:45.599,1.29071,1.29096
2013.03.17 21:05:45.968,1.29078,1.29096
2013.03.17 21:05:47.069,1.2908,1.29096
2013.03.17 21:05:47.128,1.29082,1.29107
2013.03.17 21:05:47.248,1.29076,1.29107
2013.03.17 21:05:47.309,1.29082,1.29107
2013.03.17 21:05:47.668,1.29087,1.29107
2013.03.17 21:05:49.738,1.29085,1.29107
2013.03.17 21:05:49.830,1.29082,1.29107
2013.03.17 21:05:50.018,1.29076,1.29107
2013.03.17 21:05:50.138,1.29082,1.29107
2013.03.17 21:05:52.609,1.29077,1.29109
2013.03.17 21:05:52.828,1.29087,1.29109
2013.03.17 21:05:54.248,1.29081,1.29112
2013.03.17 21:05:54.568,1.29083,1.29112
2013.03.17 21:05:55.068,1.29083,1.29112
2013.03.17 21:05:59.308,1.29081,1.29114
2013.03.17 21:06:00.548,1.29084,1.29109
2013.03.17 21:06:04.256,1.29079,1.29112
2013.03.17 21:06:04.321,1.29075,1.29114
2013.03.17 21:06:04.438,1.29073,1.29114
2013.03.17 21:06:04.678,1.29071,1.29113
2013.03.17 21:06:04.899,1.29071,1.2911
2013.03.17 21:06:05.120,1.29069,1.29109
2013.03.17 21:06:05.889,1.29068,1.29108
2013.03.17 21:06:05.949,1.29076,1.29097
2013.03.17 21:06:06.290,1.29074,1.29097
2013.03.17 21:06:06.848,1.29069,1.291
2013.03.17 21:06:07.208,1.29077,1.29089
2013.03.17 21:06:07.388,1.29069,1.29099
2013.03.17 21:06:07.568,1.29071,1.29099
2013.03.17 21:06:13.418,1.29072,1.291
2013.03.17 21:06:13.609,1.29078,1.29107
2013.03.17 21:06:16.298,1.29078,1.29096
2013.03.17 21:06:16.538,1.29072,1.29094
2013.03.17 21:06:16.718,1.29072,1.29094
2013.03.17 21:06:16.838,1.29068,1.29094
2013.03.17 21:06:16.958,1.29068,1.29094
2013.03.17 21:06:18.706,1.29068,1.29107
2013.03.17 21:06:20.228,1.29072,1.29104
2013.03.17 21:06:20.669,1.29076,1.29104
2013.03.17 21:06:22.938,1.29076,1.29109
2013.03.17 21:06:23.419,1.29079,1.29109
2013.03.17 21:06:28.108,1.29083,1.29101
2013.03.17 21:06:28.419,1.29083,1.29101
2013.03.17 21:06:28.478,1.29078,1.29104
2013.03.17 21:06:30.698,1.29079,1.29101
2013.03.17 21:06:31.228,1.29079,1.29099
2013.03.17 21:06:32.119,1.2908,1.29096
2013.03.17 21:06:32.189,1.29078,1.29103
2013.03.17 21:06:32.728,1.29079,1.29101
2013.03.17 21:06:33.378,1.29077,1.29099
2013.03.17 21:06:33.858,1.29078,1.29095
2013.03.17 21:06:33.918,1.29075,1.29096
2013.03.17 21:06:34.038,1.29072,1.29089
2013.03.17 21:06:34.158,1.29068,1.29096
2013.03.17 21:06:35.798,1.29068,1.29106
2013.03.17 21:06:39.308,1.29077,1.29099
2013.03.17 21:06:40.238,1.29078,1.291
2013.03.17 21:06:40.418,1.29078,1.291
2013.03.17 21:06:40.738,1.29078,1.291
2013.03.17 21:06:41.279,1.29079,1.29101
2013.03.17 21:06:41.338,1.29081,1.29103
2013.03.17 21:06:42.158,1.29083,1.29103
2013.03.17 21:06:43.489,1.29081,1.29103
2013.03.17 21:06:43.728,1.29074,1.29096
2013.03.17 21:06:45.068,1.29079,1.29096
2013.03.17 21:06:45.188,1.29076,1.29101
2013.03.17 21:06:45.718,1.29083,1.29103
2013.03.17 21:06:46.258,1.29083,1.29105
2013.03.17 21:06:47.968,1.29086,1.29108
2013.03.17 21:06:48.478,1.29086,1.2911
2013.03.17 21:06:49.409,1.29089,1.29108
2013.03.17 21:06:50.588,1.29087,1.29111
2013.03.17 21:06:50.648,1.29092,1.29116
2013.03.17 21:06:51.527,1.29098,1.29121
2013.03.17 21:06:51.590,1.29096,1.29121
2013.03.17 21:06:55.598,1.29097,1.29122
2013.03.17 21:06:58.064,1.29097,1.29119
2013.03.17 21:06:58.839,1.29094,1.29111
2013.03.17 21:07:03.459,1.29092,1.29109
2013.03.17 21:07:03.886,1.29092,1.29109
2013.03.17 21:07:04.289,1.29094,1.29113
2013.03.17 21:07:06.138,1.29096,1.29113
2013.03.17 21:07:07.387,1.29091,1.29114
2013.03.17 21:07:14.548,1.29097,1.29114
2013.03.17 21:07:14.668,1.29095,1.29119
2013.03.17 21:07:18.528,1.29102,1.29119
2013.03.17 21:07:19.069,1.29095,1.29129
2013.03.17 21:07:19.128,1.29099,1.29128
2013.03.17 21:07:19.638,1.29095,1.29135
2013.03.17 21:07:19.929,1.291,1.29143
2013.03.17 21:07:20.828,1.29111,1.29144
2013.03.17 21:07:21.788,1.2911,1.29144
2013.03.17 21:07:21.999,1.29102,1.29144
2013.03.17 21:07:24.400,1.29104,1.29145
2013.03.17 21:07:24.519,1.29111,1.29151
2013.03.17 21:07:25.278,1.29106,1.29146
2013.03.17 21:07:25.653,1.29104,1.29138
2013.03.17 21:07:30.901,1.29106,1.29138
2013.03.17 21:07:31.468,1.29104,1.29144
2013.03.17 21:07:31.588,1.29117,1.29139
2013.03.17 21:07:31.648,1.29116,1.29139
2013.03.17 21:07:32.078,1.29113,1.29141
2013.03.17 21:07:32.688,1.29113,1.29154
2013.03.17 21:07:33.228,1.29112,1.29154
2013.03.17 21:07:33.549,1.29114,1.29144
2013.03.17 21:07:34.938,1.29122,1.29144
2013.03.17 21:07:36.239,1.29116,1.29144
2013.03.17 21:07:36.629,1.29113,1.29136
2013.03.17 21:07:37.160,1.29113,1.29137
2013.03.17 21:07:37.526,1.29109,1.29141
2013.03.17 21:07:39.769,1.29117,1.29134
2013.03.17 21:07:39.889,1.29118,1.29135
2013.03.17 21:07:40.009,1.29117,1.29139
2013.03.17 21:07:40.068,1.29118,1.2914
2013.03.17 21:07:41.559,1.29115,1.29145
2013.03.17 21:07:41.898,1.29122,1.29141
2013.03.17 21:07:43.508,1.29124,1.29142
2013.03.17 21:07:44.420,1.29131,1.29148
2013.03.17 21:07:45.191,1.2913,1.29148
2013.03.17 21:07:45.568,1.29132,1.29148
2013.03.17 21:07:45.718,1.2913,1.29148
2013.03.17 21:07:46.230,1.29131,1.29158
2013.03.17 21:07:46.288,1.29134,1.29158
2013.03.17 21:07:46.408,1.29131,1.29158
2013.03.17 21:07:46.468,1.29132,1.29158
2013.03.17 21:07:49.968,1.29134,1.29158
2013.03.17 21:07:50.939,1.29134,1.29151
2013.03.17 21:07:52.298,1.29134,1.29158
2013.03.17 21:07:52.608,1.29138,1.29158
2013.03.17 21:07:52.728,1.29134,1.29151
2013.03.17 21:07:52.908,1.29137,1.29151
2013.03.17 21:07:53.028,1.29133,1.29151
2013.03.17 21:07:53.088,1.29135,1.29151
2013.03.17 21:07:53.669,1.29133,1.29151
2013.03.17 21:07:54.849,1.29133,1.29151
2013.03.17 21:07:55.860,1.29132,1.29158
2013.03.17 21:07:56.219,1.29135,1.29158
2013.03.17 21:07:56.338,1.29138,1.29158
2013.03.17 21:07:56.770,1.29138,1.29158
2013.03.17 21:07:57.988,1.29139,1.29156
2013.03.17 21:07:58.048,1.29139,1.29156
2013.03.17 21:07:58.338,1.29139,1.29156
2013.03.17 21:07:59.502,1.29139,1.29156
2013.03.17 21:07:59.858,1.2914,1.29156
2013.03.17 21:08:00.230,1.29142,1.29156
2013.03.17 21:08:00.288,1.29142,1.29159
2013.03.17 21:08:02.718,1.29142,1.29159
2013.03.17 21:08:02.838,1.29135,1.29168
2013.03.17 21:08:03.708,1.29136,1.2917
2013.03.17 21:08:05.348,1.29143,1.29165
2013.03.17 21:08:06.028,1.29148,1.29169
2013.03.17 21:08:06.498,1.29151,1.29169
2013.03.17 21:08:06.678,1.29147,1.29175
2013.03.17 21:08:07.228,1.29151,1.29182
2013.03.17 21:08:08.458,1.29157,1.29179
2013.03.17 21:08:08.840,1.2916,1.29185
2013.03.17 21:08:11.790,1.29163,1.29185
2013.03.17 21:08:14.608,1.29155,1.29181
2013.03.17 21:08:14.918,1.2915,1.29173
2013.03.17 21:08:15.159,1.29151,1.29175
2013.03.17 21:08:16.018,1.29154,1.29184
2013.03.17 21:08:17.678,1.29156,1.29184
2013.03.17 21:08:18.408,1.29155,1.29186
2013.03.17 21:08:26.165,1.29158,1.29188
2013.03.17 21:08:26.409,1.29157,1.29191
2013.03.17 21:08:26.595,1.29158,1.29192
2013.03.17 21:08:26.899,1.29157,1.29194
2013.03.17 21:08:27.529,1.29157,1.29196
2013.03.17 21:08:28.048,1.29157,1.29198
2013.03.17 21:08:28.167,1.29157,1.29201
2013.03.17 21:08:28.468,1.2916,1.292
2013.03.17 21:08:28.688,1.2916,1.29202
2013.03.17 21:08:28.748,1.29165,1.29209
2013.03.17 21:08:28.928,1.29169,1.29209
2013.03.17 21:08:30.108,1.29173,1.29209
2013.03.17 21:08:30.708,1.29173,1.29207
2013.03.17 21:08:30.768,1.29174,1.29204
2013.03.17 21:08:30.954,1.29171,1.29198
2013.03.17 21:08:31.504,1.29174,1.29206
2013.03.17 21:08:31.738,1.29178,1.29211
2013.03.17 21:08:32.109,1.29178,1.29212
2013.03.17 21:08:32.168,1.2918,1.29212
2013.03.17 21:08:32.598,1.29178,1.29212
2013.03.17 21:08:33.349,1.2918,1.29212
2013.03.17 21:08:33.468,1.29178,1.29212
2013.03.17 21:08:33.708,1.29178,1.29209
2013.03.17 21:08:33.908,1.29181,1.29209
2013.03.17 21:08:33.968,1.29188,1.29216
2013.03.17 21:08:34.478,1.29188,1.29217
2013.03.17 21:08:35.388,1.29193,1.29221
2013.03.17 21:08:35.448,1.29196,1.29224
2013.03.17 21:08:35.508,1.29194,1.29228
2013.03.17 21:08:35.568,1.29198,1.29226
2013.03.17 21:08:35.748,1.29202,1.29233
2013.03.17 21:08:35.928,1.292,1.29226
2013.03.17 21:08:36.048,1.29202,1.29233
2013.03.17 21:08:36.288,1.29202,1.29226
2013.03.17 21:08:36.348,1.29199,1.29226
2013.03.17 21:08:36.468,1.2919,1.29226
2013.03.17 21:08:36.768,1.2919,1.29223
2013.03.17 21:08:36.948,1.29184,1.29227
2013.03.17 21:08:37.008,1.29182,1.29219
2013.03.17 21:08:39.138,1.29183,1.29221
2013.03.17 21:08:39.778,1.29188,1.29216
2013.03.17 21:08:40.118,1.29181,1.29213
2013.03.17 21:08:40.298,1.29185,1.29213
2013.03.17 21:08:40.658,1.29177,1.29221
2013.03.17 21:08:40.778,1.29182,1.29218
2013.03.17 21:08:41.199,1.29183,1.29224
2013.03.17 21:08:41.258,1.29178,1.29224
2013.03.17 21:08:41.318,1.29178,1.29235
2013.03.17 21:08:41.378,1.29194,1.29222
2013.03.17 21:08:41.699,1.29198,1.2922
2013.03.17 21:08:41.758,1.29195,1.29232
2013.03.17 21:08:41.818,1.29195,1.29245
2013.03.17 21:08:42.118,1.29195,1.29236
2013.03.17 21:08:42.358,1.29188,1.29238
2013.03.17 21:08:42.478,1.29183,1.29241
2013.03.17 21:08:42.538,1.29182,1.2924
2013.03.17 21:08:42.858,1.29201,1.29229
2013.03.17 21:08:42.978,1.29192,1.29236
2013.03.17 21:08:43.038,1.29193,1.29226
2013.03.17 21:08:43.098,1.29193,1.29233
2013.03.17 21:08:43.158,1.29192,1.29237
2013.03.17 21:08:43.278,1.29196,1.29231
2013.03.17 21:08:43.339,1.29189,1.29236
2013.03.17 21:08:43.398,1.29187,1.29235
2013.03.17 21:08:43.738,1.29198,1.29222
2013.03.17 21:08:43.798,1.29195,1.29223
2013.03.17 21:08:43.859,1.29197,1.29218
2013.03.17 21:08:43.938,1.29194,1.29224
2013.03.17 21:08:43.998,1.29192,1.29238
2013.03.17 21:08:44.058,1.29186,1.2923
2013.03.17 21:08:44.179,1.29192,1.29238
2013.03.17 21:08:44.298,1.29201,1.29231
2013.03.17 21:08:44.658,1.29208,1.29231
2013.03.17 21:08:44.728,1.29209,1.29238
2013.03.17 21:08:45.129,1.29209,1.29229
2013.03.17 21:08:45.188,1.29194,1.29242
2013.03.17 21:08:45.248,1.29193,1.29241
2013.03.17 21:08:45.598,1.29208,1.2924
2013.03.17 21:08:46.018,1.29208,1.29233
2013.03.17 21:08:46.078,1.29198,1.29241
2013.03.17 21:08:46.198,1.29197,1.29241
2013.03.17 21:08:47.496,1.29194,1.29242
2013.03.17 21:08:47.790,1.29194,1.29241
2013.03.17 21:08:48.209,1.29205,1.29226
2013.03.17 21:08:48.268,1.29197,1.29236
2013.03.17 21:08:48.758,1.29205,1.29228
2013.03.17 21:08:48.938,1.29193,1.29237
2013.03.17 21:08:48.998,1.29186,1.2923
2013.03.17 21:08:49.118,1.29184,1.29228
2013.03.17 21:08:50.098,1.29181,1.29234
2013.03.17 21:08:51.188,1.29184,1.29237
2013.03.17 21:08:51.548,1.2919,1.29234
2013.03.17 21:08:51.788,1.29186,1.29241
2013.03.17 21:08:52.094,1.29185,1.29244
2013.03.17 21:08:52.328,1.29194,1.29238
2013.03.17 21:08:52.688,1.29201,1.29234
2013.03.17 21:08:52.748,1.29204,1.29233
2013.03.17 21:08:53.058,1.29198,1.29241
2013.03.17 21:08:53.238,1.29198,1.29242
2013.03.17 21:08:53.438,1.29199,1.29243
2013.03.17 21:08:54.179,1.292,1.29244
2013.03.17 21:08:54.502,1.29201,1.29245
2013.03.17 21:08:54.748,1.29194,1.29256
2013.03.17 21:08:54.808,1.29215,1.2924
2013.03.17 21:08:55.059,1.2922,1.29231
2013.03.17 21:08:55.432,1.29201,1.29256
2013.03.17 21:08:57.358,1.29214,1.29247
2013.03.17 21:08:57.879,1.29224,1.29241
2013.03.17 21:08:58.198,1.292,1.2927
2013.03.17 21:08:58.582,1.29207,1.29271
2013.03.17 21:08:59.499,1.29205,1.29271
2013.03.17 21:09:00.480,1.29211,1.29263
2013.03.17 21:09:00.839,1.29212,1.29259
2013.03.17 21:09:01.198,1.2921,1.29259
2013.03.17 21:09:01.521,1.29205,1.29251
2013.03.17 21:09:01.699,1.292,1.29249
2013.03.17 21:09:01.759,1.29203,1.29251
2013.03.17 21:09:02.068,1.29211,1.29241
2013.03.17 21:09:02.728,1.2921,1.29241
2013.03.17 21:09:03.618,1.29204,1.29233
2013.03.17 21:09:04.328,1.29201,1.29233
2013.03.17 21:09:04.658,1.29199,1.29233
2013.03.17 21:09:04.778,1.29201,1.29233
2013.03.17 21:09:04.928,1.29196,1.29233
2013.03.17 21:09:05.639,1.29194,1.29238
2013.03.17 21:09:05.698,1.29196,1.2924
2013.03.17 21:09:06.018,1.29201,1.29235
2013.03.17 21:09:06.138,1.29198,1.29242
2013.03.17 21:09:06.658,1.292,1.29244
2013.03.17 21:09:07.015,1.29202,1.29235
2013.03.17 21:09:07.158,1.29202,1.29246
2013.03.17 21:09:07.218,1.29199,1.29243
2013.03.17 21:09:07.408,1.29201,1.29245
2013.03.17 21:09:07.728,1.29203,1.29247
2013.03.17 21:09:08.008,1.29201,1.29245
2013.03.17 21:09:08.129,1.29201,1.29245
2013.03.17 21:09:10.568,1.29211,1.29238
2013.03.17 21:09:11.099,1.29212,1.29239
2013.03.17 21:09:11.723,1.29212,1.29241
2013.03.17 21:09:12.225,1.29219,1.29246
2013.03.17 21:09:12.748,1.29218,1.29245
2013.03.17 21:09:13.278,1.29222,1.29245
2013.03.17 21:09:13.338,1.29218,1.29245
2013.03.17 21:09:13.398,1.2922,1.29248
2013.03.17 21:09:13.518,1.29221,1.29248
2013.03.17 21:09:13.638,1.29221,1.29248
2013.03.17 21:09:15.488,1.29224,1.29248
2013.03.17 21:09:15.668,1.29221,1.29248
2013.03.17 21:09:15.730,1.29229,1.29248
2013.03.17 21:09:15.808,1.29216,1.29263
2013.03.17 21:09:16.049,1.29222,1.29259
2013.03.17 21:09:16.358,1.29221,1.29262
2013.03.17 21:09:16.478,1.29211,1.29275
2013.03.17 21:09:16.679,1.29223,1.29261
2013.03.17 21:09:17.033,1.29224,1.29257
2013.03.17 21:09:17.349,1.29221,1.29258
2013.03.17 21:09:17.520,1.2922,1.29256
2013.03.17 21:09:17.698,1.29223,1.29251
2013.03.17 21:09:17.758,1.29221,1.29251
2013.03.17 21:09:18.059,1.29215,1.29245
2013.03.17 21:09:18.118,1.29217,1.29245
2013.03.17 21:09:18.478,1.29215,1.29239
2013.03.17 21:09:18.548,1.29205,1.29239
2013.03.17 21:09:18.849,1.29212,1.29244
2013.03.17 21:09:19.089,1.29214,1.29244
2013.03.17 21:09:19.508,1.29214,1.29242
2013.03.17 21:09:19.628,1.29214,1.29242
2013.03.17 21:09:19.688,1.29215,1.29242
2013.03.17 21:09:19.808,1.29214,1.29242
2013.03.17 21:09:20.349,1.29215,1.29243
2013.03.17 21:09:20.468,1.29216,1.29243
2013.03.17 21:09:22.649,1.29215,1.29243
2013.03.17 21:09:22.950,1.29217,1.29243
2013.03.17 21:09:23.479,1.29216,1.29243
2013.03.17 21:09:24.130,1.29215,1.29243
2013.03.17 21:09:24.498,1.29215,1.29243
2013.03.17 21:09:25.349,1.29215,1.29243
2013.03.17 21:09:25.588,1.29214,1.29256
2013.03.17 21:09:25.649,1.29216,1.29256
2013.03.17 21:09:25.709,1.29216,1.29256
2013.03.17 21:09:25.998,1.29219,1.2925
2013.03.17 21:09:27.020,1.29215,1.29243
2013.03.17 21:09:27.079,1.29214,1.29241
2013.03.17 21:09:27.258,1.29212,1.29241
2013.03.17 21:09:29.178,1.2921,1.2924
2013.03.17 21:09:29.328,1.29211,1.29238
2013.03.17 21:09:29.389,1.29205,1.29242
2013.03.17 21:09:29.449,1.29204,1.29237
2013.03.17 21:09:29.868,1.29195,1.29236
2013.03.17 21:09:30.689,1.29192,1.29236
2013.03.17 21:09:31.238,1.29189,1.29233
2013.03.17 21:09:31.618,1.29191,1.29233
2013.03.17 21:09:33.588,1.29179,1.29233
2013.03.17 21:09:33.648,1.29189,1.29221
2013.03.17 21:09:34.578,1.29183,1.29223
2013.03.17 21:09:34.898,1.2919,1.29217
2013.03.17 21:09:35.258,1.2919,1.29217
2013.03.17 21:09:35.498,1.29184,1.29213
2013.03.17 21:09:35.558,1.29187,1.29215
2013.03.17 21:09:35.918,1.29183,1.29213
2013.03.17 21:09:36.128,1.29187,1.29215
2013.03.17 21:09:36.453,1.29187,1.29215
2013.03.17 21:09:37.313,1.29187,1.29215
2013.03.17 21:09:37.858,1.29187,1.29215
2013.03.17 21:09:39.709,1.29187,1.29215
2013.03.17 21:09:40.029,1.29187,1.29215
2013.03.17 21:09:40.828,1.2919,1.29226
2013.03.17 21:09:41.528,1.29188,1.29228
2013.03.17 21:09:46.421,1.29188,1.29228
2013.03.17 21:09:46.649,1.29188,1.29229
2013.03.17 21:09:47.283,1.2919,1.29229
2013.03.17 21:09:50.928,1.2919,1.29231
2013.03.17 21:09:52.819,1.29192,1.29232
2013.03.17 21:09:53.518,1.292,1.2923
2013.03.17 21:09:53.851,1.29198,1.29228
2013.03.17 21:09:55.178,1.29188,1.29228
2013.03.17 21:09:55.418,1.29187,1.29215
2013.03.17 21:09:55.478,1.29187,1.29227
2013.03.17 21:09:55.718,1.29182,1.29222
2013.03.17 21:09:56.808,1.29182,1.29222
2013.03.17 21:09:58.208,1.29187,1.29216
2013.03.17 21:09:59.198,1.2919,1.29226
2013.03.17 21:09:59.679,1.29195,1.29223
2013.03.17 21:10:01.928,1.29201,1.29226
2013.03.17 21:10:02.048,1.29194,1.29235
2013.03.17 21:10:03.718,1.29193,1.29233
2013.03.17 21:10:05.379,1.29197,1.29231
2013.03.17 21:10:05.448,1.29195,1.29235
2013.03.17 21:10:05.629,1.29197,1.2923
2013.03.17 21:10:05.748,1.29195,1.29239
2013.03.17 21:10:05.960,1.29198,1.2923
2013.03.17 21:10:06.078,1.29194,1.29235
2013.03.17 21:10:06.138,1.29198,1.2923
2013.03.17 21:10:06.198,1.29194,1.29238
2013.03.17 21:10:06.788,1.29205,1.29225
2013.03.17 21:10:06.849,1.292,1.29228
2013.03.17 21:10:08.698,1.29199,1.29227
2013.03.17 21:10:09.539,1.29194,1.29226
2013.03.17 21:10:10.769,1.29197,1.29225
2013.03.17 21:10:11.570,1.29192,1.29232
2013.03.17 21:10:12.458,1.29193,1.29233
2013.03.17 21:10:18.409,1.29205,1.29233
2013.03.17 21:10:18.469,1.29207,1.29236
2013.03.17 21:10:19.639,1.29198,1.29238
2013.03.17 21:10:20.248,1.29201,1.29241
2013.03.17 21:10:21.868,1.29203,1.29243
2013.03.17 21:10:23.528,1.29204,1.29244
2013.03.17 21:10:24.408,1.29202,1.29242
2013.03.17 21:10:24.749,1.29207,1.29234
2013.03.17 21:10:24.928,1.292,1.29239
2013.03.17 21:10:25.288,1.29207,1.29234
2013.03.17 21:10:25.368,1.292,1.2924
2013.03.17 21:10:26.229,1.29209,1.29238
2013.03.17 21:10:26.918,1.29208,1.29238
2013.03.17 21:10:29.505,1.29196,1.29236
2013.03.17 21:10:29.579,1.29195,1.29235
2013.03.17 21:10:30.128,1.29201,1.29231
2013.03.17 21:10:31.030,1.29204,1.29231
2013.03.17 21:10:31.388,1.29207,1.29236
2013.03.17 21:10:33.118,1.29195,1.29235
2013.03.17 21:10:35.431,1.29196,1.29236
2013.03.17 21:10:35.879,1.29206,1.29228
2013.03.17 21:10:36.058,1.29201,1.29235
2013.03.17 21:10:36.328,1.29204,1.29234
2013.03.17 21:10:38.368,1.29206,1.29235
2013.03.17 21:10:38.669,1.29202,1.29241
2013.03.17 21:10:39.728,1.29205,1.2924
2013.03.17 21:10:45.408,1.2921,1.29237
2013.03.17 21:10:46.450,1.2921,1.29239
2013.03.17 21:10:48.859,1.29215,1.29236
2013.03.17 21:10:48.919,1.29218,1.29247
2013.03.17 21:10:48.979,1.29225,1.29251
2013.03.17 21:10:49.159,1.29225,1.29253
2013.03.17 21:10:49.279,1.29225,1.29253
2013.03.17 21:10:49.459,1.29225,1.29253
2013.03.17 21:10:49.529,1.29218,1.29258
2013.03.17 21:10:51.719,1.29216,1.29256
2013.03.17 21:10:53.989,1.2922,1.29253
2013.03.17 21:10:54.328,1.29213,1.29252
2013.03.17 21:10:55.379,1.29217,1.2925
2013.03.17 21:10:55.439,1.29209,1.29249
2013.03.17 21:10:55.945,1.29207,1.29246
2013.03.17 21:10:56.009,1.29202,1.29246
2013.03.17 21:10:56.349,1.29201,1.2925
2013.03.17 21:10:57.018,1.29207,1.29251
2013.03.17 21:10:57.338,1.29205,1.29254
2013.03.17 21:10:57.399,1.29202,1.29254
2013.03.17 21:10:57.771,1.29202,1.29251
2013.03.17 21:10:58.108,1.29204,1.29253
2013.03.17 21:10:58.349,1.29204,1.29248
2013.03.17 21:10:58.408,1.29202,1.29246
2013.03.17 21:11:03.255,1.29206,1.29244
2013.03.17 21:11:04.449,1.292,1.2924
2013.03.17 21:11:05.019,1.29206,1.29246
2013.03.17 21:11:05.399,1.29215,1.29243
2013.03.17 21:11:06.940,1.29205,1.29245
2013.03.17 21:11:11.548,1.29206,1.29244
2013.03.17 21:11:11.969,1.29206,1.29244
2013.03.17 21:11:13.149,1.29205,1.29244
2013.03.17 21:11:23.908,1.29208,1.29246
2013.03.17 21:11:24.519,1.29205,1.29245
2013.03.17 21:11:26.689,1.29217,1.29247
2013.03.17 21:11:26.989,1.29213,1.29253
2013.03.17 21:11:27.849,1.29213,1.29253
2013.03.17 21:11:27.909,1.2921,1.29253
2013.03.17 21:11:27.969,1.29211,1.29253
2013.03.17 21:11:28.089,1.2921,1.29249
2013.03.17 21:11:28.209,1.2921,1.29247
2013.03.17 21:11:28.329,1.29209,1.29247
2013.03.17 21:11:28.509,1.29199,1.29247
2013.03.17 21:11:28.799,1.29196,1.29249
2013.03.17 21:11:29.531,1.29198,1.29251
2013.03.17 21:11:30.769,1.29202,1.29252
2013.03.17 21:11:32.071,1.2921,1.29254
2013.03.17 21:11:39.021,1.29212,1.29256
2013.03.17 21:11:40.289,1.2921,1.29254
2013.03.17 21:11:44.929,1.29214,1.29258
2013.03.17 21:11:45.240,1.29214,1.29258
2013.03.17 21:11:45.478,1.29215,1.29264
2013.03.17 21:11:45.538,1.29223,1.2927
2013.03.17 21:11:45.769,1.29223,1.29272
2013.03.17 21:11:45.999,1.29226,1.29275
2013.03.17 21:11:46.178,1.29224,1.29273
2013.03.17 21:11:46.359,1.29224,1.29273
2013.03.17 21:11:46.769,1.29222,1.29272
2013.03.17 21:11:46.889,1.29224,1.29273
2013.03.17 21:11:47.148,1.2922,1.29272
2013.03.17 21:11:47.895,1.29222,1.29272
2013.03.17 21:11:49.529,1.29232,1.29276
2013.03.17 21:11:49.589,1.29228,1.29272
2013.03.17 21:11:50.670,1.29226,1.29272
2013.03.17 21:11:51.059,1.29239,1.29272
2013.03.17 21:11:51.120,1.29246,1.29272
2013.03.17 21:11:51.359,1.29245,1.29278
2013.03.17 21:11:51.439,1.29248,1.29289
2013.03.17 21:11:51.898,1.29248,1.29281
2013.03.17 21:11:52.661,1.29251,1.29284
2013.03.17 21:11:52.839,1.29252,1.29284
2013.03.17 21:11:53.649,1.29257,1.29286
2013.03.17 21:11:53.899,1.29259,1.29286
2013.03.17 21:11:54.349,1.29258,1.29286
2013.03.17 21:11:54.469,1.29257,1.29284
2013.03.17 21:11:54.778,1.29256,1.29284
2013.03.17 21:11:54.839,1.29254,1.29284
2013.03.17 21:11:55.378,1.29256,1.29284
2013.03.17 21:11:55.889,1.29254,1.29283
2013.03.17 21:11:56.290,1.29252,1.29281
2013.03.17 21:11:56.972,1.29253,1.29281
2013.03.17 21:11:57.929,1.29254,1.29282
2013.03.17 21:11:58.469,1.29254,1.29285
2013.03.17 21:11:58.649,1.29258,1.29293
2013.03.17 21:11:59.639,1.2926,1.29287
2013.03.17 21:12:00.199,1.29259,1.29286
2013.03.17 21:12:00.379,1.29259,1.29286
2013.03.17 21:12:00.749,1.29255,1.29281
2013.03.17 21:12:01.123,1.29257,1.29281
2013.03.17 21:12:01.509,1.2926,1.29281
2013.03.17 21:12:01.643,1.29258,1.29281
2013.03.17 21:12:01.759,1.29258,1.29283
2013.03.17 21:12:01.998,1.29261,1.29286
2013.03.17 21:12:02.350,1.29263,1.29286
2013.03.17 21:12:02.740,1.29265,1.29286
2013.03.17 21:12:03.079,1.2926,1.29285
2013.03.17 21:12:03.199,1.2926,1.29285
2013.03.17 21:12:03.259,1.29258,1.29285
2013.03.17 21:12:03.319,1.29259,1.29286
2013.03.17 21:12:03.732,1.2926,1.29283
2013.03.17 21:12:04.860,1.29256,1.29283
2013.03.17 21:12:04.930,1.29256,1.29283
2013.03.17 21:12:05.290,1.29259,1.29286
2013.03.17 21:12:05.350,1.29248,1.29295
2013.03.17 21:12:05.469,1.29247,1.29295
2013.03.17 21:12:05.659,1.29244,1.29296
2013.03.17 21:12:07.519,1.29244,1.29293
2013.03.17 21:12:07.869,1.29241,1.29294
2013.03.17 21:12:08.589,1.29242,1.2929
2013.03.17 21:12:08.899,1.29244,1.29285
2013.03.17 21:12:09.250,1.2924,1.29287
2013.03.17 21:12:11.189,1.29241,1.29285
2013.03.17 21:12:11.846,1.2924,1.29284
2013.03.17 21:12:13.369,1.29235,1.29278
2013.03.17 21:12:14.289,1.29233,1.29277
2013.03.17 21:12:14.680,1.29228,1.29275
2013.03.17 21:12:16.980,1.29236,1.29278
2013.03.17 21:12:17.819,1.29233,1.29277
2013.03.17 21:12:18.919,1.29231,1.29276
2013.03.17 21:12:19.530,1.29235,1.29278
2013.03.17 21:12:19.649,1.29235,1.29279
2013.03.17 21:12:20.619,1.29238,1.29282
2013.03.17 21:12:23.701,1.29241,1.29282
2013.03.17 21:12:24.059,1.29245,1.29282
2013.03.17 21:12:24.119,1.29242,1.29282
2013.03.17 21:12:29.351,1.29249,1.29276
2013.03.17 21:12:29.470,1.29248,1.29279
2013.03.17 21:12:30.620,1.29249,1.2928
2013.03.17 21:12:32.095,1.29256,1.29287
2013.03.17 21:12:33.131,1.29256,1.29287
2013.03.17 21:12:33.710,1.29256,1.29287
2013.03.17 21:12:34.750,1.29258,1.29287
2013.03.17 21:12:35.451,1.29258,1.29287
2013.03.17 21:12:35.750,1.29264,1.29295
2013.03.17 21:12:37.340,1.29267,1.29295
2013.03.17 21:12:37.520,1.29264,1.29295
2013.03.17 21:12:37.580,1.29264,1.29295
2013.03.17 21:12:42.052,1.29268,1.29295
2013.03.17 21:12:42.407,1.29268,1.29295
2013.03.17 21:12:49.040,1.29261,1.29295
2013.03.17 21:12:54.491,1.29269,1.29295
2013.03.17 21:12:55.630,1.29267,1.29295
2013.03.17 21:13:00.650,1.2927,1.29299
2013.03.17 21:13:00.830,1.2927,1.29299
2013.03.17 21:13:11.590,1.29269,1.29295
2013.03.17 21:13:11.720,1.29269,1.29295
2013.03.17 21:13:13.231,1.29268,1.29297
2013.03.17 21:13:13.360,1.29266,1.2931
2013.03.17 21:13:13.420,1.29269,1.29314
2013.03.17 21:13:13.600,1.29269,1.29321
2013.03.17 21:13:13.720,1.29275,1.2932
2013.03.17 21:13:14.021,1.29277,1.29316
2013.03.17 21:13:14.440,1.29271,1.29316
2013.03.17 21:13:14.500,1.29269,1.29314
2013.03.17 21:13:14.620,1.29269,1.29316
2013.03.17 21:13:14.680,1.29278,1.29305
2013.03.17 21:13:14.863,1.29269,1.29312
2013.03.17 21:13:14.930,1.2927,1.29305
2013.03.17 21:13:15.051,1.29268,1.29305
2013.03.17 21:13:15.172,1.29262,1.29305
2013.03.17 21:13:15.301,1.29265,1.29305
2013.03.17 21:13:15.360,1.29261,1.29305
2013.03.17 21:13:15.754,1.29265,1.29305
2013.03.17 21:13:16.380,1.29265,1.29309
2013.03.17 21:13:17.452,1.29265,1.29313
2013.03.17 21:13:17.510,1.29271,1.29313
2013.03.17 21:13:19.530,1.29271,1.29304
2013.03.17 21:13:19.871,1.29272,1.29303
2013.03.17 21:13:21.965,1.29272,1.29299
2013.03.17 21:13:23.950,1.2927,1.29299
2013.03.17 21:13:26.280,1.29266,1.29299
2013.03.17 21:13:26.583,1.29266,1.29299
2013.03.17 21:13:26.651,1.29266,1.29301
2013.03.17 21:13:26.710,1.29268,1.29301
2013.03.17 21:13:28.811,1.29266,1.29301
2013.03.17 21:13:28.990,1.29268,1.29301
2013.03.17 21:13:34.030,1.29271,1.29301
2013.03.17 21:13:34.621,1.29281,1.29304
2013.03.17 21:13:34.680,1.29281,1.29304
2013.03.17 21:13:35.140,1.29278,1.29304
2013.03.17 21:13:35.202,1.29271,1.29304
2013.03.17 21:13:35.500,1.29266,1.29299
2013.03.17 21:13:38.061,1.29264,1.29299
2013.03.17 21:13:38.180,1.29266,1.29299
2013.03.17 21:13:39.120,1.29264,1.29299
2013.03.17 21:13:40.551,1.29262,1.29299
2013.03.17 21:13:40.670,1.29264,1.29298
2013.03.17 21:13:40.730,1.29262,1.29298
2013.03.17 21:13:40.938,1.29264,1.29298
2013.03.17 21:13:47.181,1.29266,1.29298
2013.03.17 21:13:47.520,1.29268,1.29298
2013.03.17 21:13:47.580,1.29268,1.29301
2013.03.17 21:13:48.300,1.2927,1.29304
2013.03.17 21:13:48.660,1.29276,1.29304
2013.03.17 21:13:51.181,1.29279,1.29304
2013.03.17 21:13:51.590,1.29281,1.29305
2013.03.17 21:13:52.680,1.29286,1.29307
2013.03.17 21:13:52.800,1.29284,1.29308
2013.03.17 21:13:52.860,1.29284,1.29308
2013.03.17 21:13:53.220,1.29283,1.29308
2013.03.17 21:13:53.280,1.2928,1.29308
2013.03.17 21:13:53.460,1.29278,1.29304
2013.03.17 21:13:53.720,1.29277,1.29305
2013.03.17 21:13:54.338,1.29278,1.29305
2013.03.17 21:13:54.730,1.29269,1.29304
2013.03.17 21:13:54.910,1.29276,1.29305
2013.03.17 21:13:55.090,1.29275,1.29303
2013.03.17 21:13:55.391,1.29278,1.29303
2013.03.17 21:13:55.720,1.29275,1.29303
2013.03.17 21:13:57.090,1.29277,1.29303
2013.03.17 21:13:57.270,1.29275,1.29303
2013.03.17 21:13:57.961,1.29274,1.29301
2013.03.17 21:13:58.080,1.29271,1.29298
2013.03.17 21:13:59.422,1.2927,1.29298
2013.03.17 21:13:59.600,1.2927,1.29298
2013.03.17 21:13:59.781,1.2927,1.29297
2013.03.17 21:13:59.901,1.29263,1.29298
2013.03.17 21:14:00.041,1.2927,1.29298
2013.03.17 21:14:01.327,1.29276,1.29303
2013.03.17 21:14:01.450,1.29276,1.29304
2013.03.17 21:14:01.570,1.29276,1.29304
2013.03.17 21:14:01.690,1.29276,1.29304
2013.03.17 21:14:01.990,1.29269,1.29304
2013.03.17 21:14:02.363,1.29276,1.29304
2013.03.17 21:14:02.950,1.29279,1.29304
2013.03.17 21:14:08.370,1.29278,1.29304
2013.03.17 21:14:08.790,1.29274,1.29303
2013.03.17 21:14:08.910,1.29276,1.29303
2013.03.17 21:14:09.592,1.29277,1.29304
2013.03.17 21:14:09.680,1.29277,1.29304
2013.03.17 21:14:10.731,1.29276,1.29304
2013.03.17 21:14:10.850,1.29273,1.293
2013.03.17 21:14:11.180,1.29274,1.293
2013.03.17 21:14:11.540,1.29278,1.29302
2013.03.17 21:14:11.600,1.29279,1.29307
2013.03.17 21:14:12.140,1.29279,1.29307
2013.03.17 21:14:13.280,1.2928,1.29307
2013.03.17 21:14:13.676,1.29282,1.2931
2013.03.17 21:14:15.871,1.29287,1.29311
2013.03.17 21:14:16.070,1.29289,1.29316
2013.03.17 21:14:16.310,1.29289,1.29318
2013.03.17 21:14:16.825,1.29292,1.29318
2013.03.17 21:14:16.880,1.29292,1.29319
2013.03.17 21:14:17.469,1.29292,1.29319
2013.03.17 21:14:18.023,1.29292,1.29319
2013.03.17 21:14:18.720,1.29289,1.29318
2013.03.17 21:14:18.840,1.29288,1.29316
2013.03.17 21:14:19.390,1.29289,1.29318
2013.03.17 21:14:22.531,1.29288,1.29316
2013.03.17 21:14:23.038,1.29288,1.29316
2013.03.17 21:14:24.251,1.29288,1.29316
2013.03.17 21:14:24.370,1.2929,1.29318
2013.03.17 21:14:28.960,1.2929,1.29318
2013.03.17 21:14:29.600,1.2928,1.29315
2013.03.17 21:14:29.781,1.2928,1.29308
2013.03.17 21:14:30.080,1.29283,1.29311
2013.03.17 21:14:31.760,1.29283,1.2931
2013.03.17 21:14:31.880,1.29278,1.29306
2013.03.17 21:14:31.940,1.29277,1.29305
2013.03.17 21:14:32.552,1.29276,1.29305
2013.03.17 21:14:32.730,1.29279,1.29314
2013.03.17 21:14:39.941,1.29284,1.29312
2013.03.17 21:14:43.980,1.2928,1.29311
2013.03.17 21:14:44.040,1.29283,1.29311
2013.03.17 21:14:44.160,1.29287,1.29316
2013.03.17 21:14:44.340,1.29283,1.29311
2013.03.17 21:14:44.590,1.29284,1.29314
2013.03.17 21:14:44.911,1.2929,1.29318
2013.03.17 21:14:45.100,1.29287,1.29316
2013.03.17 21:14:45.491,1.29284,1.29314
2013.03.17 21:14:46.171,1.29284,1.29314
2013.03.17 21:14:46.350,1.29284,1.29314
2013.03.17 21:14:46.650,1.29281,1.29318
2013.03.17 21:14:47.020,1.29286,1.29318
2013.03.17 21:14:49.560,1.29288,1.2932
2013.03.17 21:14:50.221,1.29291,1.2932
2013.03.17 21:14:50.742,1.2929,1.29323
2013.03.17 21:14:50.920,1.29291,1.29323
2013.03.17 21:14:52.730,1.29291,1.29323
2013.03.17 21:14:57.020,1.29289,1.29331
2013.03.17 21:14:58.220,1.29292,1.29331
2013.03.17 21:14:58.964,1.29287,1.29327
2013.03.17 21:14:59.031,1.29287,1.29326
2013.03.17 21:14:59.151,1.29287,1.29324
2013.03.17 21:14:59.460,1.29286,1.29324
2013.03.17 21:15:01.820,1.29295,1.29324
2013.03.17 21:15:02.000,1.29293,1.29323
2013.03.17 21:15:02.140,1.29296,1.29318
2013.03.17 21:15:02.260,1.29293,1.29325
2013.03.17 21:15:02.320,1.29288,1.29325
2013.03.17 21:15:02.391,1.29288,1.29324
2013.03.17 21:15:02.511,1.29288,1.2932
2013.03.17 21:15:02.870,1.29286,1.29319
2013.03.17 21:15:03.310,1.29287,1.29321
2013.03.17 21:15:03.370,1.29287,1.29321
2013.03.17 21:15:04.080,1.29284,1.29324
2013.03.17 21:15:04.260,1.29283,1.29323
2013.03.17 21:15:04.881,1.2928,1.29316
2013.03.17 21:15:04.940,1.2928,1.29315
2013.03.17 21:15:05.003,1.29279,1.29313
2013.03.17 21:15:05.120,1.29279,1.29313
2013.03.17 21:15:05.480,1.2928,1.29312
2013.03.17 21:15:05.600,1.2928,1.29314
2013.03.17 21:15:05.970,1.29287,1.2931
2013.03.17 21:15:06.041,1.29285,1.29313
2013.03.17 21:15:06.100,1.29287,1.29314
2013.03.17 21:15:06.340,1.29289,1.29322
2013.03.17 21:15:06.700,1.29288,1.2932
2013.03.17 21:15:06.940,1.29288,1.29316
2013.03.17 21:15:07.250,1.29276,1.29316
2013.03.17 21:15:07.560,1.29276,1.29319
2013.03.17 21:15:08.020,1.29277,1.29319
2013.03.17 21:15:08.370,1.29276,1.29319
2013.03.17 21:15:09.267,1.29276,1.29317
2013.03.17 21:15:09.600,1.29276,1.29316
2013.03.17 21:15:11.470,1.29277,1.29316
2013.03.17 21:15:12.020,1.29278,1.29321
2013.03.17 21:15:12.331,1.29283,1.29322
2013.03.17 21:15:12.450,1.29281,1.29322
2013.03.17 21:15:16.192,1.29281,1.29316
2013.03.17 21:15:16.641,1.29278,1.29316
2013.03.17 21:15:18.030,1.29281,1.29316
2013.03.17 21:15:18.997,1.29284,1.29318
2013.03.17 21:15:20.681,1.29285,1.29318
2013.03.17 21:15:21.380,1.29284,1.29318
2013.03.17 21:15:21.951,1.29284,1.29316
2013.03.17 21:15:22.485,1.29281,1.29311
2013.03.17 21:15:23.342,1.29281,1.29308
2013.03.17 21:15:30.740,1.29285,1.29307
2013.03.17 21:15:30.801,1.29283,1.29312
2013.03.17 21:15:31.100,1.29296,1.29312
2013.03.17 21:15:31.160,1.29286,1.2931
2013.03.17 21:15:35.085,1.2929,1.2931
2013.03.17 21:15:36.921,1.2929,1.29312
2013.03.17 21:15:38.250,1.29294,1.29316
2013.03.17 21:15:38.827,1.29293,1.29315
2013.03.17 21:15:39.510,1.29283,1.29313
2013.03.17 21:15:39.570,1.29283,1.29313
2013.03.17 21:15:40.491,1.29293,1.29315
2013.03.17 21:15:40.842,1.29293,1.29315
2013.03.17 21:15:44.298,1.29291,1.29313
2013.03.17 21:15:44.510,1.29291,1.29313
2013.03.17 21:15:45.102,1.29288,1.2931
2013.03.17 21:15:46.443,1.29289,1.29311
2013.03.17 21:15:46.922,1.29289,1.29311
2013.03.17 21:15:47.680,1.29282,1.29312
2013.03.17 21:15:48.751,1.29289,1.29311
2013.03.17 21:15:49.261,1.29289,1.29311
2013.03.17 21:15:50.812,1.29284,1.29311
2013.03.17 21:15:50.931,1.29284,1.29318
2013.03.17 21:15:50.991,1.29284,1.29315
2013.03.17 21:15:51.057,1.29284,1.29317
2013.03.17 21:15:51.730,1.29279,1.29318
2013.03.17 21:15:54.741,1.29284,1.29323
2013.03.17 21:15:55.061,1.29287,1.29323
2013.03.17 21:16:00.680,1.29288,1.29328
2013.03.17 21:16:00.981,1.29287,1.29328
2013.03.17 21:16:01.041,1.29288,1.29328
2013.03.17 21:16:02.420,1.29287,1.29328
2013.03.17 21:16:03.020,1.29287,1.29328
2013.03.17 21:16:03.200,1.29287,1.29328
2013.03.17 21:16:04.472,1.29289,1.29328
2013.03.17 21:16:06.482,1.29287,1.29328
2013.03.17 21:16:06.660,1.29287,1.29328
2013.03.17 21:16:08.447,1.29287,1.29328
2013.03.17 21:16:08.721,1.29287,1.29328
2013.03.17 21:16:08.780,1.29287,1.29331
2013.03.17 21:16:08.960,1.29287,1.29331
2013.03.17 21:16:09.361,1.29291,1.29333
2013.03.17 21:16:09.772,1.29294,1.29333
2013.03.17 21:16:10.150,1.29296,1.29333
2013.03.17 21:16:10.217,1.29294,1.29333
2013.03.17 21:16:10.877,1.29292,1.29333
2013.03.17 21:16:11.300,1.2929,1.29333
2013.03.17 21:16:11.431,1.29288,1.29332
2013.03.17 21:16:11.610,1.29286,1.29331
2013.03.17 21:16:12.082,1.29288,1.29332
2013.03.17 21:16:13.190,1.2929,1.29333
2013.03.17 21:16:14.270,1.29288,1.29332
2013.03.17 21:16:14.331,1.2929,1.29333
2013.03.17 21:16:14.552,1.29288,1.29332
2013.03.17 21:16:17.831,1.2929,1.29333
2013.03.17 21:16:18.524,1.29291,1.29333
2013.03.17 21:16:18.938,1.29293,1.29333
2013.03.17 21:16:20.674,1.2929,1.29333
2013.03.17 21:16:27.417,1.29288,1.29332
2013.03.17 21:16:27.730,1.2929,1.29333
2013.03.17 21:16:31.202,1.29297,1.29327
2013.03.17 21:16:31.321,1.29304,1.29323
2013.03.17 21:16:31.560,1.29303,1.29327
2013.03.17 21:16:31.680,1.29303,1.29332
2013.03.17 21:16:31.741,1.29295,1.29326
2013.03.17 21:16:31.860,1.29293,1.29326
2013.03.17 21:16:32.041,1.29294,1.29323
2013.03.17 21:16:32.160,1.29283,1.29332
2013.03.17 21:16:32.220,1.29281,1.2933
2013.03.17 21:16:32.340,1.29281,1.2933
2013.03.17 21:16:32.621,1.29282,1.29326
2013.03.17 21:16:32.681,1.29284,1.29328
2013.03.17 21:16:33.041,1.29282,1.29326
2013.03.17 21:16:34.550,1.29284,1.29328
2013.03.17 21:16:34.851,1.29281,1.2933
2013.03.17 21:16:34.911,1.29279,1.29324
2013.03.17 21:16:34.970,1.29284,1.29328
2013.03.17 21:16:35.492,1.29284,1.29324
2013.03.17 21:16:36.031,1.29285,1.29329
2013.03.17 21:16:36.451,1.29281,1.29324
2013.03.17 21:16:36.572,1.29287,1.2932
2013.03.17 21:16:37.111,1.29287,1.29328
2013.03.17 21:16:38.684,1.29289,1.29328
2013.03.17 21:16:39.041,1.29299,1.2932
2013.03.17 21:16:39.101,1.29286,1.2933
2013.03.17 21:16:39.160,1.29285,1.29328
2013.03.17 21:16:39.761,1.29285,1.29325
2013.03.17 21:16:39.894,1.29285,1.29325
2013.03.17 21:16:40.161,1.29284,1.29325
2013.03.17 21:16:41.180,1.29282,1.29325
2013.03.17 21:16:41.580,1.29284,1.29325
2013.03.17 21:16:42.836,1.29284,1.29325
2013.03.17 21:16:43.391,1.29284,1.29328
2013.03.17 21:16:44.230,1.29284,1.29326
2013.03.17 21:16:47.121,1.29284,1.2933
2013.03.17 21:16:47.270,1.29284,1.2933
2013.03.17 21:16:47.611,1.29284,1.2933
2013.03.17 21:16:50.751,1.29284,1.2933
2013.03.17 21:16:52.342,1.29285,1.2933
2013.03.17 21:16:53.132,1.29284,1.2933
2013.03.17 21:16:53.682,1.2928,1.29324
2013.03.17 21:16:55.061,1.29278,1.29322
2013.03.17 21:17:00.160,1.2928,1.29324
2013.03.17 21:17:02.982,1.29278,1.29322
2013.03.17 21:17:04.181,1.29281,1.29325
2013.03.17 21:17:04.460,1.29277,1.29321
2013.03.17 21:17:04.520,1.29279,1.29323
2013.03.17 21:17:06.110,1.29276,1.2932
2013.03.17 21:17:06.600,1.29284,1.29318
2013.03.17 21:17:07.441,1.29276,1.2932
2013.03.17 21:17:09.191,1.29279,1.29323
2013.03.17 21:17:23.841,1.29277,1.29321
2013.03.17 21:17:24.742,1.29277,1.29321
2013.03.17 21:17:34.870,1.29279,1.29323
2013.03.17 21:17:37.551,1.29277,1.29321
2013.03.17 21:17:38.681,1.29275,1.29319
2013.03.17 21:17:39.204,1.29277,1.29321
2013.03.17 21:17:40.200,1.29275,1.29319
2013.03.17 21:17:43.613,1.2928,1.29324
2013.03.17 21:17:46.421,1.29278,1.29322
2013.03.17 21:17:50.050,1.29277,1.29321
2013.03.17 21:17:50.170,1.29281,1.29325
2013.03.17 21:17:50.362,1.29277,1.29321
2013.03.17 21:17:50.480,1.29281,1.29325
2013.03.17 21:17:50.600,1.29279,1.29323
2013.03.17 21:17:50.840,1.29282,1.29327
2013.03.17 21:17:51.020,1.29281,1.29325
2013.03.17 21:17:51.340,1.29279,1.29323
2013.03.17 21:17:51.810,1.29277,1.29321
2013.03.17 21:17:54.290,1.2928,1.29324
2013.03.17 21:17:54.738,1.2928,1.29319
2013.03.17 21:17:55.073,1.29285,1.29303
2013.03.17 21:17:55.381,1.29287,1.29304
2013.03.17 21:17:55.921,1.29287,1.29306
2013.03.17 21:17:56.422,1.29287,1.29304
2013.03.17 21:17:57.181,1.29279,1.29303
2013.03.17 21:17:57.300,1.2927,1.29314
2013.03.17 21:17:58.297,1.29279,1.29306
2013.03.17 21:18:01.861,1.29279,1.29304
2013.03.17 21:18:05.211,1.29274,1.29298
2013.03.17 21:18:06.510,1.29271,1.29295
2013.03.17 21:18:06.571,1.29259,1.29295
2013.03.17 21:18:06.751,1.29256,1.29291
2013.03.17 21:18:06.814,1.29249,1.29296
2013.03.17 21:18:07.292,1.29239,1.29292
2013.03.17 21:18:08.321,1.29241,1.29292
2013.03.17 21:18:10.921,1.29234,1.29292
2013.03.17 21:18:11.041,1.29236,1.29293
2013.03.17 21:18:11.483,1.29232,1.2929
2013.03.17 21:18:11.932,1.29228,1.29286
2013.03.17 21:18:12.261,1.29225,1.29283
2013.03.17 21:18:12.842,1.29226,1.29284
2013.03.17 21:18:13.215,1.2923,1.29284
2013.03.17 21:18:13.561,1.29228,1.29283
2013.03.17 21:18:14.000,1.29225,1.29283
2013.03.17 21:18:14.301,1.2923,1.2928
2013.03.17 21:18:14.602,1.29231,1.29281
2013.03.17 21:18:14.660,1.29232,1.29282
2013.03.17 21:18:17.411,1.29238,1.29288
2013.03.17 21:18:17.601,1.29238,1.29288
2013.03.17 21:18:20.442,1.29247,1.29288
2013.03.17 21:18:20.827,1.29247,1.29287
2013.03.17 21:18:21.682,1.29248,1.29287
2013.03.17 21:18:22.241,1.29248,1.29289
2013.03.17 21:18:23.549,1.29248,1.29287
2013.03.17 21:18:25.160,1.29247,1.29287
2013.03.17 21:18:25.280,1.29247,1.29288
2013.03.17 21:18:25.581,1.29247,1.29287
2013.03.17 21:18:29.810,1.29247,1.29288
2013.03.17 21:18:30.331,1.29247,1.29283
2013.03.17 21:18:30.662,1.29251,1.29268
2013.03.17 21:18:31.581,1.29244,1.29277
2013.03.17 21:18:32.158,1.29236,1.29281
2013.03.17 21:18:33.009,1.29236,1.29285
2013.03.17 21:18:36.910,1.29238,1.29288
2013.03.17 21:18:36.970,1.29248,1.29288
2013.03.17 21:18:37.330,1.29248,1.29289
2013.03.17 21:18:41.984,1.29248,1.29286
2013.03.17 21:18:42.101,1.29241,1.2929
2013.03.17 21:18:42.161,1.29238,1.29291
2013.03.17 21:18:44.547,1.29238,1.29289
2013.03.17 21:18:44.850,1.29236,1.29289
2013.03.17 21:18:45.570,1.29235,1.29287
2013.03.17 21:18:46.190,1.29234,1.29286
2013.03.17 21:18:46.500,1.29233,1.29285
2013.03.17 21:18:46.861,1.29234,1.29283
2013.03.17 21:18:47.190,1.29239,1.29276
2013.03.17 21:18:47.250,1.29232,1.29281
2013.03.17 21:18:48.451,1.29236,1.29275
2013.03.17 21:18:48.631,1.2923,1.29279
2013.03.17 21:18:49.590,1.29229,1.29278
2013.03.17 21:18:50.521,1.29234,1.29271
2013.03.17 21:18:50.851,1.29234,1.29267
2013.03.17 21:18:53.300,1.29234,1.29263
2013.03.17 21:18:53.421,1.29234,1.29265
2013.03.17 21:18:55.447,1.29234,1.29263
2013.03.17 21:18:56.622,1.29234,1.29266
2013.03.17 21:18:57.330,1.29222,1.29266
2013.03.17 21:18:57.391,1.29229,1.29261
2013.03.17 21:18:57.902,1.2922,1.29264
2013.03.17 21:18:58.781,1.29229,1.29262
2013.03.17 21:18:59.170,1.29221,1.29265
2013.03.17 21:18:59.291,1.29229,1.29262
2013.03.17 21:18:59.351,1.29218,1.29262
2013.03.17 21:18:59.471,1.29222,1.29264
2013.03.17 21:18:59.530,1.2923,1.29264
2013.03.17 21:19:01.820,1.29224,1.29268
2013.03.17 21:19:02.981,1.29227,1.2927
2013.03.17 21:19:03.161,1.29239,1.2926
2013.03.17 21:19:03.521,1.29228,1.2927
2013.03.17 21:19:03.640,1.29225,1.29269
2013.03.17 21:19:04.460,1.29229,1.2927
2013.03.17 21:19:04.670,1.29227,1.2927
2013.03.17 21:19:05.434,1.29224,1.29268
2013.03.17 21:19:07.971,1.29224,1.29268
2013.03.17 21:19:09.730,1.29223,1.29266
2013.03.17 21:19:10.471,1.29224,1.29268
2013.03.17 21:19:16.611,1.29223,1.29264
2013.03.17 21:19:17.152,1.29222,1.29264
2013.03.17 21:19:17.861,1.29216,1.2926
2013.03.17 21:19:18.220,1.29217,1.29261
2013.03.17 21:19:20.240,1.29219,1.29261
2013.03.17 21:19:22.271,1.29221,1.29261
2013.03.17 21:19:23.610,1.29221,1.29263
2013.03.17 21:19:24.911,1.29227,1.29268
2013.03.17 21:19:25.171,1.29228,1.29268
2013.03.17 21:19:25.477,1.29245,1.2926
2013.03.17 21:19:27.881,1.29243,1.29262
2013.03.17 21:19:29.601,1.29248,1.29263
2013.03.17 21:19:30.054,1.29253,1.29269
2013.03.17 21:19:30.231,1.29247,1.29263
2013.03.17 21:19:33.162,1.29243,1.29258
2013.03.17 21:19:33.521,1.2924,1.29259
2013.03.17 21:19:33.856,1.2924,1.29263
2013.03.17 21:19:37.270,1.29242,1.29259
2013.03.17 21:19:37.831,1.29238,1.29261
2013.03.17 21:19:38.370,1.29237,1.2926
2013.03.17 21:19:39.121,1.29239,1.29253
2013.03.17 21:19:41.001,1.29236,1.29258
2013.03.17 21:19:42.581,1.29232,1.29253
2013.03.17 21:19:44.445,1.2924,1.29254
2013.03.17 21:19:45.472,1.29241,1.29255
2013.03.17 21:19:46.691,1.29242,1.29265
2013.03.17 21:19:55.411,1.29249,1.29266
2013.03.17 21:19:55.950,1.2925,1.29266
2013.03.17 21:19:56.601,1.29252,1.29269
2013.03.17 21:19:57.151,1.29252,1.29268
2013.03.17 21:20:06.553,1.29254,1.29269
2013.03.17 21:20:06.701,1.29249,1.29265
2013.03.17 21:20:06.881,1.29241,1.29272
2013.03.17 21:20:07.595,1.29241,1.29274
2013.03.17 21:20:07.730,1.29241,1.29269
2013.03.17 21:20:08.031,1.29245,1.29257
2013.03.17 21:20:10.942,1.29245,1.29263
2013.03.17 21:20:11.131,1.29248,1.29262
2013.03.17 21:20:12.461,1.29244,1.29274
2013.03.17 21:20:12.581,1.29239,1.29274
2013.03.17 21:20:16.191,1.29241,1.2927
2013.03.17 21:20:24.811,1.29231,1.29269
2013.03.17 21:20:26.111,1.2924,1.29271
2013.03.17 21:20:26.472,1.29246,1.29274
2013.03.17 21:20:30.254,1.29258,1.29275
2013.03.17 21:20:32.452,1.29259,1.29275
2013.03.17 21:20:35.681,1.29264,1.29278
2013.03.17 21:20:35.921,1.29258,1.29286
2013.03.17 21:20:39.272,1.29246,1.29286
2013.03.17 21:20:40.284,1.29246,1.29273
2013.03.17 21:20:40.402,1.29246,1.29273
2013.03.17 21:20:40.461,1.29239,1.29278
2013.03.17 21:20:40.522,1.29251,1.29263
2013.03.17 21:20:40.581,1.29243,1.29268
2013.03.17 21:20:40.941,1.29236,1.29274
2013.03.17 21:20:41.062,1.29229,1.29267
2013.03.17 21:20:41.638,1.29229,1.29273
2013.03.17 21:20:41.817,1.29229,1.29282
2013.03.17 21:20:46.112,1.29235,1.29279
2013.03.17 21:20:46.291,1.29237,1.29279
2013.03.17 21:20:49.891,1.29237,1.29281
2013.03.17 21:20:50.215,1.29249,1.29281
2013.03.17 21:20:52.337,1.29247,1.29281
2013.03.17 21:20:59.771,1.29242,1.29282
2013.03.17 21:21:07.890,1.2924,1.29281
2013.03.17 21:21:09.410,1.29238,1.29281
2013.03.17 21:21:10.570,1.2924,1.29281
2013.03.17 21:21:10.691,1.29238,1.29281
2013.03.17 21:21:12.663,1.2925,1.29282
2013.03.17 21:21:12.721,1.29243,1.29286
2013.03.17 21:21:13.460,1.29241,1.2929
2013.03.17 21:21:14.842,1.2925,1.29286
2013.03.17 21:21:15.100,1.29241,1.2929
2013.03.17 21:21:15.421,1.2925,1.29286
2013.03.17 21:21:15.560,1.29241,1.2929
2013.03.17 21:21:16.781,1.2925,1.29281
2013.03.17 21:21:16.841,1.29237,1.29281
2013.03.17 21:21:16.901,1.29251,1.29281
2013.03.17 21:21:17.021,1.29242,1.29284
2013.03.17 21:21:17.201,1.29248,1.29285
2013.03.17 21:21:17.261,1.29243,1.29287
2013.03.17 21:21:17.321,1.29239,1.29289
2013.03.17 21:21:17.702,1.29248,1.29285
2013.03.17 21:21:18.823,1.29243,1.29287
2013.03.17 21:21:18.941,1.29239,1.29289
2013.03.17 21:21:19.342,1.29248,1.29282
2013.03.17 21:21:20.411,1.29248,1.29285
2013.03.17 21:21:20.670,1.2925,1.29284
2013.03.17 21:21:21.011,1.2924,1.2928
2013.03.17 21:21:21.074,1.29242,1.29276
2013.03.17 21:21:21.381,1.29244,1.29276
2013.03.17 21:21:21.714,1.29248,1.29273
2013.03.17 21:21:22.551,1.29246,1.29278
2013.03.17 21:21:22.730,1.29246,1.29279
2013.03.17 21:21:23.762,1.29244,1.29288
2013.03.17 21:21:23.821,1.29247,1.29285
2013.03.17 21:21:24.386,1.29246,1.29285
2013.03.17 21:21:27.502,1.29241,1.29285
2013.03.17 21:21:30.460,1.29246,1.29287
2013.03.17 21:21:32.501,1.29243,1.29287
2013.03.17 21:21:32.561,1.29243,1.29287
2013.03.17 21:21:33.990,1.29239,1.29283
2013.03.17 21:21:35.501,1.29239,1.29279
2013.03.17 21:21:39.611,1.29242,1.29284
2013.03.17 21:21:39.670,1.29244,1.29284
2013.03.17 21:21:40.650,1.29237,1.29277
2013.03.17 21:21:41.701,1.29247,1.29281
2013.03.17 21:21:41.761,1.29244,1.29284
2013.03.17 21:21:43.401,1.29244,1.29284
2013.03.17 21:21:47.720,1.29246,1.29287
2013.03.17 21:21:48.792,1.29243,1.29287
2013.03.17 21:21:50.901,1.29243,1.29287
2013.03.17 21:21:59.450,1.29243,1.29285
2013.03.17 21:21:59.571,1.29245,1.29285
2013.03.17 21:22:01.685,1.29242,1.29286
2013.03.17 21:22:06.942,1.29242,1.29282
2013.03.17 21:22:09.520,1.29243,1.29285
2013.03.17 21:22:09.880,1.29251,1.29289
2013.03.17 21:22:15.000,1.29254,1.29291
2013.03.17 21:22:18.840,1.29254,1.29291
2013.03.17 21:22:21.064,1.29256,1.29291
2013.03.17 21:22:29.571,1.29255,1.29291
2013.03.17 21:22:42.611,1.29258,1.29288
2013.03.17 21:22:43.210,1.29257,1.29288
2013.03.17 21:22:47.911,1.29245,1.29288
2013.03.17 21:22:48.462,1.29244,1.29288
2013.03.17 21:22:52.312,1.29243,1.29287
2013.03.17 21:22:52.670,1.29251,1.29277
2013.03.17 21:22:53.130,1.29243,1.29287
2013.03.17 21:22:58.152,1.29245,1.29288
2013.03.17 21:22:58.491,1.2925,1.29288
2013.03.17 21:22:58.811,1.29247,1.29286
2013.03.17 21:22:58.930,1.29249,1.29286
2013.03.17 21:22:59.110,1.29247,1.29286
2013.03.17 21:22:59.660,1.29247,1.29291
2013.03.17 21:23:01.412,1.29249,1.29287
2013.03.17 21:23:01.711,1.29247,1.29291
2013.03.17 21:23:03.869,1.29249,1.29282
2013.03.17 21:23:05.210,1.29249,1.29292
2013.03.17 21:23:05.782,1.29248,1.29294
2013.03.17 21:23:05.961,1.29249,1.29294
2013.03.17 21:23:09.051,1.29248,1.29291
2013.03.17 21:23:09.231,1.29249,1.29292
2013.03.17 21:23:10.091,1.29256,1.29292
2013.03.17 21:23:10.485,1.29267,1.29283
2013.03.17 21:23:11.330,1.29269,1.29282
2013.03.17 21:23:12.190,1.29261,1.29294
2013.03.17 21:23:12.311,1.2927,1.29287
2013.03.17 21:23:12.371,1.29271,1.29288
2013.03.17 21:23:13.611,1.29276,1.29289
2013.03.17 21:23:13.731,1.29282,1.29293
2013.03.17 21:23:13.791,1.29283,1.293
2013.03.17 21:23:15.775,1.29282,1.29299
2013.03.17 21:23:15.902,1.29283,1.29297
2013.03.17 21:23:16.021,1.29279,1.29298
2013.03.17 21:23:17.490,1.2927,1.29305
2013.03.17 21:23:17.551,1.29268,1.29304
2013.03.17 21:23:18.184,1.29265,1.29305
2013.03.17 21:23:21.471,1.29273,1.29291
2013.03.17 21:23:21.530,1.29276,1.29293
2013.03.17 21:23:22.080,1.29281,1.29295
2013.03.17 21:23:22.261,1.29279,1.29292
2013.03.17 21:23:23.631,1.29282,1.29295
2013.03.17 21:23:25.330,1.29281,1.29299
2013.03.17 21:23:25.783,1.29278,1.29289
2013.03.17 21:23:27.513,1.2928,1.29299
2013.03.17 21:23:42.561,1.29284,1.29299
2013.03.17 21:23:47.320,1.29285,1.293
2013.03.17 21:23:47.561,1.29281,1.293
2013.03.17 21:23:55.111,1.29274,1.29305
2013.03.17 21:23:55.171,1.29275,1.29298
2013.03.17 21:24:10.721,1.29275,1.29296
2013.03.17 21:24:10.961,1.29278,1.29293
2013.03.17 21:24:11.741,1.29274,1.29297
2013.03.17 21:24:12.411,1.29274,1.29301
2013.03.17 21:24:17.770,1.29271,1.29298
2013.03.17 21:24:21.761,1.29282,1.29298
2013.03.17 21:24:22.061,1.29279,1.29298
2013.03.17 21:24:22.562,1.29275,1.29291
2013.03.17 21:24:25.862,1.2927,1.29289
2013.03.17 21:24:26.021,1.2927,1.29288
2013.03.17 21:24:26.260,1.29265,1.29298
2013.03.17 21:24:26.621,1.29264,1.29295
2013.03.17 21:24:34.471,1.29274,1.29295
2013.03.17 21:24:35.803,1.29274,1.29288
2013.03.17 21:24:35.862,1.29269,1.2929
2013.03.17 21:24:35.923,1.29275,1.29282
2013.03.17 21:24:35.982,1.29268,1.29287
2013.03.17 21:24:36.042,1.29258,1.29295
2013.03.17 21:24:36.102,1.2926,1.29291
2013.03.17 21:24:36.181,1.29255,1.29295
2013.03.17 21:24:36.303,1.29258,1.29289
2013.03.17 21:24:36.601,1.29259,1.29291
2013.03.17 21:24:37.463,1.29259,1.29291
2013.03.17 21:25:02.881,1.29257,1.29289
2013.03.17 21:25:09.575,1.29257,1.29284
2013.03.17 21:25:18.471,1.29259,1.29284
2013.03.17 21:25:18.711,1.2926,1.2929
2013.03.17 21:25:29.421,1.29257,1.29291
2013.03.17 21:25:38.112,1.29258,1.29289
2013.03.17 21:25:41.613,1.29256,1.29289
2013.03.17 21:25:51.125,1.29258,1.29288
2013.03.17 21:25:53.032,1.2926,1.29291
2013.03.17 21:25:58.285,1.29257,1.2929
2013.03.17 21:26:12.845,1.29257,1.29289
2013.03.17 21:26:20.443,1.29257,1.29291
2013.03.17 21:26:25.331,1.29259,1.29289
2013.03.17 21:26:27.142,1.29258,1.29292
2013.03.17 21:26:31.319,1.29259,1.29294
2013.03.17 21:26:32.001,1.29274,1.29291
2013.03.17 21:26:34.842,1.29269,1.29295
2013.03.17 21:26:34.963,1.29273,1.29288
2013.03.17 21:26:35.202,1.29264,1.29301
2013.03.17 21:26:35.503,1.2928,1.29297
2013.03.17 21:26:35.981,1.29284,1.29301
2013.03.17 21:26:36.101,1.29284,1.29301
2013.03.17 21:26:41.931,1.29284,1.29299
2013.03.17 21:26:42.862,1.29282,1.29299
2013.03.17 21:26:43.042,1.29282,1.29299
2013.03.17 21:26:45.233,1.29284,1.29299
2013.03.17 21:26:45.352,1.29284,1.29299
2013.03.17 21:26:51.912,1.29284,1.29297
2013.03.17 21:26:52.031,1.2928,1.29292
2013.03.17 21:26:54.242,1.29278,1.29289
2013.03.17 21:26:55.672,1.29283,1.29297
2013.03.17 21:26:57.153,1.29283,1.29299
2013.03.17 21:26:57.832,1.29279,1.29297
2013.03.17 21:26:58.091,1.29279,1.29296
2013.03.17 21:26:58.632,1.2928,1.29294
2013.03.17 21:26:58.971,1.29277,1.29292
2013.03.17 21:26:59.394,1.29276,1.29287
2013.03.17 21:27:02.653,1.29277,1.29287
2013.03.17 21:27:02.832,1.29281,1.29294
2013.03.17 21:27:03.353,1.2928,1.29294
2013.03.17 21:27:03.912,1.29281,1.29295
2013.03.17 21:27:04.032,1.29281,1.29295
2013.03.17 21:27:04.583,1.2928,1.29294
2013.03.17 21:27:04.882,1.29277,1.29292
2013.03.17 21:27:05.912,1.29277,1.29294
2013.03.17 21:27:06.032,1.29277,1.29292
2013.03.17 21:27:06.152,1.29274,1.2929
2013.03.17 21:27:06.592,1.29277,1.29292
2013.03.17 21:27:06.953,1.29273,1.29287
2013.03.17 21:27:07.811,1.29272,1.29287
2013.03.17 21:27:09.091,1.29276,1.29289
2013.03.17 21:27:09.212,1.29276,1.29292
2013.03.17 21:27:10.882,1.2928,1.29294
2013.03.17 21:27:18.582,1.29273,1.29299
2013.03.17 21:27:23.103,1.29284,1.29296
2013.03.17 21:27:23.775,1.29284,1.293
2013.03.17 21:27:24.612,1.29279,1.29303
2013.03.17 21:27:24.852,1.29274,1.29306
2013.03.17 21:27:24.912,1.29269,1.29309
2013.03.17 21:27:24.972,1.29268,1.29307
2013.03.17 21:27:25.152,1.29269,1.29304
2013.03.17 21:27:26.503,1.29268,1.29303
2013.03.17 21:27:26.572,1.29268,1.29301
2013.03.17 21:27:33.521,1.29264,1.29303
2013.03.17 21:27:37.134,1.29263,1.29302
2013.03.17 21:27:44.231,1.29262,1.29301
2013.03.17 21:27:45.951,1.29261,1.293
2013.03.17 21:27:53.072,1.29257,1.29292
2013.03.17 21:27:53.432,1.29262,1.29289
2013.03.17 21:27:55.593,1.29268,1.29285
2013.03.17 21:27:55.652,1.29265,1.29286
2013.03.17 21:27:55.772,1.29263,1.29286
2013.03.17 21:27:56.082,1.29266,1.2928
2013.03.17 21:27:56.203,1.29259,1.29284
2013.03.17 21:27:56.272,1.29258,1.29272
2013.03.17 21:27:56.392,1.29251,1.29281
2013.03.17 21:27:56.452,1.2926,1.29274
2013.03.17 21:27:56.751,1.2926,1.29277
2013.03.17 21:28:06.042,1.29261,1.29279
2013.03.17 21:28:09.932,1.29263,1.2928
2013.03.17 21:28:12.001,1.29264,1.29281
2013.03.17 21:28:14.284,1.29267,1.2928
2013.03.17 21:28:14.352,1.29267,1.29282
2013.03.17 21:28:19.291,1.29266,1.29281
2013.03.17 21:28:19.352,1.29264,1.29281
2013.03.17 21:28:20.232,1.29258,1.29278
2013.03.17 21:28:33.133,1.29249,1.29276
2013.03.17 21:28:33.312,1.29249,1.29289
2013.03.17 21:28:34.643,1.29251,1.29289
2013.03.17 21:28:35.022,1.29261,1.29277
2013.03.17 21:28:35.141,1.2926,1.29275
2013.03.17 21:28:36.352,1.29257,1.29271
2013.03.17 21:28:36.412,1.29259,1.29272
2013.03.17 21:28:42.281,1.29255,1.29272
2013.03.17 21:28:42.815,1.29255,1.29272
2013.03.17 21:28:43.052,1.29251,1.29267
2013.03.17 21:28:45.242,1.29252,1.29267
2013.03.17 21:28:45.362,1.29253,1.2927
2013.03.17 21:28:45.422,1.29262,1.29274
2013.03.17 21:28:45.542,1.29263,1.29276
2013.03.17 21:28:45.902,1.29259,1.29279
2013.03.17 21:28:47.041,1.29255,1.29269
2013.03.17 21:28:47.221,1.29251,1.29262
2013.03.17 21:28:51.274,1.29254,1.29269
2013.03.17 21:28:51.462,1.29258,1.29273
2013.03.17 21:28:53.103,1.29254,1.29271
2013.03.17 21:28:53.172,1.29249,1.29275
2013.03.17 21:28:53.472,1.29252,1.29269
2013.03.17 21:28:53.792,1.29248,1.29271
2013.03.17 21:28:59.361,1.29256,1.2926
2013.03.17 21:28:59.542,1.29251,1.29263
2013.03.17 21:29:02.872,1.29246,1.29266
2013.03.17 21:29:03.052,1.29248,1.29262
2013.03.17 21:29:03.995,1.29247,1.29262
2013.03.17 21:29:13.851,1.29241,1.29254
2013.03.17 21:29:14.873,1.2924,1.29254
2013.03.17 21:29:19.682,1.29234,1.29259
2013.03.17 21:29:19.742,1.29234,1.29267
2013.03.17 21:29:23.812,1.29234,1.29256
2013.03.17 21:29:23.992,1.29236,1.29247
2013.03.17 21:29:24.172,1.29235,1.29247
2013.03.17 21:29:26.152,1.29239,1.29251
2013.03.17 21:29:26.332,1.2924,1.29252
2013.03.17 21:29:26.392,1.29235,1.29255
2013.03.17 21:29:26.932,1.29233,1.29246
2013.03.17 21:29:27.052,1.29234,1.29246
2013.03.17 21:29:27.112,1.29234,1.29241
2013.03.17 21:29:27.172,1.29224,1.29249
2013.03.17 21:29:27.293,1.29219,1.29241
2013.03.17 21:29:27.353,1.29228,1.29241
2013.03.17 21:29:27.532,1.29232,1.29244
2013.03.17 21:29:31.073,1.2923,1.29244
2013.03.17 21:29:31.132,1.29229,1.2924
2013.03.17 21:29:31.683,1.29232,1.29246
2013.03.17 21:29:32.272,1.29232,1.29246
2013.03.17 21:29:34.072,1.2923,1.29244
2013.03.17 21:29:35.537,1.29226,1.29245
2013.03.17 21:29:35.662,1.29221,1.29248
2013.03.17 21:29:35.722,1.29228,1.29239
2013.03.17 21:29:37.512,1.29226,1.29239
2013.03.17 21:29:37.632,1.29225,1.29238
2013.03.17 21:29:38.092,1.29217,1.29233
2013.03.17 21:29:38.152,1.29218,1.29233
2013.03.17 21:29:39.169,1.29218,1.29234
2013.03.17 21:29:41.702,1.29221,1.29234
2013.03.17 21:29:41.773,1.29223,1.29235
2013.03.17 21:29:42.233,1.2921,1.29234
2013.03.17 21:29:42.532,1.29216,1.29231
2013.03.17 21:29:43.012,1.29222,1.29235
2013.03.17 21:29:43.072,1.29209,1.29251
2013.03.17 21:29:43.612,1.2921,1.29253
2013.03.17 21:29:44.697,1.29216,1.2926
2013.03.17 21:29:45.962,1.29216,1.29255
2013.03.17 21:29:46.291,1.29227,1.29245
2013.03.17 21:29:46.822,1.29226,1.29245
2013.03.17 21:29:52.252,1.29232,1.29245
2013.03.17 21:29:54.091,1.29233,1.29246
2013.03.17 21:29:54.463,1.29235,1.29247
2013.03.17 21:29:55.861,1.29238,1.29253
2013.03.17 21:29:57.862,1.29241,1.29254
2013.03.17 21:30:00.772,1.29232,1.29261
2013.03.17 21:30:01.012,1.29233,1.29254
2013.03.17 21:30:01.782,1.29235,1.29254
2013.03.17 21:30:04.062,1.29227,1.29254
2013.03.17 21:30:08.042,1.29236,1.29251
2013.03.17 21:30:08.401,1.29233,1.29245
2013.03.17 21:30:08.923,1.29233,1.29245
2013.03.17 21:30:09.435,1.29233,1.29248
2013.03.17 21:30:09.562,1.29229,1.29255
2013.03.17 21:30:09.622,1.29235,1.29263
2013.03.17 21:30:09.923,1.29244,1.29267
2013.03.17 21:30:10.232,1.29248,1.29266
2013.03.17 21:30:10.292,1.2925,1.29267
2013.03.17 21:30:11.955,1.2925,1.29269
2013.03.17 21:30:12.632,1.29254,1.29267
2013.03.17 21:30:13.173,1.29255,1.29268
2013.03.17 21:30:13.604,1.29256,1.29269
2013.03.17 21:30:14.522,1.29256,1.29271
2013.03.17 21:30:15.062,1.29256,1.29273
2013.03.17 21:30:15.974,1.29256,1.29274
2013.03.17 21:30:16.832,1.2925,1.29282
2013.03.17 21:30:16.952,1.2925,1.29293
2013.03.17 21:30:17.012,1.29241,1.29293
2013.03.17 21:30:17.072,1.29258,1.29279
2013.03.17 21:30:18.246,1.29271,1.29278
2013.03.17 21:30:18.363,1.29264,1.2928
2013.03.17 21:30:18.482,1.29248,1.29295
2013.03.17 21:30:18.602,1.29251,1.2929
2013.03.17 21:30:19.042,1.29263,1.29279
2013.03.17 21:30:19.162,1.29264,1.29281
2013.03.17 21:30:19.882,1.29263,1.29281
2013.03.17 21:30:20.242,1.2926,1.29275
2013.03.17 21:30:20.302,1.29247,1.29286
2013.03.17 21:30:20.422,1.29243,1.29287
2013.03.17 21:30:20.482,1.29242,1.29275
2013.03.17 21:30:20.842,1.29252,1.29266
2013.03.17 21:30:21.452,1.29252,1.29268
2013.03.17 21:30:21.572,1.29253,1.29269
2013.03.17 21:30:22.562,1.29254,1.29269
2013.03.17 21:30:23.284,1.29249,1.29276
2013.03.17 21:30:27.303,1.29253,1.29273
2013.03.17 21:30:27.662,1.29248,1.29275
2013.03.17 21:30:27.723,1.29247,1.29274
2013.03.17 21:30:27.842,1.29253,1.29266
2013.03.17 21:30:29.628,1.2925,1.29266
2013.03.17 21:30:29.752,1.29247,1.29271
2013.03.17 21:30:29.812,1.29246,1.29274
2013.03.17 21:30:30.323,1.29248,1.29275
2013.03.17 21:30:32.323,1.29251,1.29274
2013.03.17 21:30:32.719,1.29256,1.29271
2013.03.17 21:30:32.902,1.29255,1.29269
2013.03.17 21:30:33.894,1.29253,1.29271
2013.03.17 21:30:34.012,1.29255,1.29273
2013.03.17 21:30:34.133,1.29257,1.29274
2013.03.17 21:30:34.192,1.29263,1.29278
2013.03.17 21:30:34.642,1.29261,1.29283
2013.03.17 21:30:34.762,1.29261,1.29285
2013.03.17 21:30:34.823,1.29263,1.29297
2013.03.17 21:30:34.882,1.29263,1.29302
2013.03.17 21:30:35.002,1.29266,1.29301
2013.03.17 21:30:35.362,1.29271,1.29292
2013.03.17 21:30:35.422,1.29263,1.29302
2013.03.17 21:30:35.482,1.29268,1.29311
2013.03.17 21:30:35.542,1.29263,1.29304
2013.03.17 21:30:35.843,1.29276,1.29288
2013.03.17 21:30:36.022,1.29276,1.29286
2013.03.17 21:30:36.322,1.29262,1.29292
2013.03.17 21:30:37.122,1.29275,1.29292
2013.03.17 21:30:37.183,1.29281,1.29297
2013.03.17 21:30:38.612,1.29268,1.29297
2013.03.17 21:30:38.972,1.29269,1.29294
2013.03.17 21:30:39.332,1.2927,1.29291
2013.03.17 21:30:40.362,1.29272,1.29287
2013.03.17 21:30:41.731,1.29266,1.2929
2013.03.17 21:30:42.585,1.29262,1.29288
2013.03.17 21:30:42.642,1.29265,1.29288
2013.03.17 21:30:42.943,1.29269,1.2929
2013.03.17 21:30:43.722,1.29269,1.29291
2013.03.17 21:30:43.782,1.29266,1.29291
2013.03.17 21:30:45.403,1.29273,1.29281
2013.03.17 21:30:45.462,1.29269,1.29282
2013.03.17 21:30:45.702,1.29269,1.2928
2013.03.17 21:30:45.762,1.29263,1.29285
2013.03.17 21:30:45.822,1.29263,1.29287
2013.03.17 21:30:46.322,1.29273,1.29288
2013.03.17 21:30:46.972,1.29261,1.29287
2013.03.17 21:30:47.392,1.29272,1.29287
2013.03.17 21:30:48.064,1.29272,1.29287
2013.03.17 21:30:48.123,1.29264,1.29292
2013.03.17 21:30:48.892,1.29277,1.29292
2013.03.17 21:30:50.253,1.29274,1.29289
2013.03.17 21:30:52.288,1.2928,1.29293
2013.03.17 21:30:53.403,1.29273,1.29298
2013.03.17 21:30:53.463,1.29275,1.29293
2013.03.17 21:30:53.582,1.2927,1.29295
2013.03.17 21:30:53.822,1.29273,1.29288
2013.03.17 21:30:56.112,1.29262,1.29287
2013.03.17 21:30:56.584,1.29273,1.29288
2013.03.17 21:31:00.612,1.29275,1.2929
2013.03.17 21:31:13.592,1.29273,1.29287
2013.03.17 21:31:13.713,1.29272,1.29287
2013.03.17 21:31:15.122,1.29273,1.29288
2013.03.17 21:31:15.302,1.29272,1.29287
2013.03.17 21:31:15.602,1.29273,1.29288
2013.03.17 21:31:18.303,1.2927,1.29287
2013.03.17 21:31:20.835,1.29272,1.29287
2013.03.17 21:31:32.545,1.29274,1.2929
2013.03.17 21:31:34.563,1.29275,1.2929
2013.03.17 21:31:35.087,1.29274,1.2929
2013.03.17 21:31:40.103,1.2927,1.29283
2013.03.17 21:31:40.412,1.29268,1.2928
2013.03.17 21:31:41.942,1.29269,1.29283
2013.03.17 21:31:42.012,1.29271,1.29283
2013.03.17 21:31:42.132,1.29274,1.29289
2013.03.17 21:31:43.742,1.29273,1.29289
2013.03.17 21:31:44.453,1.29273,1.29288
2013.03.17 21:31:44.513,1.29276,1.29292
2013.03.17 21:31:49.052,1.29278,1.29294
2013.03.17 21:31:52.134,1.29281,1.29294
2013.03.17 21:31:54.653,1.29273,1.29293
2013.03.17 21:31:57.522,1.29274,1.29292
2013.03.17 21:31:59.273,1.29277,1.29293
2013.03.17 21:32:01.332,1.29279,1.29294
2013.03.17 21:32:14.513,1.29279,1.29294
2013.03.17 21:32:14.632,1.29281,1.29294
2013.03.17 21:32:23.314,1.29281,1.29295
2013.03.17 21:32:23.553,1.29276,1.29294
2013.03.17 21:32:25.502,1.29279,1.29294
2013.03.17 21:32:25.562,1.29273,1.29296
2013.03.17 21:32:25.682,1.29273,1.29299
2013.03.17 21:32:25.802,1.29273,1.29299
2013.03.17 21:32:25.862,1.29273,1.29299
2013.03.17 21:32:27.085,1.29276,1.29301
2013.03.17 21:32:27.764,1.29276,1.29301
2013.03.17 21:32:27.993,1.29276,1.29301
2013.03.17 21:32:32.612,1.29276,1.29301
2013.03.17 21:32:33.634,1.29274,1.293
2013.03.17 21:32:34.134,1.29282,1.29301
2013.03.17 21:32:34.312,1.29274,1.293
2013.03.17 21:32:34.433,1.29274,1.293
2013.03.17 21:32:36.652,1.29274,1.29301
2013.03.17 21:32:36.832,1.2928,1.29301
2013.03.17 21:32:36.952,1.29272,1.29301
2013.03.17 21:32:39.474,1.29282,1.293
2013.03.17 21:32:39.952,1.29281,1.29297
2013.03.17 21:32:40.312,1.29284,1.293
2013.03.17 21:32:40.372,1.29275,1.293
2013.03.17 21:32:40.492,1.29275,1.29298
2013.03.17 21:32:40.732,1.29275,1.29301
2013.03.17 21:32:43.593,1.29278,1.2929
2013.03.17 21:32:43.712,1.29279,1.29295
2013.03.17 21:32:51.342,1.29279,1.29296
2013.03.17 21:33:01.563,1.29282,1.29299
2013.03.17 21:33:02.162,1.29283,1.29301
2013.03.17 21:33:02.642,1.2928,1.29304
2013.03.17 21:33:04.764,1.29279,1.29301
2013.03.17 21:33:09.935,1.2928,1.29301
2013.03.17 21:33:12.612,1.29282,1.29301
2013.03.17 21:33:17.693,1.29281,1.29301
2013.03.17 21:33:18.052,1.29287,1.29304
2013.03.17 21:33:18.352,1.29281,1.29304
2013.03.17 21:33:26.763,1.29278,1.293
2013.03.17 21:33:30.115,1.29277,1.29296
2013.03.17 21:33:31.114,1.29275,1.29296
2013.03.17 21:33:31.722,1.29276,1.29296
2013.03.17 21:33:41.624,1.29266,1.29296
2013.03.17 21:33:50.283,1.29266,1.29296
2013.03.17 21:33:50.772,1.29268,1.29296
2013.03.17 21:33:57.953,1.29282,1.29296
2013.03.17 21:33:59.992,1.29285,1.293
2013.03.17 21:34:00.352,1.29282,1.29302
2013.03.17 21:34:00.593,1.29281,1.29302
2013.03.17 21:34:01.112,1.29273,1.29305
2013.03.17 21:34:02.663,1.29271,1.29305
2013.03.17 21:34:02.962,1.29272,1.29298
2013.03.17 21:34:03.083,1.29267,1.29302
2013.03.17 21:34:03.202,1.29267,1.2929
2013.03.17 21:34:03.322,1.29269,1.29293
2013.03.17 21:34:03.383,1.29274,1.29296
2013.03.17 21:34:03.692,1.29268,1.29292
2013.03.17 21:34:04.212,1.29268,1.29292
2013.03.17 21:34:05.812,1.2927,1.29289
2013.03.17 21:34:06.052,1.29268,1.2929
2013.03.17 21:34:06.592,1.29264,1.29294
2013.03.17 21:34:06.924,1.29273,1.29288
2013.03.17 21:34:06.982,1.29273,1.2929
2013.03.17 21:34:07.042,1.29273,1.29292
2013.03.17 21:34:07.523,1.29271,1.29291
2013.03.17 21:34:08.294,1.29269,1.29295
2013.03.17 21:34:10.782,1.29276,1.29295
2013.03.17 21:34:14.260,1.29278,1.29305
2013.03.17 21:34:20.642,1.29283,1.29298
2013.03.17 21:34:20.822,1.29282,1.29297
2013.03.17 21:34:21.063,1.29276,1.293
2013.03.17 21:34:24.472,1.29274,1.29299
2013.03.17 21:34:25.682,1.29272,1.29299
2013.03.17 21:34:34.832,1.29275,1.29294
2013.03.17 21:34:35.073,1.29268,1.29295
2013.03.17 21:34:35.132,1.29268,1.29305
2013.03.17 21:34:35.192,1.29272,1.29305
2013.03.17 21:34:36.303,1.29274,1.29305
2013.03.17 21:34:36.362,1.29279,1.29299
2013.03.17 21:34:36.482,1.29275,1.29301
2013.03.17 21:34:36.673,1.29279,1.29295
2013.03.17 21:34:37.033,1.29274,1.29299
2013.03.17 21:34:37.934,1.29276,1.29294
2013.03.17 21:34:39.562,1.29275,1.29292
2013.03.17 21:34:42.292,1.29266,1.29293
2013.03.17 21:34:42.533,1.29272,1.29288
2013.03.17 21:34:44.582,1.29272,1.293
2013.03.17 21:34:45.134,1.2928,1.29293
2013.03.17 21:34:48.263,1.29272,1.29298
2013.03.17 21:34:52.425,1.29279,1.29298
2013.03.17 21:34:52.663,1.29278,1.293
2013.03.17 21:34:52.723,1.29275,1.29304
2013.03.17 21:34:53.083,1.29276,1.2929
2013.03.17 21:35:01.353,1.29273,1.29291
2013.03.17 21:35:02.302,1.29276,1.29292
2013.03.17 21:35:02.833,1.29274,1.29292
2013.03.17 21:35:05.803,1.29264,1.29292
2013.03.17 21:35:10.023,1.29264,1.29281
2013.03.17 21:35:42.983,1.29269,1.29282
2013.03.17 21:35:53.754,1.29269,1.29283
2013.03.17 21:35:58.043,1.29264,1.29285
2013.03.17 21:35:58.104,1.29261,1.29286
2013.03.17 21:35:58.163,1.29266,1.29279
2013.03.17 21:36:00.633,1.29254,1.29282
2013.03.17 21:36:01.843,1.29261,1.29273
2013.03.17 21:36:02.023,1.29263,1.29285
2013.03.17 21:36:06.004,1.29265,1.29285
2013.03.17 21:36:06.504,1.29269,1.29287
2013.03.17 21:36:07.343,1.29266,1.29295
2013.03.17 21:36:11.702,1.29269,1.29297
2013.03.17 21:36:12.785,1.29269,1.29285
2013.03.17 21:36:18.232,1.29266,1.29294
2013.03.17 21:36:19.323,1.29265,1.29281
2013.03.17 21:36:23.013,1.29266,1.29284
2013.03.17 21:36:25.133,1.29266,1.29286
2013.03.17 21:36:29.283,1.29269,1.29285
2013.03.17 21:36:34.935,1.29269,1.29286
2013.03.17 21:36:36.654,1.29268,1.29285
2013.03.17 21:36:37.122,1.29268,1.29285
2013.03.17 21:36:51.063,1.29265,1.29284
2013.03.17 21:36:58.822,1.29266,1.29283
2013.03.17 21:36:59.764,1.29266,1.29294
2013.03.17 21:37:00.072,1.29272,1.29289
2013.03.17 21:37:04.194,1.29269,1.29297
2013.03.17 21:37:05.823,1.29269,1.29287
2013.03.17 21:37:06.343,1.29269,1.29285
2013.03.17 21:37:13.763,1.29269,1.29287
2013.03.17 21:37:14.873,1.29272,1.29286
2013.03.17 21:37:17.840,1.29274,1.29291
2013.03.17 21:37:18.153,1.29274,1.29287
2013.03.17 21:37:24.413,1.29274,1.2929
2013.03.17 21:37:26.972,1.29272,1.29289
2013.03.17 21:37:34.563,1.29272,1.29287
2013.03.17 21:37:36.752,1.29272,1.2929
2013.03.17 21:37:39.493,1.29275,1.29292
2013.03.17 21:37:40.023,1.29275,1.29291
2013.03.17 21:37:41.117,1.29273,1.29289
2013.03.17 21:37:42.493,1.29273,1.29301
2013.03.17 21:37:51.732,1.29275,1.29293
2013.03.17 21:37:58.062,1.29276,1.29293
2013.03.17 21:37:58.905,1.29279,1.29291
2013.03.17 21:37:58.972,1.29278,1.29304
2013.03.17 21:37:59.152,1.29275,1.29294
2013.03.17 21:37:59.915,1.29278,1.29294
2013.03.17 21:38:00.508,1.29279,1.29296
2013.03.17 21:38:01.462,1.29281,1.29297
2013.03.17 21:38:03.334,1.29284,1.29296
2013.03.17 21:38:03.692,1.29284,1.29298
2013.03.17 21:38:04.202,1.29283,1.29301
2013.03.17 21:38:04.983,1.29287,1.29301
2013.03.17 21:38:07.352,1.29275,1.29304
2013.03.17 21:38:16.312,1.29275,1.29303
2013.03.17 21:38:18.632,1.29275,1.29293
2013.03.17 21:38:19.342,1.29275,1.29303
2013.03.17 21:38:27.323,1.29275,1.29292
2013.03.17 21:38:27.681,1.29276,1.29303
2013.03.17 21:38:30.523,1.29285,1.29303
2013.03.17 21:38:30.882,1.29276,1.29298
2013.03.17 21:38:33.652,1.29276,1.293
2013.03.17 21:38:33.953,1.2928,1.2929
2013.03.17 21:38:34.312,1.29276,1.29294
2013.03.17 21:38:42.293,1.29271,1.29298
2013.03.17 21:38:46.373,1.2928,1.2929
2013.03.17 21:38:46.492,1.29271,1.29288
2013.03.17 21:38:47.832,1.29276,1.29291
2013.03.17 21:38:48.664,1.29274,1.29291
2013.03.17 21:38:50.202,1.29263,1.29288
2013.03.17 21:38:54.827,1.29269,1.29284
2013.03.17 21:38:54.963,1.29269,1.29291
2013.03.17 21:38:55.142,1.29276,1.29298
2013.03.17 21:38:55.682,1.29269,1.29298
2013.03.17 21:38:56.172,1.29266,1.29295
2013.03.17 21:38:58.154,1.29275,1.29295
2013.03.17 21:38:58.272,1.29273,1.29296
2013.03.17 21:38:59.544,1.29271,1.29289
2013.03.17 21:39:00.342,1.29271,1.29285
2013.03.17 21:39:06.625,1.29268,1.29295
2013.03.17 21:39:12.522,1.2927,1.29298
2013.03.17 21:39:12.642,1.2927,1.29287
2013.03.17 21:39:13.012,1.2927,1.29293
2013.03.17 21:39:16.092,1.29267,1.29295
2013.03.17 21:39:16.392,1.29269,1.29298
2013.03.17 21:39:17.233,1.29271,1.29298
2013.03.17 21:39:20.142,1.29273,1.29298
2013.03.17 21:39:20.743,1.29268,1.29295
2013.03.17 21:39:21.602,1.29268,1.29294
2013.03.17 21:39:23.144,1.29268,1.29281
2013.03.17 21:39:24.179,1.29261,1.29288
2013.03.17 21:39:25.283,1.29261,1.29288
2013.03.17 21:39:26.613,1.29269,1.29279
2013.03.17 21:39:26.672,1.29268,1.29285
2013.03.17 21:39:26.852,1.2927,1.29295
2013.03.17 21:39:29.243,1.2927,1.29288
2013.03.17 21:39:32.022,1.2927,1.2929
2013.03.17 21:39:32.143,1.2927,1.29293
2013.03.17 21:39:32.502,1.2927,1.29293
2013.03.17 21:39:39.852,1.29274,1.29292
2013.03.17 21:39:49.892,1.2927,1.29287
2013.03.17 21:39:59.172,1.2927,1.29298
2013.03.17 21:40:00.552,1.2928,1.2929
2013.03.17 21:40:00.612,1.29275,1.2929
2013.03.17 21:40:00.852,1.29275,1.29298
2013.03.17 21:40:08.432,1.29281,1.29293
2013.03.17 21:40:08.552,1.29283,1.29295
2013.03.17 21:40:08.673,1.29279,1.29293
2013.03.17 21:40:11.563,1.29273,1.29301
2013.03.17 21:40:16.942,1.29275,1.29294
2013.03.17 21:40:18.232,1.29275,1.29304
2013.03.17 21:40:22.632,1.29278,1.29296
2013.03.17 21:40:23.429,1.29274,1.29296
2013.03.17 21:40:23.514,1.29274,1.29296
2013.03.17 21:40:25.933,1.29275,1.29299
2013.03.17 21:40:29.032,1.29279,1.29304
2013.03.17 21:40:29.153,1.29282,1.29299
2013.03.17 21:40:29.272,1.2928,1.29299
2013.03.17 21:40:32.762,1.29269,1.29296
2013.03.17 21:40:38.093,1.29273,1.29294
2013.03.17 21:40:38.332,1.29276,1.29295
2013.03.17 21:40:40.882,1.29281,1.29296
2013.03.17 21:40:51.344,1.2927,1.29301
2013.03.17 21:40:51.463,1.29283,1.29301
2013.03.17 21:40:51.823,1.29281,1.29296
2013.03.17 21:40:59.633,1.29274,1.29303
2013.03.17 21:41:12.622,1.29271,1.29299
2013.03.17 21:41:21.023,1.29281,1.29299
2013.03.17 21:41:25.912,1.29286,1.29301
2013.03.17 21:41:39.203,1.29281,1.29304
2013.03.17 21:41:41.203,1.29279,1.29296
2013.03.17 21:41:41.742,1.2928,1.29293
2013.03.17 21:41:42.402,1.29282,1.29295
2013.03.17 21:41:42.522,1.29283,1.29296
2013.03.17 21:41:42.992,1.29275,1.29296
2013.03.17 21:41:43.353,1.29277,1.29298
2013.03.17 21:41:44.612,1.29278,1.29294
2013.03.17 21:41:44.852,1.29275,1.29288
2013.03.17 21:41:45.853,1.29275,1.29288
2013.03.17 21:41:46.793,1.2928,1.29288
2013.03.17 21:41:46.912,1.29283,1.29297
2013.03.17 21:41:47.032,1.2928,1.29295
2013.03.17 21:41:47.093,1.2928,1.29297
2013.03.17 21:41:47.362,1.29288,1.29302
2013.03.17 21:41:47.783,1.2928,1.29297
2013.03.17 21:41:48.262,1.29286,1.29297
2013.03.17 21:41:48.442,1.29288,1.29301
2013.03.17 21:41:48.665,1.29286,1.29301
2013.03.17 21:41:49.192,1.29285,1.29301
2013.03.17 21:41:50.462,1.29285,1.293
2013.03.17 21:41:50.639,1.29282,1.29298
2013.03.17 21:41:51.782,1.29287,1.293
2013.03.17 21:41:52.082,1.29284,1.29299
2013.03.17 21:41:52.264,1.29285,1.293
2013.03.17 21:41:52.322,1.29285,1.29301
2013.03.17 21:41:52.483,1.29292,1.29307
2013.03.17 21:41:52.862,1.29288,1.29304
2013.03.17 21:41:57.623,1.29287,1.29302
2013.03.17 21:41:59.712,1.29288,1.29301
2013.03.17 21:41:59.892,1.29288,1.29301
2013.03.17 21:42:00.353,1.29286,1.293
2013.03.17 21:42:00.897,1.29286,1.29298
2013.03.17 21:42:01.315,1.29287,1.29298
2013.03.17 21:42:02.572,1.2929,1.29304
2013.03.17 21:42:02.632,1.29291,1.29304
2013.03.17 21:42:03.912,1.29289,1.29309
2013.03.17 21:42:03.973,1.2929,1.29318
2013.03.17 21:42:04.153,1.29285,1.29312
2013.03.17 21:42:04.510,1.29285,1.29308
2013.03.17 21:42:05.312,1.29293,1.29308
2013.03.17 21:42:06.173,1.29288,1.29311
2013.03.17 21:42:06.532,1.29293,1.29304
2013.03.17 21:42:08.267,1.29282,1.29313
2013.03.17 21:42:08.323,1.29289,1.29304
2013.03.17 21:42:08.443,1.29275,1.29316
2013.03.17 21:42:08.982,1.29269,1.29309
2013.03.17 21:42:10.075,1.29274,1.29311
2013.03.17 21:42:10.133,1.29282,1.29306
2013.03.17 21:42:10.193,1.29283,1.29307
2013.03.17 21:42:10.313,1.29288,1.29304
2013.03.17 21:42:10.493,1.2929,1.29307
2013.03.17 21:42:10.612,1.2929,1.29308
2013.03.17 21:42:13.524,1.29293,1.2931
2013.03.17 21:42:13.582,1.29293,1.29311
2013.03.17 21:42:13.762,1.29288,1.29309
2013.03.17 21:42:13.823,1.29288,1.29308
2013.03.17 21:42:14.358,1.29288,1.29306
2013.03.17 21:42:15.102,1.29289,1.29306
2013.03.17 21:42:15.225,1.29282,1.29311
2013.03.17 21:42:15.363,1.29283,1.29308
2013.03.17 21:42:15.722,1.29282,1.29298
2013.03.17 21:42:16.112,1.29284,1.29298
2013.03.17 21:42:20.883,1.29283,1.29298
2013.03.17 21:42:23.573,1.29283,1.29288
2013.03.17 21:42:23.648,1.29273,1.29288
2013.03.17 21:42:30.583,1.29275,1.29288
2013.03.17 21:42:34.363,1.29282,1.29293
2013.03.17 21:42:34.482,1.29286,1.29303
2013.03.17 21:42:34.543,1.29286,1.29303
2013.03.17 21:42:34.662,1.29286,1.29303
2013.03.17 21:42:35.268,1.29287,1.29304
2013.03.17 21:42:35.402,1.29289,1.29305
2013.03.17 21:42:48.182,1.2929,1.29307
2013.03.17 21:42:48.422,1.2929,1.29307
2013.03.17 21:42:48.952,1.2929,1.29306
2013.03.17 21:42:50.492,1.29291,1.29306
2013.03.17 21:42:51.128,1.29291,1.29311
2013.03.17 21:42:51.196,1.29291,1.29311
2013.03.17 21:42:55.434,1.29289,1.29308
2013.03.17 21:42:55.792,1.29291,1.29305
2013.03.17 21:42:55.912,1.29291,1.29308
2013.03.17 21:42:56.272,1.29291,1.29311
2013.03.17 21:42:56.802,1.29292,1.29312
2013.03.17 21:42:56.989,1.29296,1.29314
2013.03.17 21:42:57.442,1.29293,1.2931
2013.03.17 21:42:57.562,1.29293,1.29307
2013.03.17 21:42:58.184,1.29293,1.29305
2013.03.17 21:42:58.652,1.29295,1.29303
2013.03.17 21:42:58.734,1.29295,1.29314
2013.03.17 21:43:04.282,1.29293,1.29314
2013.03.17 21:43:04.402,1.29293,1.29317
2013.03.17 21:43:04.582,1.293,1.29317
2013.03.17 21:43:04.942,1.29302,1.29313
2013.03.17 21:43:05.063,1.29301,1.29312
2013.03.17 21:43:05.362,1.29292,1.29318
2013.03.17 21:43:12.923,1.29291,1.29318
2013.03.17 21:43:13.062,1.29296,1.29316
2013.03.17 21:43:13.363,1.29293,1.2931
2013.03.17 21:43:14.695,1.29296,1.2931
2013.03.17 21:43:14.823,1.29296,1.29316
2013.03.17 21:43:15.943,1.29291,1.29308
2013.03.17 21:43:17.665,1.29289,1.29305
2013.03.17 21:43:20.473,1.29281,1.29311
2013.03.17 21:43:20.532,1.29287,1.29307
2013.03.17 21:43:20.652,1.29288,1.29308
2013.03.17 21:43:25.144,1.29293,1.29316
2013.03.17 21:43:27.106,1.29293,1.29313
2013.03.17 21:43:27.362,1.2929,1.29319
2013.03.17 21:43:30.743,1.29299,1.29319
2013.03.17 21:43:30.802,1.29289,1.29326
2013.03.17 21:43:31.203,1.29291,1.2932
2013.03.17 21:43:35.542,1.29294,1.29318
2013.03.17 21:43:35.822,1.29296,1.29318
2013.03.17 21:43:36.183,1.29293,1.2931
2013.03.17 21:43:43.043,1.2929,1.29311
2013.03.17 21:43:43.222,1.29282,1.29307
2013.03.17 21:43:43.283,1.29282,1.29319
2013.03.17 21:43:46.162,1.29282,1.29319
2013.03.17 21:43:54.223,1.2929,1.29318
2013.03.17 21:43:54.723,1.29292,1.29318
2013.03.17 21:43:54.782,1.29292,1.29319
2013.03.17 21:43:54.963,1.29292,1.29316
2013.03.17 21:43:55.322,1.29292,1.29312
2013.03.17 21:43:55.628,1.29291,1.29308
2013.03.17 21:43:58.012,1.29284,1.29308
2013.03.17 21:43:58.072,1.29284,1.29319
2013.03.17 21:44:00.552,1.29284,1.29319
2013.03.17 21:44:04.832,1.29284,1.29319
2013.03.17 21:44:05.528,1.29295,1.29313
2013.03.17 21:44:05.833,1.29298,1.29307
2013.03.17 21:44:05.893,1.29284,1.29307
2013.03.17 21:44:12.033,1.29284,1.29307
2013.03.17 21:44:12.152,1.29284,1.29319
2013.03.17 21:44:14.302,1.29294,1.29319
2013.03.17 21:44:14.603,1.29299,1.29325
2013.03.17 21:44:15.142,1.29301,1.29326
2013.03.17 21:44:16.533,1.29309,1.29326
2013.03.17 21:44:16.596,1.29299,1.29326
2013.03.17 21:44:17.963,1.293,1.29325
2013.03.17 21:44:20.804,1.29297,1.29324
2013.03.17 21:44:21.354,1.29309,1.29324
2013.03.17 21:44:25.973,1.2931,1.29326
2013.03.17 21:44:26.623,1.2931,1.29325
2013.03.17 21:44:26.693,1.29301,1.29332
2013.03.17 21:44:26.752,1.29307,1.29325
2013.03.17 21:44:27.053,1.29304,1.29325
2013.03.17 21:44:27.113,1.29302,1.29325
2013.03.17 21:44:33.264,1.29302,1.29323
2013.03.17 21:44:34.177,1.29299,1.29324
2013.03.17 21:44:34.810,1.293,1.29322
2013.03.17 21:44:35.712,1.29299,1.2932
2013.03.17 21:44:37.083,1.29302,1.29315
2013.03.17 21:44:41.044,1.293,1.29315
2013.03.17 21:44:45.042,1.29295,1.29319
2013.03.17 21:44:49.755,1.29293,1.29308
2013.03.17 21:44:58.783,1.29293,1.29312
2013.03.17 21:44:58.903,1.29298,1.29319
2013.03.17 21:45:06.353,1.29292,1.29318
2013.03.17 21:45:06.713,1.29296,1.2931
2013.03.17 21:45:07.313,1.29296,1.29313
2013.03.17 21:45:10.152,1.29296,1.29313
2013.03.17 21:45:10.273,1.29296,1.29313
2013.03.17 21:45:10.575,1.29298,1.29317
2013.03.17 21:45:10.773,1.29288,1.29323
2013.03.17 21:45:12.044,1.2929,1.29316
2013.03.17 21:45:12.163,1.29296,1.29316
2013.03.17 21:45:12.703,1.29295,1.29312
2013.03.17 21:45:14.961,1.29295,1.29312
2013.03.17 21:45:15.082,1.29285,1.2931
2013.03.17 21:45:18.043,1.29289,1.29309
2013.03.17 21:45:18.223,1.29287,1.29319
2013.03.17 21:45:20.057,1.29288,1.29319
2013.03.17 21:45:22.713,1.29295,1.2932
2013.03.17 21:45:23.223,1.29296,1.29324
2013.03.17 21:45:23.583,1.29301,1.29316
2013.03.17 21:45:23.643,1.293,1.29315
2013.03.17 21:45:23.824,1.29292,1.29321
2013.03.17 21:45:23.883,1.29293,1.29318
2013.03.17 21:45:24.003,1.29286,1.29323
2013.03.17 21:45:24.124,1.29297,1.29309
2013.03.17 21:45:24.303,1.29291,1.29312
2013.03.17 21:45:28.862,1.29293,1.29308
2013.03.17 21:45:29.303,1.29287,1.29312
2013.03.17 21:45:35.323,1.29285,1.29312
2013.03.17 21:45:36.892,1.29283,1.29312
2013.03.17 21:45:42.293,1.29283,1.2931
2013.03.17 21:45:42.652,1.29287,1.29304
2013.03.17 21:45:43.274,1.29282,1.29307
2013.03.17 21:45:43.463,1.2928,1.29306
2013.03.17 21:45:45.213,1.29279,1.29302
2013.03.17 21:45:45.272,1.29279,1.29304
2013.03.17 21:45:45.583,1.29276,1.29305
2013.03.17 21:45:45.703,1.29283,1.29296
2013.03.17 21:45:45.762,1.2928,1.29297
2013.03.17 21:45:46.391,1.29274,1.29289
2013.03.17 21:45:48.663,1.29278,1.2929
2013.03.17 21:45:50.053,1.29275,1.2929
2013.03.17 21:45:50.114,1.29275,1.2929
2013.03.17 21:45:53.033,1.29274,1.2929
2013.03.17 21:46:15.613,1.29264,1.29286
2013.03.17 21:46:15.733,1.29259,1.2928
2013.03.17 21:46:16.273,1.29264,1.2928
2013.03.17 21:46:16.803,1.29257,1.29279
2013.03.17 21:46:17.602,1.29262,1.29276
2013.03.17 21:46:17.662,1.29268,1.29283
2013.03.17 21:46:18.024,1.29268,1.29283
2013.03.17 21:46:18.143,1.29265,1.2928
2013.03.17 21:46:18.203,1.29265,1.2928
2013.03.17 21:46:25.963,1.29268,1.29283
2013.03.17 21:46:27.393,1.29268,1.29283
2013.03.17 21:46:27.453,1.29268,1.29291
2013.03.17 21:46:27.694,1.29261,1.293
2013.03.17 21:46:27.873,1.29265,1.29294
2013.03.17 21:46:28.233,1.29265,1.29291
2013.03.17 21:46:28.533,1.29263,1.29291
2013.03.17 21:46:28.592,1.29268,1.29283
2013.03.17 21:46:28.894,1.29268,1.29283
2013.03.17 21:46:29.133,1.29262,1.29287
2013.03.17 21:46:29.373,1.29261,1.29286
2013.03.17 21:46:31.903,1.29265,1.29276
2013.03.17 21:46:31.963,1.29259,1.29285
2013.03.17 21:46:32.093,1.29253,1.29288
2013.03.17 21:46:32.633,1.29264,1.29288
2013.03.17 21:46:32.993,1.29268,1.29291
2013.03.17 21:46:33.533,1.29271,1.29286
2013.03.17 21:46:34.063,1.29269,1.29292
2013.03.17 21:46:34.244,1.29263,1.29307
2013.03.17 21:46:34.303,1.29275,1.29293
2013.03.17 21:46:34.604,1.29266,1.293
2013.03.17 21:46:35.082,1.29273,1.2929
2013.03.17 21:46:35.948,1.29269,1.29292
2013.03.17 21:46:36.034,1.29272,1.29287
2013.03.17 21:46:36.153,1.29268,1.29288
2013.03.17 21:46:37.513,1.29265,1.2929
2013.03.17 21:46:40.474,1.29263,1.29289
2013.03.17 21:46:42.923,1.29261,1.29288
2013.03.17 21:46:42.982,1.29262,1.29285
2013.03.17 21:46:44.257,1.2926,1.29285
2013.03.17 21:46:46.603,1.2926,1.29283
2013.03.17 21:46:46.663,1.29262,1.29277
2013.03.17 21:46:46.723,1.29262,1.29277
2013.03.17 21:46:47.083,1.29254,1.29277
2013.03.17 21:46:47.619,1.29254,1.29276
2013.03.17 21:46:54.314,1.29251,1.29277
2013.03.17 21:46:55.143,1.2926,1.29277
2013.03.17 21:46:55.515,1.29262,1.29275
2013.03.17 21:46:58.973,1.2926,1.29275
2013.03.17 21:46:59.993,1.29253,1.29271
2013.03.17 21:47:00.053,1.29253,1.29284
2013.03.17 21:47:00.363,1.29246,1.29294
2013.03.17 21:47:00.543,1.29248,1.29295
2013.03.17 21:47:00.904,1.29251,1.29295
2013.03.17 21:47:00.994,1.2925,1.29298
2013.03.17 21:47:01.493,1.29255,1.29295
2013.03.17 21:47:01.613,1.29262,1.29302
2013.03.17 21:47:01.733,1.29262,1.29301
2013.03.17 21:47:02.094,1.29269,1.29293
2013.03.17 21:47:03.010,1.29271,1.29289
2013.03.17 21:47:03.093,1.29271,1.29288
2013.03.17 21:47:03.604,1.2927,1.29287
2013.03.17 21:47:06.093,1.29269,1.29286
2013.03.17 21:47:09.204,1.29268,1.29285
2013.03.17 21:47:14.043,1.29267,1.29284
2013.03.17 21:47:14.103,1.29265,1.29284
2013.03.17 21:47:14.163,1.29259,1.29276
2013.03.17 21:47:14.463,1.29261,1.29281
2013.03.17 21:47:14.587,1.29269,1.29284
2013.03.17 21:47:14.664,1.29269,1.29284
2013.03.17 21:47:14.723,1.29269,1.29285
2013.03.17 21:47:14.783,1.29261,1.29291
2013.03.17 21:47:14.903,1.29265,1.29285
2013.03.17 21:47:15.263,1.2926,1.29288
2013.03.17 21:47:16.251,1.2926,1.29286
2013.03.17 21:47:16.643,1.29258,1.29286
2013.03.17 21:47:16.993,1.29256,1.29279
2013.03.17 21:47:17.113,1.29252,1.29286
2013.03.17 21:47:17.233,1.29253,1.29286
2013.03.17 21:47:17.293,1.29254,1.29287
2013.03.17 21:47:17.648,1.29258,1.29285
2013.03.17 21:47:18.203,1.29256,1.29289
2013.03.17 21:47:18.780,1.29256,1.29291
2013.03.17 21:47:19.074,1.29269,1.29284
2013.03.17 21:47:19.433,1.29269,1.29284
2013.03.17 21:47:19.824,1.29269,1.29291
2013.03.17 21:47:19.883,1.29274,1.29294
2013.03.17 21:47:19.943,1.29275,1.2929
2013.03.17 21:47:20.304,1.29268,1.29283
2013.03.17 21:47:20.713,1.29268,1.29283
2013.03.17 21:47:21.073,1.29268,1.29283
2013.03.17 21:47:21.193,1.29266,1.29281
2013.03.17 21:47:21.315,1.29258,1.29287
2013.03.17 21:47:32.463,1.29258,1.29285
2013.03.17 21:47:32.703,1.29257,1.29284
2013.03.17 21:47:33.063,1.29258,1.29282
2013.03.17 21:47:43.332,1.29257,1.29281
2013.03.17 21:47:43.693,1.29255,1.29272
2013.03.17 21:47:48.886,1.29247,1.29288
2013.03.17 21:47:48.944,1.29259,1.29288
2013.03.17 21:47:49.303,1.29261,1.29292
2013.03.17 21:47:49.423,1.29261,1.29291
2013.03.17 21:47:49.483,1.29255,1.29295
2013.03.17 21:47:50.812,1.2925,1.29294
2013.03.17 21:47:52.045,1.2925,1.29292
2013.03.17 21:47:55.736,1.2925,1.29292
2013.03.17 21:47:57.474,1.29257,1.29292
2013.03.17 21:47:57.834,1.2926,1.29277
2013.03.17 21:47:58.655,1.2926,1.29277
2013.03.17 21:48:00.794,1.2926,1.29277
2013.03.17 21:48:00.854,1.29268,1.29271
2013.03.17 21:48:00.916,1.29254,1.29287
2013.03.17 21:48:01.293,1.2926,1.29281
2013.03.17 21:48:01.353,1.29258,1.29271
2013.03.17 21:48:01.413,1.29251,1.29271
2013.03.17 21:48:01.653,1.29247,1.29269
2013.03.17 21:48:02.013,1.29251,1.29267
2013.03.17 21:48:03.684,1.29249,1.29267
2013.03.17 21:48:07.176,1.2924,1.29265
2013.03.17 21:48:08.995,1.29249,1.29266
2013.03.17 21:48:10.113,1.29244,1.29259
2013.03.17 21:48:13.923,1.29248,1.29265
2013.03.17 21:48:16.874,1.29239,1.29265
2013.03.17 21:48:17.629,1.29248,1.29265
2013.03.17 21:48:20.774,1.29244,1.29268
2013.03.17 21:48:21.133,1.29244,1.29266
2013.03.17 21:48:21.744,1.29246,1.29261
2013.03.17 21:48:24.414,1.2924,1.29264
2013.03.17 21:48:24.720,1.29242,1.2926
2013.03.17 21:48:26.293,1.29242,1.29257
2013.03.17 21:48:28.053,1.29241,1.29256
2013.03.17 21:48:28.520,1.29231,1.29264
2013.03.17 21:48:28.583,1.29226,1.29257
2013.03.17 21:48:28.704,1.29232,1.29254
2013.03.17 21:48:28.763,1.29226,1.29264
2013.03.17 21:48:28.823,1.29226,1.29268
2013.03.17 21:48:28.883,1.29224,1.29272
2013.03.17 21:48:29.384,1.29225,1.29273
2013.03.17 21:48:31.097,1.29235,1.29277
2013.03.17 21:48:31.403,1.29244,1.29265
2013.03.17 21:48:32.733,1.29238,1.29268
2013.03.17 21:48:33.894,1.29243,1.29261
2013.03.17 21:48:33.954,1.29244,1.29258
2013.03.17 21:48:34.074,1.29242,1.29258
2013.03.17 21:48:34.133,1.29241,1.29257
2013.03.17 21:48:34.194,1.29239,1.29256
2013.03.17 21:48:34.253,1.29236,1.29257
2013.03.17 21:48:34.433,1.29236,1.29255
2013.03.17 21:48:34.853,1.29236,1.29253
2013.03.17 21:48:34.913,1.29235,1.29252
2013.03.17 21:48:35.093,1.29234,1.29251
2013.03.17 21:48:36.484,1.29232,1.29251
2013.03.17 21:48:39.225,1.2922,1.29249
2013.03.17 21:48:39.284,1.29219,1.29256
2013.03.17 21:48:39.344,1.29228,1.29244
2013.03.17 21:48:39.403,1.29224,1.29245
2013.03.17 21:48:39.835,1.29219,1.2924
2013.03.17 21:48:40.133,1.29213,1.29237
2013.03.17 21:48:40.194,1.29213,1.29237
2013.03.17 21:48:41.153,1.29214,1.29229
2013.03.17 21:48:41.394,1.29214,1.29237
2013.03.17 21:48:41.453,1.29217,1.29243
2013.03.17 21:48:41.823,1.29222,1.29243
2013.03.17 21:48:41.883,1.29222,1.29254
2013.03.17 21:48:42.433,1.2922,1.29249
2013.03.17 21:48:43.653,1.29227,1.29249
2013.03.17 21:48:47.975,1.29234,1.2924
2013.03.17 21:48:48.093,1.29225,1.29246
2013.03.17 21:48:48.453,1.29227,1.29242
2013.03.17 21:48:48.513,1.29225,1.29242
2013.03.17 21:48:48.693,1.29224,1.29241
2013.03.17 21:48:48.753,1.29217,1.29245
