Time,Bid,Ask
2013.03.11 00:00:00.040,1.29873,1.29877
2013.03.11 00:00:00.399,1.29869,1.29876
2013.03.11 00:00:00.460,1.2987,1.29874
2013.03.11 00:00:00.579,1.2987,1.29875
2013.03.11 00:00:00.831,1.29869,1.29874
2013.03.11 00:00:00.959,1.29867,1.29874
2013.03.11 00:00:01.818,1.29868,1.29875
2013.03.11 00:00:02.417,1.29868,1.29876
2013.03.11 00:00:02.719,1.29868,1.29874
2013.03.11 00:00:02.779,1.29865,1.29871
2013.03.11 00:00:03.498,1.2986,1.2987
2013.03.11 00:00:04.047,1.29862,1.2987
2013.03.11 00:00:05.899,1.29863,1.29871
2013.03.11 00:00:06.019,1.29865,1.29871
2013.03.11 00:00:16.158,1.29866,1.29871
2013.03.11 00:00:18.270,1.29864,1.29875
2013.03.11 00:00:20.328,1.29868,1.29873
2013.03.11 00:00:20.448,1.29871,1.29876
2013.03.11 00:00:20.930,1.29868,1.29875
2013.03.11 00:00:23.159,1.29868,1.29872
2013.03.11 00:00:23.278,1.29865,1.29871
2013.03.11 00:00:23.521,1.29863,1.29871
2013.03.11 00:00:23.649,1.29862,1.29868
2013.03.11 00:00:23.890,1.29859,1.29865
2013.03.11 00:00:23.949,1.29858,1.29865
2013.03.11 00:00:30.830,1.29858,1.29864
2013.03.11 00:00:31.368,1.29858,1.29864
2013.03.11 00:00:31.669,1.29858,1.29864
2013.03.11 00:00:37.791,1.29855,1.29861
2013.03.11 00:00:38.349,1.29853,1.29859
2013.03.11 00:00:38.653,1.2985,1.29856
2013.03.11 00:00:39.390,1.29849,1.29855
2013.03.11 00:00:40.000,1.29851,1.29855
2013.03.11 00:00:43.029,1.29851,1.29856
2013.03.11 00:00:43.460,1.29849,1.29856
2013.03.11 00:00:45.049,1.29851,1.29856
2013.03.11 00:00:47.479,1.29849,1.29856
2013.03.11 00:00:50.950,1.29848,1.29856
2013.03.11 00:00:51.211,1.29848,1.29855
2013.03.11 00:00:51.758,1.29848,1.29854
2013.03.11 00:00:52.387,1.29844,1.29852
2013.03.11 00:00:52.869,1.29846,1.29852
2013.03.11 00:00:53.377,1.29845,1.29852
2013.03.11 00:01:01.349,1.29845,1.2985
2013.03.11 00:01:01.529,1.29844,1.29848
2013.03.11 00:01:01.950,1.29841,1.29845
2013.03.11 00:01:02.072,1.29838,1.29845
2013.03.11 00:01:02.620,1.29839,1.29844
2013.03.11 00:01:04.628,1.29837,1.29844
2013.03.11 00:01:04.749,1.29837,1.29843
2013.03.11 00:01:06.638,1.29837,1.29843
2013.03.11 00:01:07.453,1.29838,1.29845
2013.03.11 00:01:08.310,1.29842,1.29847
2013.03.11 00:01:08.379,1.29844,1.29848
2013.03.11 00:01:08.628,1.29844,1.29851
2013.03.11 00:01:09.168,1.29844,1.29852
2013.03.11 00:01:10.078,1.29846,1.29852
2013.03.11 00:01:12.715,1.29846,1.29852
2013.03.11 00:01:14.188,1.29846,1.29852
2013.03.11 00:01:17.689,1.29846,1.29853
2013.03.11 00:01:18.049,1.29845,1.29852
2013.03.11 00:01:18.228,1.29845,1.29852
2013.03.11 00:01:25.788,1.29846,1.29852
2013.03.11 00:01:30.308,1.29846,1.29852
2013.03.11 00:01:33.340,1.29846,1.29852
2013.03.11 00:01:35.498,1.29846,1.29853
2013.03.11 00:01:37.108,1.29846,1.29853
2013.03.11 00:01:37.638,1.29847,1.29854
2013.03.11 00:01:38.178,1.29847,1.29854
2013.03.11 00:01:38.898,1.2985,1.29855
2013.03.11 00:01:44.159,1.2985,1.29856
2013.03.11 00:01:45.938,1.2985,1.29856
2013.03.11 00:01:50.438,1.2985,1.29855
2013.03.11 00:01:52.030,1.29849,1.29851
2013.03.11 00:01:52.098,1.29846,1.29851
2013.03.11 00:01:52.458,1.29846,1.29851
2013.03.11 00:01:52.580,1.29844,1.29849
2013.03.11 00:01:52.710,1.29843,1.29848
2013.03.11 00:01:52.949,1.29842,1.29847
2013.03.11 00:01:53.308,1.29838,1.29845
2013.03.11 00:01:54.919,1.2984,1.29845
2013.03.11 00:01:55.159,1.2984,1.29846
2013.03.11 00:01:55.219,1.29841,1.29846
2013.03.11 00:01:55.279,1.29844,1.2985
2013.03.11 00:01:55.401,1.29845,1.29853
2013.03.11 00:01:55.649,1.29848,1.29856
2013.03.11 00:01:55.829,1.29852,1.29858
2013.03.11 00:01:55.948,1.29852,1.29859
2013.03.11 00:01:56.368,1.29851,1.29857
2013.03.11 00:01:56.728,1.2985,1.29857
2013.03.11 00:01:56.970,1.2985,1.29855
2013.03.11 00:01:59.443,1.2985,1.29853
2013.03.11 00:01:59.629,1.2985,1.29853
2013.03.11 00:01:59.750,1.29848,1.29853
2013.03.11 00:02:00.058,1.29844,1.2985
2013.03.11 00:02:00.240,1.29843,1.29847
2013.03.11 00:02:00.776,1.29838,1.29845
2013.03.11 00:02:01.969,1.2984,1.29847
2013.03.11 00:02:02.028,1.2984,1.29848
2013.03.11 00:02:02.148,1.2984,1.29848
2013.03.11 00:02:02.271,1.29845,1.29848
2013.03.11 00:02:02.342,1.29845,1.2985
2013.03.11 00:02:02.529,1.29845,1.29851
2013.03.11 00:02:03.458,1.29845,1.29852
2013.03.11 00:02:04.438,1.29846,1.29852
2013.03.11 00:02:05.169,1.29846,1.2985
2013.03.11 00:02:05.469,1.29843,1.29849
2013.03.11 00:02:06.928,1.29843,1.2985
2013.03.11 00:02:06.988,1.29843,1.2985
2013.03.11 00:02:09.199,1.29843,1.2985
2013.03.11 00:02:11.178,1.29846,1.2985
2013.03.11 00:02:13.469,1.29846,1.29852
2013.03.11 00:02:13.992,1.29844,1.29852
2013.03.11 00:02:14.080,1.29847,1.29851
2013.03.11 00:02:14.151,1.29847,1.29852
2013.03.11 00:02:14.219,1.29848,1.29853
2013.03.11 00:02:14.699,1.29848,1.29854
2013.03.11 00:02:15.418,1.29849,1.29854
2013.03.11 00:02:19.059,1.29849,1.29855
2013.03.11 00:02:19.118,1.2985,1.29856
2013.03.11 00:02:19.659,1.29851,1.29857
2013.03.11 00:02:21.120,1.29852,1.29858
2013.03.11 00:02:21.191,1.29853,1.29859
2013.03.11 00:02:21.739,1.29854,1.29859
2013.03.11 00:02:22.728,1.29855,1.2986
2013.03.11 00:02:25.119,1.29855,1.29861
2013.03.11 00:02:26.779,1.29855,1.29862
2013.03.11 00:02:27.080,1.29856,1.29863
2013.03.11 00:02:27.209,1.29857,1.29863
2013.03.11 00:02:27.399,1.29856,1.29865
2013.03.11 00:02:27.969,1.29857,1.29865
2013.03.11 00:02:29.020,1.29859,1.29865
2013.03.11 00:02:29.909,1.2986,1.29866
2013.03.11 00:02:30.210,1.2986,1.29867
2013.03.11 00:02:30.551,1.29859,1.2987
2013.03.11 00:02:31.748,1.29862,1.29868
2013.03.11 00:02:33.168,1.29863,1.29868
2013.03.11 00:02:34.905,1.29863,1.29869
2013.03.11 00:02:35.527,1.29864,1.2987
2013.03.11 00:02:38.028,1.29865,1.29871
2013.03.11 00:02:38.278,1.29866,1.29871
2013.03.11 00:02:38.638,1.29864,1.29874
2013.03.11 00:02:38.819,1.29867,1.29873
2013.03.11 00:02:39.120,1.29869,1.29873
2013.03.11 00:02:39.426,1.2987,1.29877
2013.03.11 00:02:40.807,1.29873,1.29878
2013.03.11 00:02:41.439,1.29871,1.29877
2013.03.11 00:02:42.928,1.29873,1.29877
2013.03.11 00:02:43.487,1.29872,1.29876
2013.03.11 00:02:45.469,1.2987,1.29876
2013.03.11 00:02:45.590,1.29867,1.29872
2013.03.11 00:02:45.660,1.29867,1.29871
2013.03.11 00:02:45.720,1.29866,1.29868
2013.03.11 00:02:45.851,1.2986,1.29868
2013.03.11 00:02:45.978,1.29859,1.29866
2013.03.11 00:02:46.338,1.29859,1.29863
2013.03.11 00:02:48.014,1.29859,1.29866
2013.03.11 00:02:50.109,1.29859,1.29865
2013.03.11 00:02:50.348,1.29859,1.29866
2013.03.11 00:02:50.470,1.29861,1.29866
2013.03.11 00:02:50.779,1.29861,1.29869
2013.03.11 00:02:50.898,1.29865,1.2987
2013.03.11 00:02:51.019,1.29864,1.2987
2013.03.11 00:02:51.679,1.29863,1.29871
2013.03.11 00:02:51.740,1.29863,1.29871
2013.03.11 00:02:51.919,1.29863,1.29871
2013.03.11 00:02:52.218,1.29865,1.29869
2013.03.11 00:02:52.694,1.29865,1.29869
2013.03.11 00:02:53.798,1.29865,1.29871
2013.03.11 00:02:54.160,1.29867,1.29873
2013.03.11 00:02:54.229,1.29869,1.29874
2013.03.11 00:02:54.468,1.29869,1.29875
2013.03.11 00:02:55.009,1.29871,1.2988
2013.03.11 00:02:55.488,1.29869,1.29876
2013.03.11 00:02:55.788,1.29869,1.29876
2013.03.11 00:02:56.028,1.29868,1.29876
2013.03.11 00:02:56.782,1.29867,1.29873
2013.03.11 00:02:56.908,1.29867,1.29873
2013.03.11 00:02:57.448,1.29866,1.29873
2013.03.11 00:02:57.798,1.29866,1.29869
2013.03.11 00:02:58.568,1.29865,1.29869
2013.03.11 00:02:59.158,1.29865,1.2987
2013.03.11 00:03:00.077,1.29865,1.29871
2013.03.11 00:03:00.378,1.29868,1.29873
2013.03.11 00:03:00.438,1.2987,1.29875
2013.03.11 00:03:00.678,1.29868,1.29875
2013.03.11 00:03:01.218,1.29867,1.29874
2013.03.11 00:03:01.738,1.29867,1.29874
2013.03.11 00:03:02.443,1.29867,1.29874
2013.03.11 00:03:02.888,1.29867,1.29873
2013.03.11 00:03:03.429,1.29866,1.29873
2013.03.11 00:03:04.207,1.29865,1.29871
2013.03.11 00:03:04.448,1.29863,1.29871
2013.03.11 00:03:04.509,1.29863,1.29868
2013.03.11 00:03:05.109,1.29863,1.29867
2013.03.11 00:03:05.228,1.29859,1.29865
2013.03.11 00:03:05.588,1.29855,1.29862
2013.03.11 00:03:06.142,1.29856,1.29862
2013.03.11 00:03:07.553,1.29857,1.29862
2013.03.11 00:03:08.321,1.29858,1.29862
2013.03.11 00:03:09.838,1.29858,1.29864
2013.03.11 00:03:10.378,1.29861,1.29865
2013.03.11 00:03:10.679,1.29862,1.29868
2013.03.11 00:03:10.798,1.29862,1.29868
2013.03.11 00:03:11.101,1.29862,1.29869
2013.03.11 00:03:11.851,1.2986,1.29868
2013.03.11 00:03:12.398,1.2986,1.29868
2013.03.11 00:03:12.758,1.2986,1.29867
2013.03.11 00:03:13.230,1.29861,1.29867
2013.03.11 00:03:14.208,1.29862,1.29868
2013.03.11 00:03:14.510,1.2986,1.29868
2013.03.11 00:03:14.869,1.29862,1.29865
2013.03.11 00:03:15.408,1.29861,1.29865
2013.03.11 00:03:15.588,1.2986,1.29865
2013.03.11 00:03:23.084,1.2986,1.29866
2013.03.11 00:03:24.090,1.29862,1.29869
2013.03.11 00:03:24.279,1.29862,1.2987
2013.03.11 00:03:24.340,1.29862,1.29869
2013.03.11 00:03:24.399,1.29863,1.29869
2013.03.11 00:03:24.459,1.29864,1.2987
2013.03.11 00:03:24.818,1.29866,1.29872
2013.03.11 00:03:24.939,1.29866,1.29873
2013.03.11 00:03:25.058,1.29868,1.29873
2013.03.11 00:03:25.119,1.29868,1.29875
2013.03.11 00:03:25.300,1.29868,1.29875
2013.03.11 00:03:26.149,1.29868,1.29877
2013.03.11 00:03:26.330,1.29871,1.29876
2013.03.11 00:03:26.400,1.29871,1.29878
2013.03.11 00:03:26.928,1.29873,1.29878
2013.03.11 00:03:27.468,1.29876,1.29882
2013.03.11 00:03:27.888,1.29876,1.29882
2013.03.11 00:03:28.380,1.29876,1.29882
2013.03.11 00:03:29.342,1.29875,1.29881
2013.03.11 00:03:29.528,1.29872,1.2988
2013.03.11 00:03:29.950,1.29875,1.29882
2013.03.11 00:03:31.808,1.29876,1.29882
2013.03.11 00:03:35.228,1.29874,1.2988
2013.03.11 00:03:35.288,1.29873,1.29879
2013.03.11 00:03:35.468,1.29873,1.2988
2013.03.11 00:03:35.770,1.29871,1.29877
2013.03.11 00:03:37.171,1.29872,1.29879
2013.03.11 00:03:38.658,1.29873,1.29881
2013.03.11 00:03:39.003,1.29873,1.29881
2013.03.11 00:03:40.759,1.29876,1.29882
2013.03.11 00:03:48.070,1.29875,1.29882
2013.03.11 00:03:50.790,1.29875,1.29883
2013.03.11 00:04:00.530,1.29875,1.29883
2013.03.11 00:04:01.254,1.29874,1.29881
2013.03.11 00:04:01.379,1.29875,1.29881
2013.03.11 00:04:03.422,1.29874,1.29881
2013.03.11 00:04:03.609,1.29875,1.29881
2013.03.11 00:04:03.728,1.29874,1.29883
2013.03.11 00:04:03.788,1.29874,1.29881
2013.03.11 00:04:03.908,1.29874,1.29882
2013.03.11 00:04:04.278,1.29874,1.2988
2013.03.11 00:04:04.578,1.29875,1.29882
2013.03.11 00:04:13.269,1.29876,1.29882
2013.03.11 00:04:16.350,1.29874,1.29882
2013.03.11 00:04:16.528,1.29872,1.29879
2013.03.11 00:04:16.831,1.29872,1.29878
2013.03.11 00:04:16.900,1.29872,1.29878
2013.03.11 00:04:16.958,1.29873,1.29879
2013.03.11 00:04:17.078,1.29873,1.29879
2013.03.11 00:04:18.936,1.29872,1.29879
2013.03.11 00:04:20.719,1.29872,1.29879
2013.03.11 00:04:29.550,1.29872,1.29879
2013.03.11 00:04:33.003,1.29873,1.29879
2013.03.11 00:04:34.618,1.29873,1.29878
2013.03.11 00:04:35.568,1.29873,1.29878
2013.03.11 00:04:38.209,1.29873,1.29879
2013.03.11 00:04:38.766,1.29873,1.29879
2013.03.11 00:04:39.579,1.29873,1.29879
2013.03.11 00:04:51.270,1.29874,1.29879
2013.03.11 00:04:54.978,1.29872,1.29879
2013.03.11 00:04:55.540,1.29871,1.29878
2013.03.11 00:05:00.838,1.29871,1.29878
2013.03.11 00:05:01.143,1.29874,1.29879
2013.03.11 00:05:04.419,1.29874,1.29881
2013.03.11 00:05:08.038,1.29875,1.2988
2013.03.11 00:05:08.578,1.29873,1.29879
2013.03.11 00:05:10.568,1.29873,1.29878
2013.03.11 00:05:17.319,1.29872,1.29878
2013.03.11 00:05:17.499,1.29872,1.29879
2013.03.11 00:05:17.560,1.29872,1.29879
2013.03.11 00:05:17.679,1.29873,1.29881
2013.03.11 00:05:18.039,1.29874,1.2988
2013.03.11 00:05:18.578,1.29873,1.29878
2013.03.11 00:05:19.118,1.2987,1.29877
2013.03.11 00:05:22.381,1.29871,1.29877
2013.03.11 00:05:22.451,1.29873,1.29879
2013.03.11 00:05:22.818,1.29874,1.29881
2013.03.11 00:05:23.359,1.29874,1.2988
2013.03.11 00:05:23.540,1.29872,1.29878
2013.03.11 00:05:23.669,1.29872,1.29878
2013.03.11 00:05:24.029,1.2987,1.29878
2013.03.11 00:05:24.329,1.29872,1.29878
2013.03.11 00:05:24.568,1.29872,1.29879
2013.03.11 00:05:24.808,1.29872,1.29878
2013.03.11 00:05:29.338,1.29872,1.2988
2013.03.11 00:05:29.518,1.29872,1.29878
2013.03.11 00:05:29.818,1.2987,1.29878
2013.03.11 00:05:31.508,1.29869,1.29877
2013.03.11 00:05:50.509,1.2987,1.29877
2013.03.11 00:06:02.208,1.29869,1.29876
2013.03.11 00:06:02.830,1.2987,1.29877
2013.03.11 00:06:05.848,1.29869,1.29877
2013.03.11 00:06:06.351,1.29871,1.29877
2013.03.11 00:06:07.264,1.29872,1.29878
2013.03.11 00:06:07.352,1.29875,1.29879
2013.03.11 00:06:08.119,1.29873,1.29879
2013.03.11 00:06:08.430,1.29873,1.29879
2013.03.11 00:06:08.609,1.29872,1.29879
2013.03.11 00:06:08.729,1.29872,1.29878
2013.03.11 00:06:09.268,1.29872,1.29877
2013.03.11 00:06:09.689,1.29873,1.29877
2013.03.11 00:06:10.248,1.29874,1.29878
2013.03.11 00:06:12.818,1.2987,1.29878
2013.03.11 00:06:15.899,1.29872,1.29879
2013.03.11 00:06:16.788,1.29873,1.29879
2013.03.11 00:06:18.618,1.29873,1.29881
2013.03.11 00:06:19.493,1.29873,1.29881
2013.03.11 00:06:19.565,1.29873,1.29881
2013.03.11 00:06:23.069,1.29873,1.29881
2013.03.11 00:06:23.608,1.29875,1.29881
2013.03.11 00:06:24.188,1.29876,1.29881
2013.03.11 00:06:24.720,1.29876,1.29881
2013.03.11 00:06:25.262,1.29873,1.2988
2013.03.11 00:06:25.391,1.29872,1.29877
2013.03.11 00:06:25.638,1.29869,1.29876
2013.03.11 00:06:25.760,1.29869,1.29875
2013.03.11 00:06:28.268,1.29869,1.29875
2013.03.11 00:06:28.868,1.29869,1.29875
2013.03.11 00:06:31.379,1.29869,1.29875
2013.03.11 00:06:33.370,1.29867,1.29875
2013.03.11 00:06:33.800,1.29867,1.29875
2013.03.11 00:06:36.919,1.29869,1.29875
2013.03.11 00:06:39.328,1.29869,1.29875
2013.03.11 00:06:42.479,1.29869,1.29875
2013.03.11 00:06:44.609,1.29867,1.29874
2013.03.11 00:06:48.080,1.29867,1.29875
2013.03.11 00:06:50.469,1.29869,1.29875
2013.03.11 00:06:50.652,1.29867,1.29873
2013.03.11 00:06:50.722,1.29867,1.29873
2013.03.11 00:06:52.910,1.29866,1.29874
2013.03.11 00:06:53.070,1.29866,1.29874
2013.03.11 00:06:55.828,1.29866,1.29874
2013.03.11 00:06:58.259,1.29867,1.29875
2013.03.11 00:06:58.802,1.29872,1.29876
2013.03.11 00:06:58.870,1.29872,1.29879
2013.03.11 00:06:59.229,1.29872,1.29881
2013.03.11 00:06:59.348,1.29872,1.2988
2013.03.11 00:07:00.229,1.29873,1.2988
2013.03.11 00:07:07.380,1.29874,1.29881
2013.03.11 00:07:07.642,1.29874,1.29879
2013.03.11 00:07:07.949,1.29875,1.29881
2013.03.11 00:07:08.468,1.29876,1.29881
2013.03.11 00:07:09.037,1.29876,1.29882
2013.03.11 00:07:12.270,1.29876,1.29882
2013.03.11 00:07:22.728,1.29876,1.29882
2013.03.11 00:07:23.237,1.29876,1.29883
2013.03.11 00:07:24.974,1.29876,1.29883
2013.03.11 00:07:27.317,1.29876,1.2988
2013.03.11 00:07:30.228,1.29876,1.29882
2013.03.11 00:07:37.988,1.29876,1.29883
2013.03.11 00:07:44.118,1.29876,1.29883
2013.03.11 00:08:02.457,1.29876,1.29883
2013.03.11 00:08:03.137,1.29876,1.29882
2013.03.11 00:08:04.268,1.29876,1.29882
2013.03.11 00:08:15.794,1.29876,1.29882
2013.03.11 00:08:32.147,1.29876,1.29883
2013.03.11 00:08:32.792,1.29874,1.29881
2013.03.11 00:08:32.862,1.29875,1.29883
2013.03.11 00:08:33.370,1.29875,1.29882
2013.03.11 00:08:43.029,1.29876,1.29883
2013.03.11 00:08:48.728,1.29876,1.29883
2013.03.11 00:08:52.938,1.29876,1.29883
2013.03.11 00:08:59.829,1.29876,1.29882
2013.03.11 00:08:59.888,1.29876,1.29882
2013.03.11 00:09:00.394,1.29876,1.29882
2013.03.11 00:09:00.938,1.29876,1.29883
2013.03.11 00:09:01.572,1.29876,1.29882
2013.03.11 00:09:11.059,1.29874,1.29881
2013.03.11 00:09:11.795,1.29873,1.29879
2013.03.11 00:09:12.108,1.29875,1.29881
2013.03.11 00:09:13.000,1.29875,1.29881
2013.03.11 00:09:14.652,1.29875,1.29881
2013.03.11 00:09:15.863,1.29875,1.29881
2013.03.11 00:09:21.888,1.29875,1.29882
2013.03.11 00:09:24.355,1.29875,1.29882
2013.03.11 00:09:25.989,1.29875,1.29882
2013.03.11 00:09:28.232,1.29875,1.29884
2013.03.11 00:09:28.360,1.29876,1.29883
2013.03.11 00:09:30.779,1.29875,1.29883
2013.03.11 00:09:31.339,1.29876,1.29881
2013.03.11 00:09:44.119,1.29875,1.29881
2013.03.11 00:09:46.301,1.29875,1.29881
2013.03.11 00:09:46.841,1.29875,1.29883
2013.03.11 00:09:47.090,1.29873,1.29878
2013.03.11 00:09:47.660,1.2987,1.29877
2013.03.11 00:09:47.719,1.2987,1.29877
2013.03.11 00:09:48.079,1.2987,1.29876
2013.03.11 00:09:48.319,1.2987,1.29876
2013.03.11 00:09:48.500,1.29868,1.29876
2013.03.11 00:09:48.619,1.29868,1.29875
2013.03.11 00:09:50.210,1.29867,1.29874
2013.03.11 00:09:50.820,1.29869,1.29874
2013.03.11 00:09:52.489,1.29868,1.29874
2013.03.11 00:09:54.549,1.29868,1.29874
2013.03.11 00:09:56.229,1.29868,1.29874
2013.03.11 00:10:00.658,1.29868,1.29874
2013.03.11 00:10:00.978,1.29866,1.29874
2013.03.11 00:10:01.278,1.29866,1.29872
2013.03.11 00:10:02.429,1.29866,1.29872
2013.03.11 00:10:05.289,1.29865,1.29871
2013.03.11 00:10:06.089,1.29866,1.29872
2013.03.11 00:10:06.629,1.29866,1.29873
2013.03.11 00:10:07.159,1.29867,1.29873
2013.03.11 00:10:07.660,1.29866,1.29873
2013.03.11 00:10:08.780,1.29866,1.29873
2013.03.11 00:10:08.900,1.29868,1.29875
2013.03.11 00:10:09.619,1.29868,1.29876
2013.03.11 00:10:11.361,1.29868,1.29875
2013.03.11 00:10:18.711,1.29868,1.29874
2013.03.11 00:10:22.990,1.2987,1.29874
2013.03.11 00:10:26.609,1.29869,1.29873
2013.03.11 00:10:27.149,1.29866,1.29872
2013.03.11 00:10:27.689,1.29867,1.29872
2013.03.11 00:10:28.192,1.29867,1.29873
2013.03.11 00:10:39.279,1.29867,1.29872
2013.03.11 00:10:47.168,1.29867,1.29872
2013.03.11 00:10:50.050,1.29866,1.29872
2013.03.11 00:10:52.134,1.29867,1.29873
2013.03.11 00:10:52.441,1.29867,1.29872
2013.03.11 00:10:54.260,1.29865,1.2987
2013.03.11 00:10:54.561,1.29863,1.2987
2013.03.11 00:10:55.111,1.29862,1.29867
2013.03.11 00:10:55.229,1.29862,1.29867
2013.03.11 00:10:55.770,1.29863,1.29868
2013.03.11 00:10:56.523,1.29864,1.29869
2013.03.11 00:10:57.026,1.29864,1.2987
2013.03.11 00:11:01.159,1.29864,1.29871
2013.03.11 00:11:01.569,1.29864,1.2987
2013.03.11 00:11:08.701,1.29864,1.29869
2013.03.11 00:11:11.059,1.29864,1.29868
2013.03.11 00:11:12.401,1.29864,1.29869
2013.03.11 00:11:16.579,1.29866,1.2987
2013.03.11 00:11:17.529,1.29864,1.2987
2013.03.11 00:11:25.850,1.29866,1.2987
2013.03.11 00:11:26.410,1.29866,1.29871
2013.03.11 00:11:29.969,1.29867,1.29871
2013.03.11 00:11:31.941,1.29867,1.29874
2013.03.11 00:11:32.180,1.29867,1.29874
2013.03.11 00:11:39.610,1.29867,1.29873
2013.03.11 00:11:41.930,1.29867,1.29872
2013.03.11 00:11:42.410,1.29868,1.29874
2013.03.11 00:11:42.471,1.2987,1.29874
2013.03.11 00:11:42.592,1.29869,1.29876
2013.03.11 00:11:43.139,1.29869,1.29877
2013.03.11 00:11:43.650,1.29871,1.29876
2013.03.11 00:11:43.952,1.29869,1.29879
2013.03.11 00:11:44.200,1.29871,1.29878
2013.03.11 00:11:44.739,1.29872,1.29879
2013.03.11 00:11:45.379,1.29873,1.29879
2013.03.11 00:11:45.919,1.29873,1.2988
2013.03.11 00:11:47.309,1.29874,1.2988
2013.03.11 00:11:47.989,1.29875,1.29881
2013.03.11 00:11:48.520,1.29875,1.29882
2013.03.11 00:11:49.389,1.29876,1.29882
2013.03.11 00:11:49.628,1.29876,1.29883
2013.03.11 00:11:50.039,1.29877,1.29884
2013.03.11 00:11:53.301,1.29878,1.29884
2013.03.11 00:11:54.229,1.29879,1.29885
2013.03.11 00:11:54.529,1.29882,1.29889
2013.03.11 00:11:55.069,1.29884,1.2989
2013.03.11 00:11:55.969,1.29883,1.2989
2013.03.11 00:11:56.329,1.29883,1.2989
2013.03.11 00:12:03.981,1.29883,1.2989
2013.03.11 00:12:06.289,1.29883,1.29889
2013.03.11 00:12:07.990,1.29881,1.29888
2013.03.11 00:12:08.350,1.29881,1.29887
2013.03.11 00:12:10.200,1.29883,1.29889
2013.03.11 00:12:10.732,1.29883,1.29888
2013.03.11 00:12:11.240,1.29881,1.29888
2013.03.11 00:12:11.609,1.2988,1.29887
2013.03.11 00:12:19.020,1.29881,1.29888
2013.03.11 00:12:21.550,1.29882,1.29888
2013.03.11 00:12:27.149,1.29882,1.29888
2013.03.11 00:12:30.813,1.29882,1.29888
2013.03.11 00:12:31.489,1.29882,1.29888
2013.03.11 00:12:31.549,1.29883,1.29889
2013.03.11 00:12:31.609,1.29883,1.29889
2013.03.11 00:12:32.150,1.29884,1.29889
2013.03.11 00:12:32.679,1.29885,1.29891
2013.03.11 00:12:32.738,1.29887,1.29891
2013.03.11 00:12:33.260,1.29886,1.29891
2013.03.11 00:12:33.859,1.29885,1.29891
2013.03.11 00:12:34.409,1.29887,1.29891
2013.03.11 00:12:34.529,1.29887,1.29892
2013.03.11 00:12:35.370,1.29887,1.29891
2013.03.11 00:12:37.209,1.29887,1.29892
2013.03.11 00:12:37.739,1.29887,1.29891
2013.03.11 00:12:37.798,1.29885,1.29891
2013.03.11 00:12:43.539,1.29885,1.29891
2013.03.11 00:12:44.081,1.29885,1.29891
2013.03.11 00:12:44.730,1.29885,1.29891
2013.03.11 00:12:46.131,1.29885,1.29892
2013.03.11 00:12:46.990,1.29885,1.29889
2013.03.11 00:12:47.170,1.29884,1.29889
2013.03.11 00:12:47.293,1.29881,1.29889
2013.03.11 00:12:47.360,1.29881,1.29889
2013.03.11 00:12:48.068,1.29881,1.29889
2013.03.11 00:12:49.211,1.29881,1.29889
2013.03.11 00:12:50.429,1.29881,1.29889
2013.03.11 00:12:53.720,1.29881,1.29889
2013.03.11 00:12:55.696,1.29881,1.29889
2013.03.11 00:12:56.011,1.29882,1.29889
2013.03.11 00:12:56.129,1.29882,1.29889
2013.03.11 00:12:56.640,1.29884,1.29889
2013.03.11 00:13:00.316,1.29884,1.29889
2013.03.11 00:13:01.330,1.29884,1.29889
2013.03.11 00:13:01.860,1.29884,1.29889
2013.03.11 00:13:03.230,1.29884,1.29889
2013.03.11 00:13:05.090,1.29884,1.2989
2013.03.11 00:13:05.629,1.29885,1.2989
2013.03.11 00:13:06.162,1.29885,1.29889
2013.03.11 00:13:06.690,1.29884,1.29889
2013.03.11 00:13:08.619,1.29885,1.29889
2013.03.11 00:13:09.131,1.29885,1.29889
2013.03.11 00:13:09.489,1.29883,1.29889
2013.03.11 00:13:09.609,1.29884,1.29889
2013.03.11 00:13:11.700,1.29884,1.29888
2013.03.11 00:13:22.879,1.29883,1.29888
2013.03.11 00:13:25.726,1.29881,1.29886
2013.03.11 00:13:27.239,1.2988,1.29886
2013.03.11 00:13:27.431,1.2988,1.29886
2013.03.11 00:13:28.009,1.2988,1.29886
2013.03.11 00:13:28.310,1.29878,1.29886
2013.03.11 00:13:29.270,1.29879,1.29887
2013.03.11 00:13:39.171,1.29879,1.29886
2013.03.11 00:13:39.699,1.29879,1.29886
2013.03.11 00:13:51.709,1.2988,1.29886
2013.03.11 00:13:54.989,1.29878,1.29886
2013.03.11 00:13:55.899,1.29878,1.29886
2013.03.11 00:13:56.321,1.29878,1.29884
2013.03.11 00:13:56.680,1.29879,1.29884
2013.03.11 00:13:57.218,1.29879,1.29886
2013.03.11 00:13:58.629,1.29879,1.29886
2013.03.11 00:14:08.269,1.29877,1.29885
2013.03.11 00:14:08.672,1.29877,1.29884
2013.03.11 00:14:09.240,1.29877,1.29884
2013.03.11 00:14:14.379,1.29877,1.29884
2013.03.11 00:14:24.521,1.29877,1.29884
2013.03.11 00:14:24.640,1.29877,1.29884
2013.03.11 00:14:25.891,1.29877,1.29884
2013.03.11 00:14:27.704,1.29877,1.29884
2013.03.11 00:14:28.119,1.29877,1.29884
2013.03.11 00:14:30.349,1.29876,1.29884
2013.03.11 00:14:34.790,1.29876,1.29884
2013.03.11 00:14:35.310,1.29877,1.29884
2013.03.11 00:14:39.274,1.29877,1.29884
2013.03.11 00:14:41.081,1.29878,1.29884
2013.03.11 00:14:41.731,1.29877,1.29884
2013.03.11 00:14:42.429,1.29878,1.29885
2013.03.11 00:14:46.100,1.29878,1.29885
2013.03.11 00:14:48.129,1.29877,1.29885
2013.03.11 00:14:48.320,1.29878,1.29885
2013.03.11 00:14:53.118,1.29877,1.29885
2013.03.11 00:14:54.359,1.29877,1.29885
2013.03.11 00:14:56.865,1.29877,1.29883
2013.03.11 00:15:03.380,1.29877,1.29883
2013.03.11 00:15:07.322,1.29877,1.29883
2013.03.11 00:15:07.929,1.29877,1.29883
2013.03.11 00:15:11.431,1.29876,1.29881
2013.03.11 00:15:11.790,1.29873,1.29882
2013.03.11 00:15:11.851,1.29875,1.29878
2013.03.11 00:15:12.091,1.29873,1.29879
2013.03.11 00:15:12.898,1.29873,1.29878
2013.03.11 00:15:13.210,1.29873,1.29877
2013.03.11 00:15:14.210,1.29871,1.29877
2013.03.11 00:15:14.331,1.2987,1.29876
2013.03.11 00:15:14.860,1.2987,1.29875
2013.03.11 00:15:15.350,1.29867,1.29872
2013.03.11 00:15:15.889,1.29868,1.29873
2013.03.11 00:15:17.670,1.29866,1.29872
2013.03.11 00:15:17.851,1.29866,1.29872
2013.03.11 00:15:18.311,1.29867,1.29872
2013.03.11 00:15:18.849,1.29867,1.29874
2013.03.11 00:15:25.280,1.29869,1.29874
2013.03.11 00:15:26.081,1.29869,1.29874
2013.03.11 00:15:31.361,1.29867,1.29872
2013.03.11 00:15:32.819,1.29867,1.29872
2013.03.11 00:15:39.062,1.29866,1.29873
2013.03.11 00:15:39.189,1.29865,1.29873
2013.03.11 00:15:39.670,1.29864,1.2987
2013.03.11 00:15:40.289,1.29865,1.2987
2013.03.11 00:15:40.589,1.29863,1.2987
2013.03.11 00:15:40.650,1.29864,1.2987
2013.03.11 00:15:41.192,1.29862,1.29867
2013.03.11 00:15:41.719,1.2986,1.29867
2013.03.11 00:15:41.840,1.29861,1.29867
2013.03.11 00:15:43.398,1.29861,1.29867
2013.03.11 00:16:03.850,1.2986,1.29868
2013.03.11 00:16:04.030,1.29859,1.29866
2013.03.11 00:16:04.091,1.29858,1.29863
2013.03.11 00:16:04.280,1.29858,1.29863
2013.03.11 00:16:05.000,1.29858,1.29864
2013.03.11 00:16:06.080,1.29858,1.29864
2013.03.11 00:16:28.448,1.29858,1.29864
2013.03.11 00:16:34.730,1.29856,1.29864
2013.03.11 00:16:34.789,1.29856,1.29864
2013.03.11 00:16:38.181,1.29857,1.29864
2013.03.11 00:16:45.460,1.29858,1.29864
2013.03.11 00:16:48.650,1.29858,1.29864
2013.03.11 00:16:53.449,1.29858,1.29864
2013.03.11 00:17:01.641,1.29858,1.29865
2013.03.11 00:17:02.000,1.2986,1.29866
2013.03.11 00:17:03.940,1.29862,1.29866
2013.03.11 00:17:04.241,1.29863,1.29868
2013.03.11 00:17:04.841,1.29864,1.2987
2013.03.11 00:17:04.962,1.29865,1.29871
2013.03.11 00:17:05.729,1.29865,1.29872
2013.03.11 00:17:10.167,1.29866,1.29872
2013.03.11 00:17:16.605,1.29866,1.29871
2013.03.11 00:17:27.012,1.29865,1.2987
2013.03.11 00:17:27.551,1.29865,1.2987
2013.03.11 00:17:28.491,1.29865,1.2987
2013.03.11 00:17:34.739,1.29865,1.2987
2013.03.11 00:17:52.230,1.29864,1.2987
2013.03.11 00:18:01.068,1.29864,1.29871
2013.03.11 00:18:15.188,1.29864,1.29871
2013.03.11 00:18:15.911,1.29864,1.29869
2013.03.11 00:18:17.036,1.29863,1.29869
2013.03.11 00:18:17.590,1.29863,1.29869
2013.03.11 00:18:17.710,1.29865,1.29871
2013.03.11 00:18:40.710,1.29865,1.29872
2013.03.11 00:18:41.769,1.29865,1.29872
2013.03.11 00:18:50.993,1.29865,1.29872
2013.03.11 00:18:54.769,1.29866,1.29872
2013.03.11 00:19:23.269,1.29866,1.29872
2013.03.11 00:19:38.394,1.29866,1.29873
2013.03.11 00:19:38.459,1.29867,1.29873
2013.03.11 00:19:38.520,1.29867,1.29873
2013.03.11 00:19:38.581,1.2987,1.29875
2013.03.11 00:19:38.651,1.29872,1.29876
2013.03.11 00:19:38.831,1.29873,1.29877
2013.03.11 00:19:39.199,1.29873,1.29879
2013.03.11 00:19:39.619,1.29874,1.2988
2013.03.11 00:19:42.729,1.29877,1.29884
2013.03.11 00:19:54.779,1.29877,1.29884
2013.03.11 00:19:58.105,1.29877,1.29884
2013.03.11 00:20:02.290,1.29877,1.29882
2013.03.11 00:20:24.719,1.29877,1.29883
2013.03.11 00:20:26.825,1.29877,1.29883
2013.03.11 00:20:28.212,1.29877,1.29883
2013.03.11 00:20:29.119,1.29877,1.29883
2013.03.11 00:20:29.620,1.29877,1.29883
2013.03.11 00:20:29.820,1.29877,1.29883
2013.03.11 00:20:35.111,1.29875,1.2988
2013.03.11 00:20:35.181,1.29872,1.29879
2013.03.11 00:20:35.363,1.29871,1.29875
2013.03.11 00:20:35.550,1.29867,1.29873
2013.03.11 00:20:37.020,1.29866,1.29871
2013.03.11 00:20:39.859,1.29866,1.29871
2013.03.11 00:20:41.016,1.29866,1.29871
2013.03.11 00:21:10.954,1.29869,1.29875
2013.03.11 00:21:11.262,1.2987,1.29875
2013.03.11 00:21:11.392,1.29871,1.29876
2013.03.11 00:21:11.459,1.29872,1.29877
2013.03.11 00:21:11.521,1.29873,1.29878
2013.03.11 00:21:12.059,1.29873,1.29879
2013.03.11 00:21:21.321,1.29877,1.29882
2013.03.11 00:21:21.859,1.29877,1.29881
2013.03.11 00:21:21.920,1.29876,1.29881
2013.03.11 00:21:22.631,1.29877,1.29881
2013.03.11 00:21:23.323,1.29878,1.29881
2013.03.11 00:21:25.750,1.29878,1.29881
2013.03.11 00:21:26.490,1.29875,1.29879
2013.03.11 00:21:26.730,1.29871,1.29877
2013.03.11 00:21:26.790,1.2987,1.29877
2013.03.11 00:21:26.850,1.2987,1.29877
2013.03.11 00:21:26.969,1.2987,1.29877
2013.03.11 00:21:27.089,1.2987,1.29877
2013.03.11 00:21:29.000,1.29871,1.29877
2013.03.11 00:21:31.110,1.2987,1.29877
2013.03.11 00:21:46.992,1.29871,1.29877
2013.03.11 00:21:47.303,1.29871,1.29877
2013.03.11 00:21:47.370,1.29871,1.29877
2013.03.11 00:21:47.889,1.29871,1.29877
2013.03.11 00:21:48.189,1.29871,1.29877
2013.03.11 00:21:49.969,1.29871,1.29877
2013.03.11 00:22:01.341,1.29868,1.29876
2013.03.11 00:22:09.811,1.29871,1.29876
2013.03.11 00:22:10.830,1.29868,1.29875
2013.03.11 00:22:26.521,1.29869,1.29876
2013.03.11 00:22:26.889,1.2987,1.29876
2013.03.11 00:22:27.441,1.2987,1.29877
2013.03.11 00:22:27.629,1.2987,1.29877
2013.03.11 00:22:27.752,1.2987,1.29877
2013.03.11 00:22:29.474,1.29872,1.29877
2013.03.11 00:22:29.899,1.29869,1.29877
2013.03.11 00:22:29.959,1.29869,1.29877
2013.03.11 00:22:30.772,1.29871,1.29877
2013.03.11 00:22:32.980,1.29872,1.29876
2013.03.11 00:22:33.051,1.29873,1.29877
2013.03.11 00:22:34.069,1.2987,1.29877
2013.03.11 00:22:37.398,1.2987,1.29876
2013.03.11 00:22:38.948,1.2987,1.29877
2013.03.11 00:22:39.579,1.2987,1.29877
2013.03.11 00:22:49.361,1.29874,1.2988
2013.03.11 00:22:49.542,1.29875,1.29883
2013.03.11 00:22:49.610,1.29876,1.29884
2013.03.11 00:22:49.850,1.29875,1.29887
2013.03.11 00:22:49.910,1.2988,1.29885
2013.03.11 00:22:50.090,1.2988,1.29884
2013.03.11 00:22:50.642,1.29879,1.29885
2013.03.11 00:22:56.230,1.2988,1.29884
2013.03.11 00:23:03.420,1.29879,1.29885
2013.03.11 00:23:03.601,1.29881,1.29885
2013.03.11 00:23:09.389,1.29879,1.29885
2013.03.11 00:23:10.285,1.29881,1.29885
2013.03.11 00:23:15.202,1.29883,1.29887
2013.03.11 00:23:16.119,1.29883,1.29887
2013.03.11 00:23:20.981,1.29881,1.29887
2013.03.11 00:23:24.270,1.29881,1.29887
2013.03.11 00:23:24.859,1.29879,1.29886
2013.03.11 00:23:29.039,1.29883,1.29889
2013.03.11 00:23:29.341,1.29885,1.29892
2013.03.11 00:23:29.461,1.29884,1.29894
2013.03.11 00:23:29.760,1.29887,1.29894
2013.03.11 00:23:30.004,1.29889,1.29894
2013.03.11 00:23:30.071,1.2989,1.29895
2013.03.11 00:23:30.714,1.2989,1.29896
2013.03.11 00:23:31.390,1.2989,1.29896
2013.03.11 00:23:32.110,1.29889,1.29895
2013.03.11 00:23:41.469,1.29889,1.29895
2013.03.11 00:23:42.999,1.29889,1.29894
2013.03.11 00:23:43.060,1.29887,1.29893
2013.03.11 00:23:43.620,1.29887,1.29893
2013.03.11 00:23:51.101,1.29887,1.29894
2013.03.11 00:23:51.160,1.29887,1.29894
2013.03.11 00:23:51.872,1.29888,1.29895
2013.03.11 00:24:04.811,1.29889,1.29894
2013.03.11 00:24:05.330,1.2989,1.29895
2013.03.11 00:24:05.870,1.29889,1.29895
2013.03.11 00:24:13.390,1.29889,1.29895
2013.03.11 00:24:13.979,1.2989,1.29896
2013.03.11 00:24:14.161,1.2989,1.29896
2013.03.11 00:24:14.340,1.29893,1.299
2013.03.11 00:24:15.069,1.29893,1.29899
2013.03.11 00:24:15.622,1.29893,1.29901
2013.03.11 00:24:16.280,1.29895,1.299
2013.03.11 00:24:16.953,1.29895,1.29901
2013.03.11 00:24:19.521,1.29895,1.299
2013.03.11 00:24:20.390,1.29895,1.29901
2013.03.11 00:24:20.950,1.29896,1.29901
2013.03.11 00:24:22.109,1.29895,1.29901
2013.03.11 00:24:29.020,1.29895,1.299
2013.03.11 00:24:29.440,1.29893,1.299
2013.03.11 00:24:29.560,1.29893,1.299
2013.03.11 00:24:29.620,1.29892,1.29899
2013.03.11 00:24:29.680,1.29892,1.29897
2013.03.11 00:24:29.981,1.29891,1.29897
2013.03.11 00:24:38.481,1.29891,1.29898
2013.03.11 00:24:38.659,1.29893,1.299
2013.03.11 00:24:38.719,1.29893,1.299
2013.03.11 00:24:39.960,1.29894,1.29901
2013.03.11 00:24:41.304,1.29894,1.29901
2013.03.11 00:24:41.370,1.29894,1.29901
2013.03.11 00:24:42.029,1.29892,1.29899
2013.03.11 00:24:42.451,1.29891,1.29896
2013.03.11 00:24:42.630,1.29891,1.29897
2013.03.11 00:24:43.110,1.29889,1.29896
2013.03.11 00:24:47.061,1.29889,1.29897
2013.03.11 00:24:47.609,1.29889,1.29896
2013.03.11 00:24:48.603,1.29889,1.29897
2013.03.11 00:24:50.150,1.2989,1.29895
2013.03.11 00:24:50.391,1.29888,1.29893
2013.03.11 00:24:50.510,1.29887,1.29893
2013.03.11 00:24:50.630,1.29887,1.29893
2013.03.11 00:24:50.691,1.29888,1.29893
2013.03.11 00:24:50.992,1.29889,1.29893
2013.03.11 00:24:51.299,1.29887,1.29893
2013.03.11 00:24:51.480,1.29886,1.29893
2013.03.11 00:24:54.260,1.29887,1.29893
2013.03.11 00:25:04.209,1.29887,1.29893
2013.03.11 00:25:05.220,1.29888,1.29893
2013.03.11 00:25:05.519,1.2989,1.29896
2013.03.11 00:25:06.021,1.2989,1.29895
2013.03.11 00:25:06.569,1.29888,1.29896
2013.03.11 00:25:09.631,1.29888,1.29896
2013.03.11 00:25:10.170,1.29889,1.29896
2013.03.11 00:25:12.843,1.29889,1.29896
2013.03.11 00:25:13.569,1.29889,1.29896
2013.03.11 00:25:14.969,1.2989,1.29896
2013.03.11 00:25:15.150,1.2989,1.29897
2013.03.11 00:25:15.750,1.2989,1.29897
2013.03.11 00:25:16.660,1.2989,1.29897
2013.03.11 00:25:22.500,1.29892,1.29897
2013.03.11 00:25:22.621,1.29894,1.299
2013.03.11 00:25:22.681,1.29894,1.29902
2013.03.11 00:25:22.921,1.29893,1.29905
2013.03.11 00:25:23.280,1.29899,1.29906
2013.03.11 00:25:23.998,1.29898,1.29906
2013.03.11 00:25:24.430,1.29899,1.29906
2013.03.11 00:25:25.789,1.29899,1.29905
2013.03.11 00:25:26.332,1.29899,1.29905
2013.03.11 00:25:31.202,1.29897,1.29903
2013.03.11 00:25:36.431,1.29897,1.29903
2013.03.11 00:25:42.941,1.29899,1.29904
2013.03.11 00:25:48.250,1.29899,1.29905
2013.03.11 00:25:55.362,1.29897,1.29903
2013.03.11 00:25:55.912,1.29896,1.29903
2013.03.11 00:25:56.101,1.29896,1.29904
2013.03.11 00:25:56.460,1.29896,1.29903
2013.03.11 00:26:05.250,1.29896,1.29903
2013.03.11 00:26:05.801,1.29898,1.29904
2013.03.11 00:26:06.320,1.29897,1.29903
2013.03.11 00:26:06.621,1.29897,1.29906
2013.03.11 00:26:06.801,1.29897,1.29906
2013.03.11 00:26:06.921,1.29898,1.29904
2013.03.11 00:26:07.450,1.29897,1.29906
2013.03.11 00:26:17.031,1.29899,1.29905
2013.03.11 00:26:19.430,1.29898,1.29905
2013.03.11 00:26:20.451,1.29897,1.29905
2013.03.11 00:26:24.490,1.29898,1.29905
2013.03.11 00:26:29.560,1.29896,1.29904
2013.03.11 00:26:30.100,1.29896,1.29904
2013.03.11 00:26:31.290,1.29895,1.29903
2013.03.11 00:26:39.021,1.29895,1.29903
2013.03.11 00:26:40.026,1.29894,1.299
2013.03.11 00:26:40.215,1.29893,1.29899
2013.03.11 00:26:40.734,1.29893,1.299
2013.03.11 00:26:44.561,1.29893,1.299
2013.03.11 00:26:45.490,1.29894,1.299
2013.03.11 00:26:45.612,1.29895,1.29902
2013.03.11 00:26:46.831,1.29896,1.29903
2013.03.11 00:26:47.190,1.29897,1.29903
2013.03.11 00:26:52.428,1.29898,1.29903
2013.03.11 00:26:52.731,1.29895,1.29901
2013.03.11 00:26:52.850,1.29893,1.29901
2013.03.11 00:26:52.910,1.29892,1.29901
2013.03.11 00:26:53.761,1.29892,1.29898
2013.03.11 00:26:54.222,1.29892,1.299
2013.03.11 00:26:54.470,1.29896,1.29901
2013.03.11 00:26:55.010,1.29896,1.29904
2013.03.11 00:27:05.801,1.29897,1.29904
2013.03.11 00:27:06.411,1.29896,1.29904
2013.03.11 00:27:07.360,1.29897,1.29904
2013.03.11 00:27:08.190,1.29897,1.29904
2013.03.11 00:27:09.887,1.29896,1.29904
2013.03.11 00:27:10.521,1.29897,1.29904
2013.03.11 00:27:11.006,1.29898,1.29905
2013.03.11 00:27:11.130,1.29897,1.29905
2013.03.11 00:27:11.193,1.29898,1.29905
2013.03.11 00:27:11.320,1.29897,1.29905
2013.03.11 00:27:15.241,1.29897,1.29903
2013.03.11 00:27:16.371,1.29897,1.29903
2013.03.11 00:27:17.187,1.29897,1.29903
2013.03.11 00:27:25.210,1.29897,1.29903
2013.03.11 00:27:30.101,1.29896,1.29903
2013.03.11 00:27:30.752,1.29896,1.29903
2013.03.11 00:27:31.271,1.29896,1.29903
2013.03.11 00:27:37.660,1.29895,1.29902
2013.03.11 00:27:42.503,1.29896,1.29902
2013.03.11 00:27:53.361,1.29896,1.29902
2013.03.11 00:27:54.530,1.29897,1.29902
2013.03.11 00:27:56.070,1.29897,1.29905
2013.03.11 00:27:56.250,1.29899,1.29905
2013.03.11 00:27:56.730,1.29899,1.29907
2013.03.11 00:27:58.211,1.29901,1.29907
2013.03.11 00:27:58.690,1.29901,1.29912
2013.03.11 00:27:59.050,1.299,1.29908
2013.03.11 00:27:59.679,1.29901,1.29908
2013.03.11 00:28:03.280,1.29899,1.29905
2013.03.11 00:28:04.231,1.29899,1.29907
2013.03.11 00:28:04.290,1.299,1.29907
2013.03.11 00:28:05.010,1.29902,1.29909
2013.03.11 00:28:09.081,1.29901,1.29907
2013.03.11 00:28:09.260,1.29899,1.29907
2013.03.11 00:28:14.621,1.299,1.29906
2013.03.11 00:28:20.130,1.29901,1.29907
2013.03.11 00:28:20.250,1.29901,1.29905
2013.03.11 00:28:20.371,1.299,1.29908
2013.03.11 00:28:20.550,1.29902,1.29908
2013.03.11 00:28:22.360,1.29902,1.29908
2013.03.11 00:28:23.470,1.29902,1.2991
2013.03.11 00:28:23.770,1.29904,1.2991
2013.03.11 00:28:23.890,1.29901,1.29909
2013.03.11 00:28:24.143,1.299,1.29908
2013.03.11 00:28:24.281,1.299,1.29905
2013.03.11 00:28:24.341,1.29899,1.29905
2013.03.11 00:28:24.460,1.29896,1.29905
2013.03.11 00:28:24.581,1.29895,1.29903
2013.03.11 00:28:24.940,1.29895,1.29901
2013.03.11 00:28:26.740,1.29896,1.29903
2013.03.11 00:28:27.561,1.29895,1.29901
2013.03.11 00:28:27.681,1.29895,1.29901
2013.03.11 00:28:28.400,1.29895,1.29901
2013.03.11 00:28:28.822,1.29893,1.29898
2013.03.11 00:28:28.881,1.2989,1.29898
2013.03.11 00:28:29.060,1.29889,1.29897
2013.03.11 00:28:29.666,1.29887,1.29894
2013.03.11 00:28:29.991,1.29887,1.29894
2013.03.11 00:28:31.931,1.29887,1.29893
2013.03.11 00:28:33.220,1.29887,1.29894
2013.03.11 00:28:36.080,1.29887,1.29894
2013.03.11 00:28:43.112,1.29888,1.29894
2013.03.11 00:28:43.181,1.29889,1.29895
2013.03.11 00:28:43.301,1.29889,1.29895
2013.03.11 00:28:43.983,1.2989,1.29896
2013.03.11 00:28:44.410,1.2989,1.29898
2013.03.11 00:28:44.471,1.29891,1.29899
2013.03.11 00:28:45.062,1.29892,1.29899
2013.03.11 00:28:52.853,1.29893,1.299
2013.03.11 00:28:55.410,1.29894,1.29901
2013.03.11 00:28:56.236,1.29895,1.29902
2013.03.11 00:29:03.832,1.29898,1.29905
2013.03.11 00:29:07.891,1.29896,1.29901
2013.03.11 00:29:12.987,1.29895,1.29904
2013.03.11 00:29:21.041,1.29895,1.29902
2013.03.11 00:29:25.062,1.29896,1.29902
2013.03.11 00:29:27.443,1.29896,1.299
2013.03.11 00:29:27.751,1.29894,1.29901
2013.03.11 00:29:27.811,1.29893,1.29901
2013.03.11 00:29:28.050,1.29892,1.299
2013.03.11 00:29:28.622,1.29891,1.29899
2013.03.11 00:29:32.723,1.2989,1.29898
2013.03.11 00:29:42.210,1.29887,1.29894
2013.03.11 00:29:42.512,1.29888,1.29895
2013.03.11 00:29:42.573,1.2989,1.29896
2013.03.11 00:29:42.641,1.2989,1.29899
2013.03.11 00:29:42.761,1.29891,1.29899
2013.03.11 00:29:43.121,1.29894,1.29901
2013.03.11 00:29:43.480,1.29895,1.29901
2013.03.11 00:29:46.440,1.29895,1.29902
2013.03.11 00:29:46.801,1.29892,1.299
2013.03.11 00:29:46.860,1.29891,1.29898
2013.03.11 00:29:51.382,1.29891,1.29898
2013.03.11 00:29:51.992,1.29891,1.29898
2013.03.11 00:29:52.540,1.29892,1.299
2013.03.11 00:29:56.990,1.29892,1.299
2013.03.11 00:30:01.430,1.29893,1.299
2013.03.11 00:30:02.714,1.29891,1.29898
2013.03.11 00:30:03.023,1.29891,1.29896
2013.03.11 00:30:03.152,1.29891,1.29896
2013.03.11 00:30:08.151,1.29888,1.29895
2013.03.11 00:30:08.331,1.29888,1.29892
2013.03.11 00:30:08.870,1.29886,1.2989
2013.03.11 00:30:11.790,1.29886,1.29891
2013.03.11 00:30:13.540,1.29887,1.29891
2013.03.11 00:30:17.790,1.29887,1.29891
2013.03.11 00:30:17.970,1.29888,1.29893
2013.03.11 00:30:18.529,1.29888,1.29894
2013.03.11 00:30:19.040,1.29889,1.29896
2013.03.11 00:30:19.545,1.2989,1.29895
2013.03.11 00:30:19.991,1.29887,1.29892
2013.03.11 00:30:20.171,1.29886,1.29892
2013.03.11 00:30:20.710,1.29887,1.29893
2013.03.11 00:30:20.960,1.29888,1.29895
2013.03.11 00:30:21.720,1.29887,1.29893
2013.03.11 00:30:22.923,1.29888,1.29895
2013.03.11 00:30:22.981,1.29889,1.29895
2013.03.11 00:30:23.340,1.29892,1.29896
2013.03.11 00:30:23.460,1.29893,1.299
2013.03.11 00:30:23.700,1.29896,1.299
2013.03.11 00:30:27.541,1.29894,1.299
2013.03.11 00:30:27.842,1.29893,1.29898
2013.03.11 00:30:28.021,1.29892,1.29895
2013.03.11 00:30:28.261,1.2989,1.29895
2013.03.11 00:30:28.931,1.29891,1.29896
2013.03.11 00:30:31.370,1.29892,1.29897
2013.03.11 00:30:31.910,1.29894,1.29899
2013.03.11 00:30:38.180,1.29893,1.29899
2013.03.11 00:30:41.755,1.29893,1.29899
2013.03.11 00:30:47.131,1.29893,1.29899
2013.03.11 00:30:49.222,1.29894,1.29899
2013.03.11 00:30:49.630,1.29893,1.29899
2013.03.11 00:30:50.180,1.29893,1.29899
2013.03.11 00:30:53.610,1.29893,1.29898
2013.03.11 00:30:53.671,1.29891,1.29897
2013.03.11 00:30:54.031,1.29887,1.29894
2013.03.11 00:30:54.391,1.29886,1.29895
2013.03.11 00:30:55.211,1.29888,1.29894
2013.03.11 00:31:00.182,1.29886,1.29893
2013.03.11 00:31:00.674,1.29887,1.29895
2013.03.11 00:31:02.681,1.29887,1.29895
2013.03.11 00:31:03.231,1.29887,1.29895
2013.03.11 00:31:05.030,1.29887,1.29895
2013.03.11 00:31:05.612,1.29887,1.29894
2013.03.11 00:31:07.001,1.29887,1.29895
2013.03.11 00:31:07.881,1.29888,1.29895
2013.03.11 00:31:10.061,1.29887,1.29894
2013.03.11 00:31:10.781,1.29888,1.29894
2013.03.11 00:31:12.390,1.29888,1.29894
2013.03.11 00:31:13.261,1.29888,1.29894
2013.03.11 00:31:17.353,1.29889,1.29895
2013.03.11 00:31:17.661,1.2989,1.29897
2013.03.11 00:31:17.783,1.29892,1.29898
2013.03.11 00:31:17.851,1.29894,1.29899
2013.03.11 00:31:18.094,1.29894,1.299
2013.03.11 00:31:23.910,1.29894,1.29902
2013.03.11 00:31:25.104,1.29894,1.29902
2013.03.11 00:31:26.801,1.29895,1.29902
2013.03.11 00:31:27.370,1.29894,1.29902
2013.03.11 00:31:28.340,1.29895,1.29901
2013.03.11 00:31:29.942,1.29898,1.29901
2013.03.11 00:31:30.481,1.29896,1.29903
2013.03.11 00:31:31.021,1.29896,1.29903
2013.03.11 00:31:31.380,1.29896,1.29903
2013.03.11 00:31:31.440,1.29896,1.29903
2013.03.11 00:31:32.018,1.29896,1.29902
2013.03.11 00:31:34.620,1.29894,1.29901
2013.03.11 00:31:34.922,1.29894,1.29899
2013.03.11 00:31:35.232,1.29891,1.299
2013.03.11 00:31:35.351,1.2989,1.29899
2013.03.11 00:31:35.890,1.2989,1.29898
2013.03.11 00:31:36.900,1.29889,1.29897
2013.03.11 00:31:39.970,1.29889,1.29895
2013.03.11 00:31:40.440,1.29886,1.29893
2013.03.11 00:31:48.672,1.29888,1.29893
2013.03.11 00:31:48.792,1.29888,1.29893
2013.03.11 00:31:49.350,1.29888,1.29894
2013.03.11 00:31:50.961,1.29887,1.29894
2013.03.11 00:31:51.651,1.29887,1.29894
2013.03.11 00:31:55.110,1.29888,1.29895
2013.03.11 00:31:55.171,1.2989,1.29896
2013.03.11 00:31:55.992,1.2989,1.29897
2013.03.11 00:31:57.057,1.2989,1.29895
2013.03.11 00:31:57.622,1.29889,1.29895
2013.03.11 00:32:00.000,1.29886,1.29892
2013.03.11 00:32:00.482,1.29889,1.29893
2013.03.11 00:32:00.542,1.2989,1.29893
2013.03.11 00:32:01.022,1.29891,1.29897
2013.03.11 00:32:01.081,1.29892,1.29898
2013.03.11 00:32:01.442,1.29892,1.29899
2013.03.11 00:32:01.502,1.29893,1.29899
2013.03.11 00:32:02.041,1.29894,1.299
2013.03.11 00:32:02.231,1.29895,1.29903
2013.03.11 00:32:02.790,1.29895,1.29903
2013.03.11 00:32:09.042,1.29895,1.29903
2013.03.11 00:32:14.261,1.29896,1.29902
2013.03.11 00:32:14.803,1.29896,1.29902
2013.03.11 00:32:15.473,1.29895,1.29903
2013.03.11 00:32:18.721,1.29894,1.29902
2013.03.11 00:32:19.281,1.29895,1.29903
2013.03.11 00:32:29.718,1.29895,1.29902
2013.03.11 00:32:34.661,1.29895,1.29902
2013.03.11 00:32:35.198,1.29895,1.29902
2013.03.11 00:32:46.220,1.29895,1.29902
2013.03.11 00:32:52.361,1.29895,1.29902
2013.03.11 00:32:53.381,1.29895,1.29902
2013.03.11 00:32:53.621,1.29894,1.29901
2013.03.11 00:32:53.992,1.29891,1.29899
2013.03.11 00:32:54.231,1.29891,1.29896
2013.03.11 00:32:54.410,1.2989,1.29895
2013.03.11 00:32:55.141,1.29889,1.29897
2013.03.11 00:32:55.500,1.29891,1.29897
2013.03.11 00:32:56.046,1.29894,1.299
2013.03.11 00:32:56.124,1.29895,1.29901
2013.03.11 00:32:56.381,1.29896,1.29905
2013.03.11 00:33:00.112,1.29896,1.29903
2013.03.11 00:33:00.315,1.29893,1.299
2013.03.11 00:33:00.388,1.29893,1.299
2013.03.11 00:33:00.691,1.29889,1.29897
2013.03.11 00:33:00.751,1.29889,1.29897
2013.03.11 00:33:01.368,1.29889,1.29895
2013.03.11 00:33:02.702,1.2989,1.29895
2013.03.11 00:33:02.943,1.29891,1.29896
2013.03.11 00:33:03.062,1.29891,1.29898
2013.03.11 00:33:03.122,1.29891,1.299
2013.03.11 00:33:03.452,1.29894,1.29903
2013.03.11 00:33:04.050,1.29896,1.29904
2013.03.11 00:33:05.251,1.29896,1.29902
2013.03.11 00:33:05.991,1.29896,1.29903
2013.03.11 00:33:11.480,1.29894,1.29903
2013.03.11 00:33:11.600,1.29894,1.29903
2013.03.11 00:33:13.251,1.29894,1.29903
2013.03.11 00:33:13.670,1.29894,1.29903
2013.03.11 00:33:14.640,1.29895,1.29903
2013.03.11 00:33:19.070,1.29896,1.29903
2013.03.11 00:33:37.080,1.29896,1.29904
2013.03.11 00:33:38.321,1.29898,1.29904
2013.03.11 00:33:48.191,1.29897,1.29904
2013.03.11 00:34:22.385,1.29895,1.29903
2013.03.11 00:34:22.452,1.29895,1.29903
2013.03.11 00:34:24.212,1.29895,1.29901
2013.03.11 00:34:34.772,1.29893,1.29897
2013.03.11 00:34:34.892,1.29889,1.29897
2013.03.11 00:34:35.012,1.29889,1.29897
2013.03.11 00:34:35.134,1.29889,1.29897
2013.03.11 00:34:35.203,1.2989,1.29897
2013.03.11 00:34:35.631,1.29888,1.29894
2013.03.11 00:34:36.142,1.29887,1.29893
2013.03.11 00:34:36.691,1.29886,1.29893
2013.03.11 00:34:38.565,1.29886,1.29893
2013.03.11 00:34:44.388,1.29887,1.29892
2013.03.11 00:34:44.571,1.29885,1.29891
2013.03.11 00:34:44.632,1.29885,1.29891
2013.03.11 00:34:44.693,1.29885,1.29891
2013.03.11 00:34:45.711,1.29884,1.29892
2013.03.11 00:34:46.341,1.29885,1.29892
2013.03.11 00:35:11.175,1.29886,1.29891
2013.03.11 00:35:36.642,1.29885,1.29891
2013.03.11 00:35:36.761,1.29886,1.29891
2013.03.11 00:35:37.001,1.29886,1.29891
2013.03.11 00:35:39.600,1.29884,1.29891
2013.03.11 00:35:44.380,1.29883,1.2989
2013.03.11 00:35:44.441,1.29883,1.2989
2013.03.11 00:35:45.761,1.29883,1.2989
2013.03.11 00:35:52.041,1.29884,1.2989
2013.03.11 00:36:01.193,1.29885,1.29891
2013.03.11 00:36:19.771,1.29883,1.2989
2013.03.11 00:36:19.891,1.2988,1.29888
2013.03.11 00:36:20.011,1.2988,1.29888
2013.03.11 00:36:20.310,1.29879,1.29886
2013.03.11 00:36:26.910,1.29881,1.29887
2013.03.11 00:36:27.451,1.29881,1.29887
2013.03.11 00:36:27.959,1.29881,1.29886
2013.03.11 00:36:29.241,1.29881,1.29885
2013.03.11 00:36:30.990,1.29881,1.29887
2013.03.11 00:36:32.122,1.29881,1.29887
2013.03.11 00:36:32.582,1.29882,1.29889
2013.03.11 00:36:33.121,1.29883,1.29889
2013.03.11 00:36:34.021,1.29883,1.29889
2013.03.11 00:36:34.081,1.29883,1.29889
2013.03.11 00:36:34.200,1.29883,1.29891
2013.03.11 00:36:34.321,1.29883,1.2989
2013.03.11 00:36:35.406,1.29883,1.29889
2013.03.11 00:36:40.990,1.29883,1.29889
2013.03.11 00:36:50.885,1.29883,1.29889
2013.03.11 00:36:51.071,1.29882,1.29888
2013.03.11 00:36:51.431,1.29878,1.29886
2013.03.11 00:36:51.551,1.29879,1.29885
2013.03.11 00:36:58.971,1.29878,1.29883
2013.03.11 00:37:08.422,1.29876,1.29884
2013.03.11 00:37:08.481,1.29876,1.29883
2013.03.11 00:37:08.721,1.29873,1.29884
2013.03.11 00:37:09.317,1.29875,1.2988
2013.03.11 00:37:10.130,1.29875,1.2988
2013.03.11 00:37:10.682,1.29875,1.29881
2013.03.11 00:37:12.091,1.29876,1.29881
2013.03.11 00:37:12.555,1.29876,1.29881
2013.03.11 00:37:13.061,1.29876,1.29883
2013.03.11 00:37:13.641,1.29876,1.29883
2013.03.11 00:37:28.175,1.29876,1.29883
2013.03.11 00:37:28.420,1.29875,1.29882
2013.03.11 00:37:28.661,1.29875,1.29881
2013.03.11 00:37:30.552,1.29875,1.29882
2013.03.11 00:37:30.731,1.29875,1.29883
2013.03.11 00:37:31.091,1.29877,1.29883
2013.03.11 00:37:38.461,1.29877,1.29883
2013.03.11 00:37:39.011,1.29877,1.29883
2013.03.11 00:37:51.171,1.29876,1.29883
2013.03.11 00:37:54.551,1.29876,1.29883
2013.03.11 00:38:00.611,1.29876,1.29883
2013.03.11 00:38:02.131,1.29876,1.29883
2013.03.11 00:38:02.191,1.29876,1.29883
2013.03.11 00:38:05.550,1.29876,1.29884
2013.03.11 00:38:08.996,1.29878,1.29884
2013.03.11 00:38:23.401,1.29875,1.29881
2013.03.11 00:38:23.461,1.29875,1.29881
2013.03.11 00:38:24.000,1.29875,1.29881
2013.03.11 00:38:26.282,1.29874,1.29881
2013.03.11 00:38:56.542,1.29877,1.29883
2013.03.11 00:38:57.091,1.29878,1.29884
2013.03.11 00:39:00.909,1.29878,1.29883
2013.03.11 00:39:01.453,1.29876,1.29881
2013.03.11 00:39:02.261,1.29876,1.29881
2013.03.11 00:39:03.892,1.29873,1.29881
2013.03.11 00:39:04.410,1.29873,1.29881
2013.03.11 00:39:05.941,1.29873,1.2988
2013.03.11 00:39:06.490,1.29875,1.29881
2013.03.11 00:39:08.690,1.29876,1.29881
2013.03.11 00:39:08.990,1.29878,1.29882
2013.03.11 00:39:09.172,1.29878,1.29882
2013.03.11 00:39:09.531,1.29879,1.29883
2013.03.11 00:39:09.591,1.29879,1.29883
2013.03.11 00:39:10.171,1.29877,1.29883
2013.03.11 00:39:10.681,1.29877,1.29883
2013.03.11 00:39:11.921,1.29877,1.29883
2013.03.11 00:39:21.632,1.29876,1.29883
2013.03.11 00:39:22.120,1.29876,1.29883
2013.03.11 00:39:26.571,1.29876,1.29883
2013.03.11 00:39:30.781,1.29876,1.29882
2013.03.11 00:39:30.961,1.29876,1.29882
2013.03.11 00:39:45.102,1.29876,1.29882
2013.03.11 00:39:51.680,1.29876,1.29882
2013.03.11 00:39:52.460,1.29876,1.29882
2013.03.11 00:39:58.650,1.29876,1.29882
2013.03.11 00:40:13.831,1.29877,1.29882
2013.03.11 00:40:14.071,1.29877,1.29884
2013.03.11 00:40:16.072,1.29877,1.29884
2013.03.11 00:40:16.314,1.2988,1.29885
2013.03.11 00:40:18.203,1.2988,1.29885
2013.03.11 00:40:20.113,1.2988,1.29885
2013.03.11 00:40:31.670,1.29879,1.29885
2013.03.11 00:40:32.221,1.29877,1.29884
2013.03.11 00:40:32.341,1.29877,1.29883
2013.03.11 00:40:32.642,1.29877,1.29882
2013.03.11 00:40:33.533,1.29878,1.29882
2013.03.11 00:40:35.041,1.29878,1.29882
2013.03.11 00:40:35.762,1.29878,1.29883
2013.03.11 00:40:36.266,1.29878,1.29883
2013.03.11 00:40:39.261,1.29878,1.29882
2013.03.11 00:40:39.773,1.29877,1.29881
2013.03.11 00:40:40.574,1.29877,1.29881
2013.03.11 00:40:49.274,1.29875,1.29881
2013.03.11 00:40:49.591,1.29872,1.29879
2013.03.11 00:40:50.131,1.29872,1.2988
2013.03.11 00:40:50.670,1.29874,1.2988
2013.03.11 00:40:51.411,1.29873,1.29879
2013.03.11 00:40:51.651,1.29873,1.2988
2013.03.11 00:40:52.321,1.29873,1.2988
2013.03.11 00:40:52.742,1.29874,1.29879
2013.03.11 00:40:53.282,1.29878,1.29881
2013.03.11 00:40:53.403,1.29878,1.29883
2013.03.11 00:40:56.308,1.29879,1.29883
2013.03.11 00:40:56.611,1.29878,1.29884
2013.03.11 00:40:56.671,1.29879,1.29884
2013.03.11 00:40:57.211,1.2988,1.29884
2013.03.11 00:41:01.811,1.29877,1.29883
2013.03.11 00:41:03.282,1.29878,1.29882
2013.03.11 00:41:07.932,1.29876,1.29881
2013.03.11 00:41:08.111,1.29873,1.29879
2013.03.11 00:41:08.173,1.29873,1.29879
2013.03.11 00:41:08.473,1.29874,1.29878
2013.03.11 00:41:09.021,1.29876,1.29879
2013.03.11 00:41:09.082,1.29876,1.29879
2013.03.11 00:41:10.195,1.29876,1.29881
2013.03.11 00:41:10.332,1.29874,1.2988
2013.03.11 00:41:10.451,1.29876,1.2988
2013.03.11 00:41:10.871,1.29874,1.29879
2013.03.11 00:41:11.114,1.29872,1.29875
2013.03.11 00:41:11.362,1.29869,1.29875
2013.03.11 00:41:12.862,1.29871,1.29876
2013.03.11 00:41:12.981,1.29871,1.29876
2013.03.11 00:41:13.524,1.29874,1.29878
2013.03.11 00:41:13.592,1.29874,1.2988
2013.03.11 00:41:13.772,1.29874,1.2988
2013.03.11 00:41:14.131,1.29874,1.2988
2013.03.11 00:41:14.251,1.29875,1.2988
2013.03.11 00:41:14.382,1.29875,1.29882
2013.03.11 00:41:26.952,1.29875,1.29881
2013.03.11 00:41:27.433,1.29872,1.2988
2013.03.11 00:41:27.673,1.29871,1.29877
2013.03.11 00:41:27.981,1.2987,1.29877
2013.03.11 00:41:28.539,1.2987,1.29877
2013.03.11 00:41:28.842,1.29873,1.29879
2013.03.11 00:41:29.261,1.29875,1.29881
2013.03.11 00:41:29.947,1.29876,1.2988
2013.03.11 00:41:30.401,1.29876,1.29882
2013.03.11 00:41:42.671,1.29878,1.29882
2013.03.11 00:41:44.262,1.29876,1.29882
2013.03.11 00:41:49.663,1.29878,1.29882
2013.03.11 00:41:50.202,1.29877,1.29882
2013.03.11 00:42:06.092,1.29875,1.29883
2013.03.11 00:42:06.611,1.29875,1.29883
2013.03.11 00:42:06.943,1.29877,1.29883
2013.03.11 00:42:16.702,1.29878,1.29882
2013.03.11 00:42:20.242,1.29878,1.29884
2013.03.11 00:42:20.483,1.29879,1.29885
2013.03.11 00:42:21.871,1.29879,1.29885
2013.03.11 00:42:22.174,1.29877,1.29884
2013.03.11 00:42:22.721,1.29876,1.29883
2013.03.11 00:42:39.392,1.29877,1.29883
2013.03.11 00:42:42.601,1.29876,1.29882
2013.03.11 00:42:55.733,1.2988,1.29885
2013.03.11 00:42:55.912,1.2988,1.29887
2013.03.11 00:42:56.032,1.2988,1.29888
2013.03.11 00:42:56.211,1.29881,1.29888
2013.03.11 00:42:56.395,1.29882,1.29889
2013.03.11 00:42:56.462,1.29885,1.29892
2013.03.11 00:42:57.403,1.29885,1.29892
2013.03.11 00:43:02.531,1.29886,1.29892
2013.03.11 00:43:02.951,1.29885,1.29892
2013.03.11 00:43:05.590,1.29886,1.29892
2013.03.11 00:43:11.472,1.29885,1.29891
2013.03.11 00:43:12.304,1.29885,1.29891
2013.03.11 00:43:16.191,1.29887,1.29892
2013.03.11 00:43:16.905,1.29886,1.29893
2013.03.11 00:43:17.592,1.29886,1.29893
2013.03.11 00:43:19.251,1.29887,1.29893
2013.03.11 00:43:19.970,1.29884,1.29894
2013.03.11 00:43:20.281,1.29884,1.29892
2013.03.11 00:43:25.261,1.29884,1.2989
2013.03.11 00:43:25.442,1.29882,1.29888
2013.03.11 00:43:25.742,1.29883,1.29889
2013.03.11 00:43:25.981,1.29886,1.29893
2013.03.11 00:43:26.341,1.29887,1.29893
2013.03.11 00:43:26.883,1.29887,1.29893
2013.03.11 00:43:28.832,1.29887,1.29893
2013.03.11 00:43:29.371,1.29885,1.29893
2013.03.11 00:43:29.982,1.29886,1.29893
2013.03.11 00:43:30.283,1.29889,1.29895
2013.03.11 00:43:30.342,1.29889,1.29895
2013.03.11 00:43:30.462,1.2989,1.29896
2013.03.11 00:43:31.452,1.29892,1.29898
2013.03.11 00:43:31.512,1.29893,1.29899
2013.03.11 00:43:31.693,1.29895,1.29902
2013.03.11 00:43:31.755,1.29895,1.29902
2013.03.11 00:43:32.064,1.29895,1.29901
2013.03.11 00:43:32.613,1.29895,1.29902
2013.03.11 00:43:46.152,1.29896,1.29903
2013.03.11 00:44:24.231,1.29895,1.29901
2013.03.11 00:44:24.291,1.29895,1.29899
2013.03.11 00:44:24.532,1.2989,1.29898
2013.03.11 00:44:25.081,1.29891,1.29898
2013.03.11 00:44:25.716,1.29891,1.29898
2013.03.11 00:44:43.612,1.2989,1.29898
2013.03.11 00:44:43.972,1.29892,1.29898
2013.03.11 00:44:44.211,1.29894,1.299
2013.03.11 00:44:44.392,1.29894,1.29902
2013.03.11 00:44:44.942,1.29894,1.29902
2013.03.11 00:44:52.870,1.29895,1.29902
2013.03.11 00:44:54.084,1.29895,1.29902
2013.03.11 00:44:56.332,1.29894,1.29902
2013.03.11 00:44:58.918,1.29895,1.29902
2013.03.11 00:44:59.821,1.29894,1.29902
2013.03.11 00:45:00.942,1.29895,1.29902
2013.03.11 00:45:03.154,1.29894,1.29901
2013.03.11 00:45:04.942,1.29896,1.29903
2013.03.11 00:45:09.721,1.29896,1.29904
2013.03.11 00:45:10.971,1.29895,1.29903
2013.03.11 00:45:14.375,1.29896,1.29903
2013.03.11 00:45:15.583,1.29895,1.29903
2013.03.11 00:45:20.482,1.29895,1.29902
2013.03.11 00:45:24.822,1.29896,1.29902
2013.03.11 00:45:55.751,1.29898,1.29904
2013.03.11 00:45:57.672,1.29898,1.29904
2013.03.11 00:45:58.222,1.29898,1.29904
2013.03.11 00:45:58.902,1.29898,1.29905
2013.03.11 00:45:59.441,1.29898,1.29905
2013.03.11 00:45:59.942,1.29898,1.29905
2013.03.11 00:46:00.655,1.29898,1.29905
2013.03.11 00:46:00.976,1.29898,1.29905
2013.03.11 00:46:01.103,1.29902,1.29907
2013.03.11 00:46:01.342,1.29904,1.29911
2013.03.11 00:46:01.883,1.29905,1.29911
2013.03.11 00:46:02.903,1.29905,1.29912
2013.03.11 00:46:09.652,1.29905,1.29912
2013.03.11 00:46:09.951,1.29905,1.29912
2013.03.11 00:46:10.372,1.29905,1.29912
2013.03.11 00:46:10.731,1.29905,1.29912
2013.03.11 00:46:11.284,1.29905,1.29911
2013.03.11 00:46:11.961,1.29905,1.29911
2013.03.11 00:46:12.403,1.29905,1.29914
2013.03.11 00:46:12.525,1.29906,1.2991
2013.03.11 00:46:13.221,1.29905,1.29911
2013.03.11 00:46:13.761,1.29905,1.2991
2013.03.11 00:46:14.361,1.29906,1.29913
2013.03.11 00:46:14.662,1.29908,1.29915
2013.03.11 00:46:15.172,1.29907,1.29915
2013.03.11 00:46:16.167,1.29908,1.29915
2013.03.11 00:46:16.353,1.2991,1.29915
2013.03.11 00:46:16.472,1.2991,1.29915
2013.03.11 00:46:16.653,1.2991,1.29915
2013.03.11 00:46:16.952,1.29909,1.29915
2013.03.11 00:46:18.212,1.29909,1.29916
2013.03.11 00:46:18.404,1.29909,1.29915
2013.03.11 00:46:18.472,1.2991,1.29915
2013.03.11 00:46:19.063,1.2991,1.29915
2013.03.11 00:46:25.252,1.29909,1.29915
2013.03.11 00:46:41.141,1.2991,1.29916
2013.03.11 00:46:59.072,1.29909,1.29916
2013.03.11 00:46:59.783,1.29909,1.29916
2013.03.11 00:47:00.952,1.29909,1.29915
2013.03.11 00:47:01.192,1.29909,1.29915
2013.03.11 00:47:02.064,1.29909,1.29915
2013.03.11 00:47:04.798,1.29909,1.29914
2013.03.11 00:47:07.573,1.29909,1.29914
2013.03.11 00:47:08.294,1.29909,1.29915
2013.03.11 00:47:09.903,1.29909,1.29916
2013.03.11 00:47:10.441,1.29909,1.29916
2013.03.11 00:47:14.073,1.29909,1.29916
2013.03.11 00:47:14.313,1.29908,1.29915
2013.03.11 00:47:15.342,1.29908,1.29914
2013.03.11 00:47:16.706,1.29908,1.29913
2013.03.11 00:47:16.773,1.29907,1.29912
2013.03.11 00:47:17.013,1.29905,1.29913
2013.03.11 00:47:17.072,1.29905,1.29911
2013.03.11 00:47:19.721,1.29904,1.2991
2013.03.11 00:47:19.963,1.29903,1.29909
2013.03.11 00:47:20.382,1.29903,1.29907
2013.03.11 00:47:20.563,1.29899,1.29905
2013.03.11 00:47:20.801,1.29898,1.29905
2013.03.11 00:47:21.532,1.29898,1.29902
2013.03.11 00:47:23.202,1.29898,1.29904
2013.03.11 00:47:23.743,1.29898,1.29904
2013.03.11 00:47:23.802,1.29898,1.29904
2013.03.11 00:47:24.470,1.29898,1.29903
2013.03.11 00:47:24.842,1.29895,1.29902
2013.03.11 00:47:24.903,1.29897,1.29902
2013.03.11 00:47:25.412,1.29897,1.29903
2013.03.11 00:47:26.412,1.29895,1.29903
2013.03.11 00:47:27.261,1.29895,1.29903
2013.03.11 00:47:28.382,1.29894,1.29901
2013.03.11 00:47:30.502,1.29894,1.299
2013.03.11 00:47:45.062,1.29894,1.29901
2013.03.11 00:47:45.182,1.29895,1.29903
2013.03.11 00:47:45.243,1.29897,1.29903
2013.03.11 00:47:54.125,1.29895,1.29901
2013.03.11 00:47:54.253,1.29897,1.29902
2013.03.11 00:47:54.792,1.29897,1.29902
2013.03.11 00:47:58.542,1.29897,1.29901
2013.03.11 00:47:58.722,1.29895,1.29901
2013.03.11 00:47:58.784,1.29896,1.29903
2013.03.11 00:47:59.037,1.29897,1.29903
2013.03.11 00:47:59.162,1.29896,1.29903
2013.03.11 00:48:06.113,1.29897,1.29903
2013.03.11 00:48:09.095,1.29896,1.29902
2013.03.11 00:48:09.164,1.29896,1.29902
2013.03.11 00:48:09.235,1.29896,1.29903
2013.03.11 00:48:09.373,1.29896,1.29901
2013.03.11 00:48:09.731,1.29895,1.29901
2013.03.11 00:48:10.571,1.29894,1.299
2013.03.11 00:48:13.191,1.29894,1.29901
2013.03.11 00:48:17.402,1.29894,1.29901
2013.03.11 00:48:18.823,1.29893,1.299
2013.03.11 00:48:19.372,1.29893,1.29898
2013.03.11 00:48:24.350,1.29892,1.29897
2013.03.11 00:48:25.843,1.29891,1.29897
2013.03.11 00:48:25.962,1.29888,1.29895
2013.03.11 00:48:26.263,1.29888,1.29894
2013.03.11 00:48:30.931,1.29888,1.29894
2013.03.11 00:48:32.073,1.29888,1.29894
2013.03.11 00:48:38.052,1.29888,1.29893
2013.03.11 00:48:38.593,1.29888,1.29895
2013.03.11 00:48:44.012,1.29888,1.29894
2013.03.11 00:48:44.552,1.29888,1.29893
2013.03.11 00:48:44.673,1.29888,1.29894
2013.03.11 00:48:44.993,1.29887,1.29894
2013.03.11 00:48:45.312,1.29886,1.29894
2013.03.11 00:48:47.415,1.29886,1.29894
2013.03.11 00:48:48.509,1.29886,1.29892
2013.03.11 00:48:48.592,1.29883,1.29889
2013.03.11 00:48:48.772,1.29883,1.29889
2013.03.11 00:48:49.311,1.29885,1.2989
2013.03.11 00:48:49.673,1.29886,1.29894
2013.03.11 00:48:49.734,1.29887,1.29893
2013.03.11 00:48:50.882,1.29886,1.29894
2013.03.11 00:48:51.883,1.29887,1.29895
2013.03.11 00:48:52.003,1.2989,1.29895
2013.03.11 00:48:52.182,1.29891,1.29898
2013.03.11 00:48:52.363,1.29894,1.29901
2013.03.11 00:48:52.602,1.29894,1.29901
2013.03.11 00:49:09.873,1.29892,1.29901
2013.03.11 00:49:10.392,1.29892,1.29901
2013.03.11 00:49:10.475,1.29891,1.29898
2013.03.11 00:49:11.023,1.29889,1.29897
2013.03.11 00:49:11.323,1.29887,1.29894
2013.03.11 00:49:11.386,1.29887,1.29894
2013.03.11 00:49:14.843,1.29887,1.29894
2013.03.11 00:49:15.665,1.29888,1.29895
2013.03.11 00:49:15.972,1.29888,1.29895
2013.03.11 00:49:27.321,1.29888,1.29895
2013.03.11 00:49:30.885,1.2989,1.29896
2013.03.11 00:49:31.002,1.29892,1.29897
2013.03.11 00:49:31.243,1.29893,1.29901
2013.03.11 00:49:31.483,1.29895,1.29903
2013.03.11 00:49:31.543,1.29895,1.29903
2013.03.11 00:49:31.603,1.29895,1.29903
2013.03.11 00:49:31.963,1.29895,1.29903
2013.03.11 00:49:32.302,1.29895,1.29903
2013.03.11 00:49:35.302,1.29898,1.29904
2013.03.11 00:49:35.922,1.29898,1.29904
2013.03.11 00:49:36.595,1.29898,1.29905
2013.03.11 00:49:45.161,1.29898,1.29906
2013.03.11 00:49:45.782,1.29898,1.29906
2013.03.11 00:49:46.202,1.299,1.29906
2013.03.11 00:49:47.952,1.299,1.29908
2013.03.11 00:49:56.331,1.299,1.29908
2013.03.11 00:49:56.872,1.299,1.29908
2013.03.11 00:50:01.674,1.299,1.29908
2013.03.11 00:50:05.242,1.299,1.29906
2013.03.11 00:50:06.292,1.299,1.29906
2013.03.11 00:50:30.391,1.299,1.29906
2013.03.11 00:50:31.611,1.299,1.29906
2013.03.11 00:50:41.683,1.299,1.29906
2013.03.11 00:50:42.373,1.299,1.29906
2013.03.11 00:50:45.933,1.299,1.29906
2013.03.11 00:50:47.943,1.29899,1.29906
2013.03.11 00:50:48.432,1.29899,1.29905
2013.03.11 00:50:48.552,1.29899,1.29906
2013.03.11 00:50:50.045,1.29899,1.29906
2013.03.11 00:50:55.212,1.29899,1.29906
2013.03.11 00:50:56.932,1.29899,1.29905
2013.03.11 00:50:57.353,1.29899,1.29905
2013.03.11 00:50:57.663,1.29899,1.29905
2013.03.11 00:50:58.202,1.29898,1.29904
2013.03.11 00:51:06.893,1.29897,1.29903
2013.03.11 00:51:07.132,1.29896,1.29901
2013.03.11 00:51:07.733,1.29896,1.29904
2013.03.11 00:51:08.473,1.29896,1.29904
2013.03.11 00:51:15.113,1.299,1.29905
2013.03.11 00:51:15.354,1.29902,1.29907
2013.03.11 00:51:15.593,1.29903,1.29908
2013.03.11 00:51:15.654,1.29903,1.29908
2013.03.11 00:51:15.841,1.29903,1.29908
2013.03.11 00:51:15.905,1.29902,1.29908
2013.03.11 00:51:16.473,1.29902,1.29908
2013.03.11 00:51:16.993,1.29903,1.29909
2013.03.11 00:51:20.092,1.29906,1.2991
2013.03.11 00:51:20.712,1.29905,1.29909
2013.03.11 00:51:23.203,1.29906,1.29909
2013.03.11 00:51:24.026,1.29908,1.29911
2013.03.11 00:51:24.333,1.29909,1.29914
2013.03.11 00:51:25.058,1.29912,1.29914
2013.03.11 00:51:25.200,1.29913,1.29918
2013.03.11 00:51:25.324,1.29913,1.29918
2013.03.11 00:51:25.383,1.29914,1.29918
2013.03.11 00:51:25.745,1.29915,1.2992
2013.03.11 00:51:26.295,1.29918,1.29921
2013.03.11 00:51:26.744,1.29917,1.29921
2013.03.11 00:51:26.803,1.29917,1.29922
2013.03.11 00:51:26.862,1.29918,1.29922
2013.03.11 00:51:27.104,1.29918,1.29927
2013.03.11 00:51:27.163,1.29919,1.29928
2013.03.11 00:51:27.523,1.29923,1.29931
2013.03.11 00:51:27.883,1.29926,1.29932
2013.03.11 00:51:28.313,1.29925,1.29931
2013.03.11 00:51:30.432,1.29923,1.2993
2013.03.11 00:51:30.493,1.29922,1.29929
2013.03.11 00:51:30.673,1.29922,1.29928
2013.03.11 00:51:30.734,1.2992,1.29928
2013.03.11 00:51:30.923,1.29918,1.29927
2013.03.11 00:51:31.105,1.29917,1.29922
2013.03.11 00:51:44.912,1.29916,1.29922
2013.03.11 00:51:45.272,1.29917,1.29924
2013.03.11 00:51:45.392,1.29917,1.29924
2013.03.11 00:51:45.813,1.29918,1.29926
2013.03.11 00:51:46.173,1.29916,1.29923
2013.03.11 00:51:46.972,1.29916,1.29923
2013.03.11 00:51:47.332,1.29918,1.29926
2013.03.11 00:51:47.874,1.29918,1.29926
2013.03.11 00:51:54.224,1.29918,1.29926
2013.03.11 00:51:54.763,1.29917,1.29923
2013.03.11 00:51:55.064,1.29916,1.29924
2013.03.11 00:51:59.193,1.29916,1.29924
2013.03.11 00:52:04.562,1.29916,1.29924
2013.03.11 00:52:04.683,1.29916,1.29923
2013.03.11 00:52:04.863,1.29915,1.29922
2013.03.11 00:52:05.222,1.29913,1.29921
2013.03.11 00:52:05.402,1.29909,1.29918
2013.03.11 00:52:05.651,1.29908,1.29914
2013.03.11 00:52:05.716,1.29907,1.29914
2013.03.11 00:52:05.964,1.29905,1.29913
2013.03.11 00:52:07.368,1.29907,1.29912
2013.03.11 00:52:07.578,1.2991,1.29915
2013.03.11 00:52:07.643,1.29912,1.29917
2013.03.11 00:52:07.704,1.29913,1.29918
2013.03.11 00:52:07.835,1.29913,1.2992
2013.03.11 00:52:08.094,1.29917,1.29923
2013.03.11 00:52:08.212,1.29918,1.29925
2013.03.11 00:52:08.392,1.29918,1.29925
2013.03.11 00:52:09.352,1.29918,1.29925
2013.03.11 00:52:09.892,1.29919,1.29924
2013.03.11 00:52:10.433,1.29919,1.29925
2013.03.11 00:52:16.763,1.29919,1.29925
2013.03.11 00:52:20.703,1.29919,1.29925
2013.03.11 00:52:21.003,1.29921,1.29927
2013.03.11 00:52:21.123,1.29922,1.29928
2013.03.11 00:52:21.482,1.29923,1.29929
2013.03.11 00:52:21.904,1.29923,1.29931
2013.03.11 00:52:22.093,1.29926,1.29933
2013.03.11 00:52:22.512,1.29926,1.29933
2013.03.11 00:52:23.131,1.29926,1.29933
2013.03.11 00:52:23.312,1.29928,1.29934
2013.03.11 00:52:23.860,1.29929,1.29936
2013.03.11 00:52:24.445,1.29929,1.29936
2013.03.11 00:52:25.713,1.29929,1.29935
2013.03.11 00:52:25.952,1.29928,1.29934
2013.03.11 00:52:26.193,1.29928,1.29933
2013.03.11 00:52:27.164,1.29926,1.29933
2013.03.11 00:52:27.613,1.29926,1.2993
2013.03.11 00:52:29.571,1.29925,1.29931
2013.03.11 00:52:30.442,1.29924,1.2993
2013.03.11 00:52:33.716,1.29924,1.29929
2013.03.11 00:52:35.514,1.29925,1.29929
2013.03.11 00:52:36.093,1.29925,1.29931
2013.03.11 00:52:39.612,1.29924,1.29931
2013.03.11 00:52:42.013,1.29924,1.2993
2013.03.11 00:52:42.551,1.29923,1.29929
2013.03.11 00:52:42.862,1.29923,1.2993
2013.03.11 00:52:42.983,1.29925,1.29931
2013.03.11 00:52:43.042,1.29925,1.29932
2013.03.11 00:52:43.164,1.29926,1.29932
2013.03.11 00:52:43.671,1.29925,1.29932
2013.03.11 00:52:44.181,1.29925,1.29932
2013.03.11 00:52:45.881,1.29925,1.29931
2013.03.11 00:52:54.231,1.29925,1.29931
2013.03.11 00:53:00.826,1.29925,1.29933
2013.03.11 00:53:04.752,1.29925,1.29933
2013.03.11 00:53:05.280,1.29928,1.29934
2013.03.11 00:53:05.772,1.29928,1.29934
2013.03.11 00:53:10.291,1.2993,1.29936
2013.03.11 00:53:10.352,1.29929,1.29935
2013.03.11 00:53:10.892,1.29929,1.29934
2013.03.11 00:53:14.272,1.29929,1.29934
2013.03.11 00:53:19.304,1.29928,1.29934
2013.03.11 00:53:19.851,1.2993,1.29935
2013.03.11 00:53:21.432,1.29931,1.29936
2013.03.11 00:53:21.962,1.29931,1.29936
2013.03.11 00:53:29.932,1.29932,1.29938
2013.03.11 00:53:30.313,1.29932,1.29937
2013.03.11 00:53:30.853,1.29932,1.29938
2013.03.11 00:53:30.915,1.29933,1.29939
2013.03.11 00:53:31.223,1.29934,1.29943
2013.03.11 00:53:31.642,1.29936,1.29943
2013.03.11 00:53:32.693,1.29938,1.29944
2013.03.11 00:53:32.754,1.29939,1.29944
2013.03.11 00:53:35.292,1.29937,1.29944
2013.03.11 00:53:39.753,1.29937,1.29943
2013.03.11 00:53:40.902,1.29937,1.29944
2013.03.11 00:53:40.962,1.29937,1.29944
2013.03.11 00:53:41.142,1.29937,1.29944
2013.03.11 00:53:42.029,1.29937,1.29943
2013.03.11 00:53:42.609,1.29937,1.29942
2013.03.11 00:53:43.872,1.29936,1.29942
2013.03.11 00:53:44.412,1.29937,1.29944
2013.03.11 00:53:45.951,1.29937,1.29942
2013.03.11 00:53:54.042,1.29937,1.29944
2013.03.11 00:53:54.103,1.29937,1.29944
2013.03.11 00:54:07.742,1.29937,1.29943
2013.03.11 00:54:08.163,1.29936,1.29942
2013.03.11 00:54:08.463,1.29935,1.29942
2013.03.11 00:54:09.873,1.29935,1.29941
2013.03.11 00:54:13.591,1.29933,1.29939
2013.03.11 00:54:19.062,1.29933,1.29939
2013.03.11 00:54:20.132,1.29933,1.29939
2013.03.11 00:54:20.672,1.2993,1.29936
2013.03.11 00:54:21.982,1.2993,1.29938
2013.03.11 00:54:24.032,1.29934,1.29939
2013.03.11 00:54:26.052,1.29934,1.29939
2013.03.11 00:54:28.933,1.29934,1.29939
2013.03.11 00:54:32.132,1.29933,1.2994
2013.03.11 00:54:32.373,1.29933,1.29941
2013.03.11 00:54:36.623,1.29934,1.29941
2013.03.11 00:54:37.162,1.29935,1.29942
2013.03.11 00:54:39.203,1.29935,1.29942
2013.03.11 00:54:41.062,1.29934,1.2994
2013.03.11 00:54:41.363,1.29933,1.2994
2013.03.11 00:54:41.422,1.29932,1.2994
2013.03.11 00:54:41.666,1.29932,1.29939
2013.03.11 00:54:42.512,1.29932,1.29938
2013.03.11 00:54:42.573,1.29928,1.29935
2013.03.11 00:54:42.753,1.29931,1.29937
2013.03.11 00:54:43.452,1.29931,1.29937
2013.03.11 00:54:46.465,1.29932,1.29939
2013.03.11 00:54:46.533,1.29934,1.29939
2013.03.11 00:54:47.072,1.29934,1.29939
2013.03.11 00:54:47.613,1.29934,1.29939
2013.03.11 00:54:48.033,1.29931,1.29938
2013.03.11 00:54:49.353,1.2993,1.29934
2013.03.11 00:54:49.533,1.29926,1.29933
2013.03.11 00:54:50.076,1.29927,1.29932
2013.03.11 00:54:50.562,1.29928,1.29932
2013.03.11 00:54:53.132,1.29928,1.29932
2013.03.11 00:54:53.253,1.2993,1.29934
2013.03.11 00:54:53.433,1.29931,1.29935
2013.03.11 00:54:53.612,1.29934,1.29936
2013.03.11 00:54:53.913,1.29935,1.29941
2013.03.11 00:54:54.212,1.29937,1.2994
2013.03.11 00:54:54.752,1.29938,1.29941
2013.03.11 00:54:56.102,1.29937,1.2994
2013.03.11 00:54:56.642,1.29935,1.2994
2013.03.11 00:54:59.783,1.29937,1.29939
2013.03.11 00:54:59.905,1.29938,1.29944
2013.03.11 00:54:59.973,1.29939,1.2995
2013.03.11 00:55:00.283,1.2994,1.29947
2013.03.11 00:55:00.405,1.29939,1.29946
2013.03.11 00:55:00.653,1.29939,1.29945
2013.03.11 00:55:01.014,1.29939,1.29943
2013.03.11 00:55:01.133,1.29936,1.29942
2013.03.11 00:55:01.372,1.29936,1.29941
2013.03.11 00:55:01.492,1.29936,1.29942
2013.03.11 00:55:02.033,1.29936,1.29942
2013.03.11 00:55:02.989,1.29934,1.29941
2013.03.11 00:55:03.353,1.29934,1.29941
2013.03.11 00:55:04.703,1.29934,1.29941
2013.03.11 00:55:04.765,1.29934,1.29939
2013.03.11 00:55:04.893,1.29932,1.29939
2013.03.11 00:55:05.433,1.29935,1.29942
2013.03.11 00:55:10.322,1.29935,1.29942
2013.03.11 00:55:27.422,1.29936,1.29942
2013.03.11 00:55:27.724,1.29937,1.29943
2013.03.11 00:55:35.966,1.29937,1.29943
2013.03.11 00:55:38.415,1.29936,1.29942
2013.03.11 00:55:38.603,1.29936,1.29942
2013.03.11 00:55:40.585,1.2994,1.29945
2013.03.11 00:55:40.825,1.29943,1.29949
2013.03.11 00:55:41.134,1.29943,1.29949
2013.03.11 00:55:41.675,1.29943,1.29949
2013.03.11 00:55:42.212,1.29942,1.2995
2013.03.11 00:55:42.753,1.29941,1.29947
2013.03.11 00:55:43.313,1.2994,1.29946
2013.03.11 00:55:45.095,1.29938,1.29945
2013.03.11 00:55:45.164,1.29938,1.29945
2013.03.11 00:55:45.283,1.29936,1.29945
2013.03.11 00:55:45.823,1.29936,1.29944
2013.03.11 00:55:48.902,1.29936,1.29943
2013.03.11 00:55:49.163,1.29936,1.29943
2013.03.11 00:55:49.484,1.29936,1.29944
2013.03.11 00:55:51.253,1.29937,1.29945
2013.03.11 00:55:52.204,1.29937,1.29944
2013.03.11 00:56:01.788,1.29937,1.29943
2013.03.11 00:56:02.098,1.29936,1.2994
2013.03.11 00:56:04.332,1.29936,1.29942
2013.03.11 00:56:06.880,1.29936,1.2994
2013.03.11 00:56:07.062,1.29936,1.29942
2013.03.11 00:56:07.563,1.29936,1.29942
2013.03.11 00:56:07.623,1.29936,1.2994
2013.03.11 00:56:07.865,1.29936,1.29942
2013.03.11 00:56:08.463,1.29936,1.29943
2013.03.11 00:56:08.643,1.29936,1.29943
2013.03.11 00:56:10.313,1.29936,1.29943
2013.03.11 00:56:15.012,1.29936,1.29943
2013.03.11 00:56:15.712,1.29936,1.29943
2013.03.11 00:56:24.763,1.29936,1.29943
2013.03.11 00:56:27.235,1.29936,1.29943
2013.03.11 00:56:36.023,1.29936,1.29943
2013.03.11 00:56:36.563,1.29934,1.29943
2013.03.11 00:56:37.443,1.29935,1.29942
2013.03.11 00:56:42.072,1.29935,1.29941
2013.03.11 00:56:43.420,1.29935,1.29941
2013.03.11 00:56:43.744,1.29934,1.2994
2013.03.11 00:56:43.865,1.29933,1.2994
2013.03.11 00:56:43.934,1.29932,1.29939
2013.03.11 00:56:44.293,1.29931,1.29938
2013.03.11 00:56:44.833,1.2993,1.29937
2013.03.11 00:56:47.694,1.2993,1.29936
2013.03.11 00:56:47.814,1.29929,1.29936
2013.03.11 00:56:50.575,1.29928,1.29935
2013.03.11 00:56:50.702,1.29927,1.29934
2013.03.11 00:56:54.573,1.29926,1.29933
2013.03.11 00:56:55.187,1.29924,1.29931
2013.03.11 00:56:58.002,1.29923,1.29931
2013.03.11 00:56:59.253,1.29923,1.29929
2013.03.11 00:57:05.056,1.29928,1.29931
2013.03.11 00:57:05.127,1.29928,1.29932
2013.03.11 00:57:05.194,1.29928,1.29932
2013.03.11 00:57:05.553,1.29928,1.29935
2013.03.11 00:57:05.675,1.29931,1.29937
2013.03.11 00:57:06.033,1.29933,1.2994
2013.03.11 00:57:06.094,1.29933,1.2994
2013.03.11 00:57:06.574,1.29935,1.29943
2013.03.11 00:57:06.694,1.29935,1.29943
2013.03.11 00:57:07.233,1.29935,1.29943
2013.03.11 00:57:09.404,1.29935,1.29943
2013.03.11 00:57:10.513,1.29936,1.29943
2013.03.11 00:57:12.794,1.29938,1.29944
2013.03.11 00:57:13.215,1.29938,1.29945
2013.03.11 00:57:14.783,1.29939,1.29946
2013.03.11 00:57:15.143,1.29938,1.29946
2013.03.11 00:57:15.504,1.29938,1.29945
2013.03.11 00:57:15.564,1.29937,1.29944
2013.03.11 00:57:26.292,1.29935,1.29943
2013.03.11 00:57:26.915,1.29935,1.29943
2013.03.11 00:57:33.474,1.29935,1.29943
2013.03.11 00:57:35.473,1.29934,1.29939
2013.03.11 00:57:35.776,1.29932,1.29938
2013.03.11 00:57:35.844,1.29931,1.29937
2013.03.11 00:57:36.384,1.29928,1.29935
2013.03.11 00:57:37.813,1.2993,1.29936
2013.03.11 00:57:38.053,1.2993,1.29936
2013.03.11 00:57:38.114,1.2993,1.29936
2013.03.11 00:57:39.114,1.29932,1.29938
2013.03.11 00:57:39.472,1.29935,1.29941
2013.03.11 00:57:39.533,1.29935,1.29941
2013.03.11 00:57:44.685,1.29933,1.29938
2013.03.11 00:57:44.805,1.29931,1.29935
2013.03.11 00:57:44.874,1.29927,1.29934
2013.03.11 00:57:44.993,1.29924,1.29934
2013.03.11 00:57:45.353,1.29924,1.29932
2013.03.11 00:58:04.125,1.29925,1.29931
2013.03.11 00:58:13.714,1.29925,1.29931
2013.03.11 00:58:18.124,1.29925,1.29931
2013.03.11 00:58:19.944,1.29926,1.29932
2013.03.11 00:58:20.604,1.29925,1.29931
2013.03.11 00:58:22.233,1.29925,1.29931
2013.03.11 00:58:22.743,1.29925,1.29931
2013.03.11 00:58:26.776,1.29926,1.29932
2013.03.11 00:58:31.034,1.29926,1.29932
2013.03.11 00:58:31.575,1.29924,1.2993
2013.03.11 00:58:31.775,1.29924,1.29931
2013.03.11 00:58:34.584,1.29924,1.29931
2013.03.11 00:58:34.903,1.29924,1.29929
2013.03.11 00:58:36.723,1.29925,1.2993
2013.03.11 00:58:37.944,1.29925,1.29931
2013.03.11 00:58:38.456,1.29925,1.2993
2013.03.11 00:58:39.017,1.29925,1.2993
2013.03.11 00:58:43.183,1.29925,1.29931
2013.03.11 00:58:44.223,1.29925,1.29931
2013.03.11 00:58:46.002,1.29925,1.29931
2013.03.11 00:58:47.353,1.29925,1.2993
2013.03.11 00:58:48.116,1.29923,1.2993
2013.03.11 00:58:48.732,1.29924,1.2993
2013.03.11 00:59:01.365,1.29924,1.2993
2013.03.11 00:59:01.973,1.29924,1.2993
2013.03.11 00:59:05.515,1.29924,1.29931
2013.03.11 00:59:08.594,1.29924,1.2993
2013.03.11 00:59:13.523,1.29925,1.29929
2013.03.11 00:59:35.892,1.29925,1.2993
2013.03.11 00:59:40.402,1.29925,1.29931
2013.03.11 00:59:44.572,1.29925,1.29932
2013.03.11 00:59:44.752,1.29925,1.29932
2013.03.11 00:59:45.294,1.29927,1.29932
2013.03.11 00:59:46.453,1.29927,1.29932
2013.03.11 00:59:48.734,1.29927,1.29932
2013.03.11 00:59:48.797,1.29928,1.29935
2013.03.11 00:59:49.043,1.2993,1.29935
2013.03.11 00:59:49.463,1.29931,1.29936
2013.03.11 00:59:50.412,1.29931,1.29936
2013.03.11 00:59:50.663,1.29932,1.29939
2013.03.11 00:59:50.843,1.29933,1.29939
2013.03.11 00:59:51.203,1.29935,1.29943
2013.03.11 00:59:51.503,1.29935,1.29942
2013.03.11 00:59:52.007,1.29938,1.29942
2013.03.11 00:59:52.544,1.29938,1.29942
2013.03.11 00:59:53.543,1.29935,1.29943
2013.03.11 00:59:54.060,1.29935,1.29941
2013.03.11 01:00:00.663,1.29935,1.29941
2013.03.11 01:00:01.084,1.29933,1.29941
2013.03.11 01:00:01.206,1.29933,1.29939
2013.03.11 01:00:01.455,1.29931,1.29939
2013.03.11 01:00:01.527,1.2993,1.29938
2013.03.11 01:00:01.657,1.2993,1.29937
2013.03.11 01:00:02.085,1.29929,1.29936
2013.03.11 01:00:02.698,1.29929,1.29934
2013.03.11 01:00:03.006,1.29928,1.29934
2013.03.11 01:00:03.553,1.29927,1.29933
2013.03.11 01:00:04.273,1.29926,1.29932
2013.03.11 01:00:04.844,1.29923,1.29929
2013.03.11 01:00:05.553,1.29923,1.29929
2013.03.11 01:00:07.494,1.29922,1.29928
2013.03.11 01:00:08.763,1.29922,1.29928
2013.03.11 01:00:09.103,1.29922,1.29928
2013.03.11 01:00:10.464,1.29922,1.29928
2013.03.11 01:00:11.013,1.29922,1.2993
2013.03.11 01:00:14.324,1.29922,1.2993
2013.03.11 01:00:16.473,1.29922,1.2993
2013.03.11 01:00:24.513,1.29923,1.29929
2013.03.11 01:00:26.203,1.29922,1.29928
2013.03.11 01:00:26.264,1.29923,1.29927
2013.03.11 01:00:26.443,1.29922,1.29927
2013.03.11 01:00:26.624,1.29919,1.29926
2013.03.11 01:00:26.804,1.29916,1.29923
2013.03.11 01:00:27.124,1.29916,1.29921
2013.03.11 01:00:28.383,1.29917,1.29922
2013.03.11 01:00:29.383,1.29916,1.29922
2013.03.11 01:00:30.303,1.29916,1.29922
2013.03.11 01:00:30.843,1.29915,1.29919
2013.03.11 01:00:37.335,1.29914,1.2992
2013.03.11 01:00:37.694,1.29913,1.29919
2013.03.11 01:00:38.055,1.29913,1.29918
2013.03.11 01:00:38.183,1.2991,1.29916
2013.03.11 01:00:38.423,1.2991,1.29916
2013.03.11 01:00:38.543,1.2991,1.29916
2013.03.11 01:00:39.082,1.29908,1.29916
2013.03.11 01:00:47.537,1.29912,1.29918
2013.03.11 01:00:50.234,1.29912,1.29918
2013.03.11 01:00:50.777,1.29912,1.29918
2013.03.11 01:00:55.713,1.29913,1.29918
2013.03.11 01:01:03.167,1.29913,1.29917
2013.03.11 01:01:39.223,1.29912,1.29919
2013.03.11 01:01:45.322,1.29912,1.2992
2013.03.11 01:02:04.705,1.29913,1.29919
2013.03.11 01:02:22.557,1.29913,1.29919
2013.03.11 01:02:22.803,1.29913,1.29919
2013.03.11 01:02:23.733,1.29913,1.29921
2013.03.11 01:02:27.414,1.29914,1.29921
2013.03.11 01:02:27.593,1.29915,1.29922
2013.03.11 01:02:31.634,1.29915,1.29921
2013.03.11 01:02:38.754,1.29914,1.29921
2013.03.11 01:02:49.764,1.29914,1.29919
2013.03.11 01:02:52.382,1.29915,1.2992
2013.03.11 01:02:52.855,1.29916,1.29921
2013.03.11 01:02:53.683,1.29916,1.29921
2013.03.11 01:02:59.444,1.29917,1.29922
2013.03.11 01:02:59.683,1.29916,1.29922
2013.03.11 01:03:00.223,1.29918,1.29924
2013.03.11 01:03:01.182,1.29919,1.29924
2013.03.11 01:03:01.735,1.29918,1.29924
2013.03.11 01:03:07.493,1.29917,1.29922
2013.03.11 01:03:08.034,1.29916,1.2992
2013.03.11 01:03:08.093,1.29916,1.2992
2013.03.11 01:03:10.214,1.29913,1.2992
2013.03.11 01:03:10.677,1.29912,1.2992
2013.03.11 01:03:11.223,1.29912,1.29918
2013.03.11 01:03:11.706,1.29909,1.29915
2013.03.11 01:03:11.764,1.29908,1.29914
2013.03.11 01:03:11.944,1.29907,1.29912
2013.03.11 01:03:12.504,1.29905,1.2991
2013.03.11 01:03:18.493,1.29907,1.29911
2013.03.11 01:03:23.693,1.29907,1.29912
2013.03.11 01:03:24.262,1.29907,1.29912
2013.03.11 01:03:35.895,1.29907,1.29913
2013.03.11 01:03:45.354,1.29907,1.29913
2013.03.11 01:03:46.803,1.29908,1.29913
2013.03.11 01:03:47.042,1.29906,1.29915
2013.03.11 01:03:47.224,1.29909,1.29913
2013.03.11 01:03:47.789,1.29905,1.29913
2013.03.11 01:03:48.385,1.29908,1.29913
2013.03.11 01:03:49.693,1.29909,1.29914
2013.03.11 01:03:53.016,1.29905,1.29912
2013.03.11 01:03:53.148,1.29904,1.29912
2013.03.11 01:03:53.704,1.29903,1.2991
2013.03.11 01:03:54.470,1.29904,1.2991
2013.03.11 01:03:55.145,1.29904,1.29911
2013.03.11 01:03:57.206,1.29904,1.2991
2013.03.11 01:03:57.405,1.29903,1.29909
2013.03.11 01:03:57.585,1.299,1.29907
2013.03.11 01:03:57.944,1.29903,1.29908
2013.03.11 01:04:00.594,1.29903,1.29909
2013.03.11 01:04:03.925,1.29903,1.2991
2013.03.11 01:04:03.985,1.29906,1.29911
2013.03.11 01:04:07.414,1.29906,1.29912
2013.03.11 01:04:07.954,1.29904,1.29911
2013.03.11 01:04:08.013,1.29903,1.29911
2013.03.11 01:04:18.446,1.29902,1.29908
2013.03.11 01:04:18.624,1.29901,1.29908
2013.03.11 01:04:18.985,1.29901,1.29905
2013.03.11 01:04:19.524,1.29901,1.29905
2013.03.11 01:04:20.986,1.299,1.29905
2013.03.11 01:04:25.836,1.299,1.29907
2013.03.11 01:04:26.384,1.29902,1.29907
2013.03.11 01:04:26.743,1.29902,1.29911
2013.03.11 01:04:28.854,1.29904,1.29911
2013.03.11 01:04:32.523,1.29906,1.29912
2013.03.11 01:04:32.704,1.29906,1.29913
2013.03.11 01:04:32.764,1.29906,1.29913
2013.03.11 01:04:32.944,1.29906,1.29913
2013.03.11 01:04:35.192,1.29906,1.29914
2013.03.11 01:04:35.714,1.29908,1.29915
2013.03.11 01:04:35.955,1.29911,1.29917
2013.03.11 01:04:36.014,1.29911,1.29917
2013.03.11 01:04:36.207,1.2991,1.29915
2013.03.11 01:04:36.513,1.29907,1.29914
2013.03.11 01:04:48.874,1.29906,1.29913
2013.03.11 01:04:59.056,1.29905,1.29913
2013.03.11 01:04:59.574,1.29907,1.29913
2013.03.11 01:05:00.194,1.29908,1.29915
2013.03.11 01:05:01.876,1.29908,1.29914
2013.03.11 01:05:02.438,1.29907,1.29914
2013.03.11 01:05:08.766,1.2991,1.29914
2013.03.11 01:05:09.006,1.29909,1.29916
2013.03.11 01:05:09.064,1.29909,1.29917
2013.03.11 01:05:09.186,1.2991,1.29917
2013.03.11 01:05:09.315,1.29911,1.29918
2013.03.11 01:05:09.375,1.2991,1.2992
2013.03.11 01:05:09.914,1.29912,1.2992
2013.03.11 01:05:12.614,1.29914,1.29919
2013.03.11 01:05:12.854,1.29914,1.2992
2013.03.11 01:05:13.704,1.29917,1.29924
2013.03.11 01:05:13.824,1.29917,1.29923
2013.03.11 01:05:14.444,1.29916,1.29922
2013.03.11 01:05:14.984,1.29917,1.29923
2013.03.11 01:05:16.456,1.29917,1.29923
2013.03.11 01:05:23.034,1.29917,1.29924
2013.03.11 01:05:28.936,1.29917,1.29924
2013.03.11 01:05:37.994,1.29917,1.29924
2013.03.11 01:05:45.014,1.29917,1.29924
2013.03.11 01:05:53.735,1.29917,1.29924
2013.03.11 01:05:54.556,1.29917,1.29924
2013.03.11 01:06:02.021,1.29917,1.29924
2013.03.11 01:06:04.132,1.29918,1.29924
2013.03.11 01:06:14.083,1.29918,1.29924
2013.03.11 01:06:16.636,1.29918,1.29924
2013.03.11 01:06:23.264,1.29918,1.29924
2013.03.11 01:06:28.076,1.29918,1.29924
2013.03.11 01:06:30.864,1.29917,1.29924
2013.03.11 01:06:33.394,1.29916,1.29922
2013.03.11 01:06:35.074,1.29916,1.29922
2013.03.11 01:06:37.248,1.29917,1.29922
2013.03.11 01:06:40.576,1.29917,1.29922
2013.03.11 01:06:43.510,1.29917,1.29923
2013.03.11 01:06:48.400,1.29917,1.29923
2013.03.11 01:06:51.286,1.29916,1.29922
2013.03.11 01:06:52.624,1.29916,1.29921
2013.03.11 01:06:54.274,1.29915,1.29921
2013.03.11 01:06:57.164,1.29915,1.29921
2013.03.11 01:07:23.035,1.29914,1.2992
2013.03.11 01:07:51.095,1.29911,1.2992
2013.03.11 01:07:58.434,1.29912,1.2992
2013.03.11 01:07:58.734,1.29914,1.2992
2013.03.11 01:07:59.275,1.29915,1.29922
2013.03.11 01:08:00.315,1.29915,1.29922
2013.03.11 01:08:03.743,1.29915,1.29921
2013.03.11 01:08:05.693,1.29915,1.29921
2013.03.11 01:08:06.096,1.29915,1.29921
2013.03.11 01:08:06.715,1.29917,1.29922
2013.03.11 01:08:10.244,1.29916,1.29922
2013.03.11 01:08:10.775,1.29918,1.29924
2013.03.11 01:08:11.136,1.29918,1.29924
2013.03.11 01:08:11.375,1.29916,1.29922
2013.03.11 01:08:11.894,1.29916,1.29922
2013.03.11 01:08:12.600,1.29917,1.29922
2013.03.11 01:08:12.727,1.29919,1.29926
2013.03.11 01:08:12.854,1.29921,1.29928
2013.03.11 01:08:12.976,1.29925,1.29929
2013.03.11 01:08:13.524,1.29925,1.29929
2013.03.11 01:08:13.585,1.29925,1.29933
2013.03.11 01:08:13.764,1.29926,1.29932
2013.03.11 01:08:24.575,1.29927,1.29933
2013.03.11 01:08:31.244,1.29927,1.29933
2013.03.11 01:08:37.956,1.29927,1.29932
2013.03.11 01:08:48.349,1.29927,1.29932
2013.03.11 01:08:50.782,1.29925,1.29932
2013.03.11 01:08:59.354,1.29925,1.29933
2013.03.11 01:09:00.597,1.29925,1.29932
2013.03.11 01:09:02.185,1.29925,1.29931
2013.03.11 01:09:03.950,1.29925,1.29931
2013.03.11 01:09:17.514,1.29927,1.29931
2013.03.11 01:09:18.113,1.29926,1.29932
2013.03.11 01:09:28.034,1.29925,1.29931
2013.03.11 01:09:28.094,1.29925,1.29931
2013.03.11 01:09:28.394,1.29925,1.29931
2013.03.11 01:09:28.575,1.29925,1.29931
2013.03.11 01:09:28.814,1.29925,1.29932
2013.03.11 01:09:29.375,1.29925,1.29932
2013.03.11 01:09:31.675,1.29925,1.29931
2013.03.11 01:09:56.164,1.29925,1.2993
2013.03.11 01:09:57.854,1.29924,1.2993
2013.03.11 01:10:11.674,1.29925,1.2993
2013.03.11 01:10:26.535,1.29924,1.2993
2013.03.11 01:10:29.975,1.29924,1.2993
2013.03.11 01:10:33.815,1.29925,1.2993
2013.03.11 01:10:34.354,1.29925,1.2993
2013.03.11 01:10:34.655,1.29927,1.29933
2013.03.11 01:10:35.015,1.29927,1.29933
2013.03.11 01:10:37.365,1.29926,1.29933
2013.03.11 01:10:37.424,1.29926,1.29934
2013.03.11 01:10:37.964,1.29926,1.29934
2013.03.11 01:10:38.493,1.29925,1.29934
2013.03.11 01:10:39.454,1.29926,1.29934
2013.03.11 01:10:41.054,1.29925,1.29933
2013.03.11 01:10:42.775,1.29925,1.29933
2013.03.11 01:10:43.364,1.29924,1.29933
2013.03.11 01:10:44.334,1.29925,1.29933
2013.03.11 01:10:45.025,1.29926,1.29931
2013.03.11 01:10:45.385,1.29925,1.2993
2013.03.11 01:10:45.458,1.29926,1.2993
2013.03.11 01:10:46.022,1.29925,1.2993
2013.03.11 01:10:47.224,1.29924,1.2993
2013.03.11 01:10:48.604,1.29925,1.29931
2013.03.11 01:10:49.264,1.29924,1.2993
2013.03.11 01:11:12.354,1.29926,1.2993
2013.03.11 01:11:14.214,1.29925,1.2993
2013.03.11 01:11:14.755,1.29925,1.2993
2013.03.11 01:11:15.304,1.29925,1.2993
2013.03.11 01:11:16.436,1.29925,1.2993
2013.03.11 01:11:16.975,1.29924,1.2993
2013.03.11 01:11:19.029,1.29924,1.29929
2013.03.11 01:11:19.242,1.29923,1.29929
2013.03.11 01:11:19.366,1.29923,1.29928
2013.03.11 01:11:19.436,1.29922,1.29927
2013.03.11 01:11:20.177,1.29922,1.29926
2013.03.11 01:11:20.258,1.29921,1.29926
2013.03.11 01:11:20.646,1.2992,1.29926
2013.03.11 01:11:20.826,1.29919,1.29926
2013.03.11 01:11:20.955,1.29919,1.29925
2013.03.11 01:11:21.016,1.29918,1.29924
2013.03.11 01:11:21.256,1.29918,1.29923
2013.03.11 01:11:21.436,1.29917,1.29922
2013.03.11 01:11:21.986,1.29917,1.29921
2013.03.11 01:11:22.115,1.29916,1.29921
2013.03.11 01:11:22.656,1.29915,1.29921
2013.03.11 01:11:23.575,1.29914,1.2992
2013.03.11 01:11:24.145,1.29914,1.29919
2013.03.11 01:11:25.804,1.29912,1.29919
2013.03.11 01:11:26.045,1.29913,1.29917
2013.03.11 01:11:26.285,1.29912,1.29917
2013.03.11 01:11:26.404,1.29911,1.29917
2013.03.11 01:11:26.525,1.2991,1.29916
2013.03.11 01:11:26.704,1.29909,1.29915
2013.03.11 01:11:27.065,1.29909,1.29913
2013.03.11 01:11:27.604,1.29909,1.29912
2013.03.11 01:11:28.144,1.29908,1.29911
2013.03.11 01:11:28.704,1.29904,1.29908
2013.03.11 01:11:31.958,1.29905,1.29908
2013.03.11 01:11:33.195,1.29904,1.29909
2013.03.11 01:11:33.987,1.29903,1.29909
2013.03.11 01:11:35.354,1.29904,1.29909
2013.03.11 01:11:35.475,1.29904,1.29909
2013.03.11 01:11:36.013,1.29905,1.2991
2013.03.11 01:11:36.315,1.29905,1.29911
2013.03.11 01:11:36.495,1.29906,1.29914
2013.03.11 01:11:36.675,1.29908,1.29916
2013.03.11 01:11:36.796,1.2991,1.29916
2013.03.11 01:11:37.098,1.2991,1.29917
2013.03.11 01:11:37.285,1.2991,1.29918
2013.03.11 01:11:37.643,1.29911,1.29919
2013.03.11 01:11:38.184,1.29912,1.2992
2013.03.11 01:11:40.624,1.29916,1.29923
2013.03.11 01:11:41.284,1.29916,1.29923
2013.03.11 01:11:42.336,1.29915,1.29923
2013.03.11 01:11:42.885,1.29916,1.29923
2013.03.11 01:11:44.565,1.29919,1.29924
2013.03.11 01:11:44.927,1.29918,1.29927
2013.03.11 01:11:44.994,1.2992,1.29926
2013.03.11 01:11:45.115,1.2992,1.29928
2013.03.11 01:11:45.235,1.29921,1.29929
2013.03.11 01:11:45.535,1.29924,1.29929
2013.03.11 01:11:45.655,1.29923,1.29929
2013.03.11 01:11:45.715,1.29922,1.29928
2013.03.11 01:11:45.835,1.29922,1.29928
2013.03.11 01:11:46.375,1.29923,1.2993
2013.03.11 01:11:46.916,1.29922,1.29929
2013.03.11 01:11:47.425,1.29923,1.29929
2013.03.11 01:11:52.245,1.29922,1.29929
2013.03.11 01:11:52.546,1.29921,1.29928
2013.03.11 01:11:53.057,1.29924,1.29931
2013.03.11 01:11:59.334,1.29924,1.29931
2013.03.11 01:12:00.125,1.29924,1.29932
2013.03.11 01:12:00.681,1.29924,1.29931
2013.03.11 01:12:07.255,1.29924,1.29931
2013.03.11 01:12:07.496,1.29923,1.2993
2013.03.11 01:12:07.615,1.29923,1.2993
2013.03.11 01:12:07.975,1.29922,1.2993
2013.03.11 01:12:08.035,1.29922,1.2993
2013.03.11 01:12:08.275,1.29923,1.2993
2013.03.11 01:12:09.139,1.29924,1.2993
2013.03.11 01:12:09.794,1.29924,1.29931
2013.03.11 01:12:13.354,1.29924,1.29931
2013.03.11 01:12:14.237,1.29924,1.29932
2013.03.11 01:12:18.695,1.29924,1.29931
2013.03.11 01:12:21.336,1.29924,1.29931
2013.03.11 01:12:29.586,1.29924,1.29931
2013.03.11 01:12:29.646,1.29923,1.29927
2013.03.11 01:12:29.948,1.29921,1.29925
2013.03.11 01:12:30.196,1.29918,1.29925
2013.03.11 01:12:30.497,1.29918,1.29923
2013.03.11 01:12:36.585,1.29916,1.29921
2013.03.11 01:12:36.765,1.29916,1.29919
2013.03.11 01:12:36.885,1.29914,1.29919
2013.03.11 01:12:37.127,1.29914,1.29918
2013.03.11 01:12:37.676,1.29912,1.29918
2013.03.11 01:12:38.196,1.29912,1.29918
2013.03.11 01:12:41.465,1.29911,1.29917
2013.03.11 01:12:41.526,1.29914,1.29918
2013.03.11 01:12:41.596,1.29912,1.29918
2013.03.11 01:12:43.096,1.29909,1.29914
2013.03.11 01:12:47.685,1.29909,1.29915
2013.03.11 01:12:50.196,1.29909,1.29914
2013.03.11 01:12:50.558,1.29907,1.29914
2013.03.11 01:12:50.627,1.29907,1.29912
2013.03.11 01:12:51.115,1.29907,1.29911
2013.03.11 01:12:52.145,1.29907,1.29912
2013.03.11 01:12:52.984,1.29907,1.29911
2013.03.11 01:12:53.675,1.29906,1.2991
2013.03.11 01:13:04.806,1.29906,1.29912
2013.03.11 01:13:04.924,1.29907,1.29913
2013.03.11 01:13:05.045,1.29908,1.29914
2013.03.11 01:13:05.824,1.29909,1.29915
2013.03.11 01:13:05.885,1.29908,1.29913
2013.03.11 01:13:06.484,1.29908,1.29912
2013.03.11 01:13:06.786,1.29906,1.29909
2013.03.11 01:13:07.358,1.29904,1.29909
2013.03.11 01:13:10.375,1.29904,1.2991
2013.03.11 01:13:10.616,1.29903,1.2991
2013.03.11 01:13:10.812,1.29902,1.29909
2013.03.11 01:13:10.996,1.29901,1.29908
2013.03.11 01:13:11.558,1.29901,1.29907
2013.03.11 01:13:12.105,1.299,1.29906
2013.03.11 01:13:12.834,1.29899,1.29906
2013.03.11 01:13:13.906,1.29896,1.29902
2013.03.11 01:13:14.027,1.29898,1.29904
2013.03.11 01:13:14.095,1.299,1.29906
2013.03.11 01:13:14.215,1.29901,1.29908
2013.03.11 01:13:14.276,1.29902,1.29908
2013.03.11 01:13:14.457,1.29905,1.29911
2013.03.11 01:13:14.996,1.29905,1.29911
2013.03.11 01:13:15.546,1.29906,1.29912
2013.03.11 01:13:16.335,1.29908,1.29915
2013.03.11 01:13:16.888,1.29909,1.29915
2013.03.11 01:13:17.027,1.29911,1.29915
2013.03.11 01:13:17.155,1.29913,1.29919
2013.03.11 01:13:17.216,1.29914,1.2992
2013.03.11 01:13:17.339,1.29917,1.29922
2013.03.11 01:13:17.406,1.29915,1.29922
2013.03.11 01:13:17.785,1.29917,1.29923
2013.03.11 01:13:21.434,1.29918,1.29924
2013.03.11 01:13:24.021,1.29917,1.29924
2013.03.11 01:13:24.696,1.29918,1.29925
2013.03.11 01:13:24.754,1.29918,1.29925
2013.03.11 01:13:32.716,1.29918,1.29923
2013.03.11 01:13:32.895,1.29917,1.29923
2013.03.11 01:13:33.374,1.29916,1.2992
2013.03.11 01:13:34.110,1.29913,1.2992
2013.03.11 01:13:34.427,1.29916,1.29921
2013.03.11 01:13:34.991,1.29914,1.2992
2013.03.11 01:13:35.128,1.29914,1.29919
2013.03.11 01:13:35.616,1.29916,1.2992
2013.03.11 01:13:35.917,1.29916,1.2992
2013.03.11 01:13:36.109,1.29914,1.29918
2013.03.11 01:13:36.297,1.29913,1.29917
2013.03.11 01:13:36.605,1.29911,1.29917
2013.03.11 01:13:36.906,1.29909,1.29914
2013.03.11 01:13:37.565,1.29908,1.29912
2013.03.11 01:13:39.135,1.29908,1.29914
2013.03.11 01:13:44.209,1.29911,1.29915
2013.03.11 01:13:44.455,1.29912,1.29919
2013.03.11 01:13:44.815,1.29916,1.29918
2013.03.11 01:13:45.355,1.29917,1.2992
2013.03.11 01:13:47.037,1.29917,1.29921
2013.03.11 01:13:47.760,1.29917,1.29921
2013.03.11 01:13:47.826,1.29917,1.29925
2013.03.11 01:13:48.375,1.29917,1.29924
2013.03.11 01:13:58.665,1.29917,1.29924
2013.03.11 01:14:01.636,1.29915,1.29923
2013.03.11 01:14:03.275,1.2992,1.29923
2013.03.11 01:14:03.455,1.2992,1.29924
2013.03.11 01:14:03.516,1.2992,1.29924
2013.03.11 01:14:03.816,1.29923,1.29928
2013.03.11 01:14:03.876,1.29923,1.29929
2013.03.11 01:14:04.055,1.29924,1.29932
2013.03.11 01:14:06.063,1.29926,1.29932
2013.03.11 01:14:06.629,1.29926,1.29932
2013.03.11 01:14:07.184,1.29924,1.29931
2013.03.11 01:14:08.835,1.29923,1.29928
2013.03.11 01:14:09.018,1.2992,1.2993
2013.03.11 01:14:09.090,1.2992,1.29928
2013.03.11 01:14:09.585,1.2992,1.29926
2013.03.11 01:14:11.647,1.29919,1.29926
2013.03.11 01:14:12.834,1.29919,1.29925
2013.03.11 01:14:13.426,1.29918,1.29924
2013.03.11 01:14:15.354,1.29915,1.29921
2013.03.11 01:14:15.927,1.29914,1.29921
2013.03.11 01:14:15.994,1.29914,1.29921
2013.03.11 01:14:16.534,1.29915,1.29921
2013.03.11 01:14:21.366,1.29915,1.29922
2013.03.11 01:14:22.886,1.29915,1.29922
2013.03.11 01:14:23.196,1.29917,1.29924
2013.03.11 01:14:24.175,1.29917,1.29923
2013.03.11 01:14:32.648,1.29918,1.29924
2013.03.11 01:14:32.716,1.29917,1.29923
2013.03.11 01:14:37.556,1.29917,1.29924
2013.03.11 01:14:56.935,1.29917,1.29923
2013.03.11 01:15:02.941,1.29917,1.29924
2013.03.11 01:15:08.116,1.2992,1.29925
2013.03.11 01:15:08.295,1.29923,1.29929
2013.03.11 01:15:08.535,1.29924,1.29933
2013.03.11 01:15:09.896,1.29925,1.29931
2013.03.11 01:15:20.156,1.29926,1.29932
2013.03.11 01:15:20.215,1.29926,1.29932
2013.03.11 01:15:20.395,1.29928,1.29934
2013.03.11 01:15:21.889,1.29929,1.29935
2013.03.11 01:15:26.994,1.2993,1.29935
2013.03.11 01:15:31.454,1.29929,1.29934
2013.03.11 01:15:31.996,1.29926,1.29932
2013.03.11 01:15:32.055,1.29924,1.2993
2013.03.11 01:15:32.596,1.29924,1.2993
2013.03.11 01:15:33.155,1.29924,1.2993
2013.03.11 01:15:33.951,1.29924,1.2993
2013.03.11 01:15:34.705,1.29924,1.29931
2013.03.11 01:15:35.215,1.29924,1.29931
2013.03.11 01:15:35.755,1.29923,1.2993
2013.03.11 01:15:39.606,1.29924,1.29931
2013.03.11 01:15:42.255,1.29924,1.29931
2013.03.11 01:15:42.435,1.29923,1.29929
2013.03.11 01:15:42.995,1.29922,1.29929
2013.03.11 01:15:48.114,1.29922,1.29929
2013.03.11 01:15:49.905,1.29922,1.29929
2013.03.11 01:15:50.548,1.29923,1.29928
2013.03.11 01:15:51.385,1.29923,1.29931
2013.03.11 01:15:53.057,1.29923,1.29931
2013.03.11 01:15:53.296,1.29923,1.29931
2013.03.11 01:15:53.824,1.29923,1.29931
2013.03.11 01:15:55.856,1.29923,1.29931
2013.03.11 01:15:56.689,1.29926,1.29932
2013.03.11 01:15:57.056,1.29928,1.29933
2013.03.11 01:16:00.309,1.29926,1.29933
2013.03.11 01:16:00.855,1.29926,1.29933
2013.03.11 01:16:02.406,1.29927,1.29931
2013.03.11 01:16:09.576,1.29926,1.29932
2013.03.11 01:16:11.965,1.29926,1.29932
2013.03.11 01:16:16.408,1.29926,1.29932
2013.03.11 01:16:16.955,1.29926,1.29932
2013.03.11 01:16:26.662,1.29927,1.29933
2013.03.11 01:16:27.184,1.29927,1.29932
2013.03.11 01:16:29.005,1.29927,1.29932
2013.03.11 01:16:36.074,1.29927,1.29932
2013.03.11 01:16:40.098,1.29928,1.29934
2013.03.11 01:16:40.286,1.29931,1.29934
2013.03.11 01:16:40.407,1.29933,1.29939
2013.03.11 01:16:40.537,1.29933,1.29938
2013.03.11 01:16:40.714,1.29933,1.2994
2013.03.11 01:16:49.295,1.29933,1.29939
2013.03.11 01:16:54.937,1.29933,1.29939
2013.03.11 01:16:55.484,1.29936,1.29941
2013.03.11 01:16:57.934,1.29936,1.29942
2013.03.11 01:16:58.265,1.29936,1.29941
2013.03.11 01:16:58.939,1.29932,1.29939
2013.03.11 01:16:59.487,1.29933,1.29938
2013.03.11 01:17:00.037,1.29932,1.29937
2013.03.11 01:17:00.575,1.29932,1.29939
2013.03.11 01:17:00.755,1.29932,1.29939
2013.03.11 01:17:07.445,1.29933,1.29939
2013.03.11 01:17:07.565,1.29933,1.29939
2013.03.11 01:17:24.795,1.29932,1.29939
2013.03.11 01:17:26.495,1.29932,1.29939
2013.03.11 01:17:26.676,1.29931,1.29937
2013.03.11 01:17:27.216,1.29931,1.29936
2013.03.11 01:17:27.285,1.29931,1.29935
2013.03.11 01:17:29.235,1.29929,1.29935
2013.03.11 01:17:29.417,1.29928,1.29933
2013.03.11 01:17:30.110,1.29928,1.29933
2013.03.11 01:17:34.306,1.29929,1.29935
2013.03.11 01:17:34.486,1.2993,1.29936
2013.03.11 01:17:34.546,1.2993,1.29936
2013.03.11 01:17:51.095,1.29931,1.29936
2013.03.11 01:17:56.445,1.29931,1.29936
2013.03.11 01:18:01.845,1.29931,1.29937
2013.03.11 01:18:08.565,1.29931,1.29937
2013.03.11 01:18:11.087,1.29931,1.29937
2013.03.11 01:18:13.086,1.29931,1.29937
2013.03.11 01:18:45.397,1.29931,1.29937
2013.03.11 01:18:45.935,1.29934,1.29939
2013.03.11 01:18:49.146,1.29934,1.29939
2013.03.11 01:18:49.685,1.29935,1.29941
2013.03.11 01:18:50.215,1.29934,1.29941
2013.03.11 01:18:51.125,1.29934,1.29941
2013.03.11 01:18:52.505,1.29934,1.29938
2013.03.11 01:19:04.305,1.29934,1.29938
2013.03.11 01:19:05.138,1.29936,1.29938
2013.03.11 01:19:09.485,1.29936,1.29938
2013.03.11 01:19:12.486,1.29935,1.29938
2013.03.11 01:19:12.866,1.29935,1.29938
2013.03.11 01:19:17.446,1.29936,1.29937
2013.03.11 01:19:19.725,1.29934,1.29938
2013.03.11 01:19:21.745,1.29934,1.29938
2013.03.11 01:19:21.866,1.29935,1.2994
2013.03.11 01:19:21.986,1.29935,1.2994
2013.03.11 01:19:22.285,1.29935,1.29941
2013.03.11 01:19:24.346,1.29936,1.29943
2013.03.11 01:19:24.987,1.29936,1.29943
2013.03.11 01:19:25.307,1.29941,1.29945
2013.03.11 01:19:25.666,1.29941,1.29947
2013.03.11 01:19:25.786,1.29945,1.2995
2013.03.11 01:19:25.965,1.29945,1.29952
2013.03.11 01:19:26.088,1.29945,1.29952
2013.03.11 01:19:26.631,1.29945,1.2995
2013.03.11 01:19:27.387,1.29945,1.29952
2013.03.11 01:19:27.445,1.29945,1.29952
2013.03.11 01:19:27.975,1.29945,1.29952
2013.03.11 01:19:28.615,1.29944,1.29952
2013.03.11 01:19:28.936,1.29944,1.2995
2013.03.11 01:19:31.896,1.29944,1.2995
2013.03.11 01:19:31.955,1.29945,1.29952
2013.03.11 01:19:32.495,1.29945,1.29952
2013.03.11 01:19:32.556,1.29945,1.29951
2013.03.11 01:19:34.108,1.29945,1.29951
2013.03.11 01:19:34.235,1.29945,1.29951
2013.03.11 01:19:34.356,1.29945,1.29953
2013.03.11 01:19:34.657,1.29945,1.2995
2013.03.11 01:19:35.016,1.29947,1.29952
2013.03.11 01:19:35.195,1.29945,1.29952
2013.03.11 01:19:35.256,1.29948,1.29952
2013.03.11 01:19:41.255,1.29948,1.29952
2013.03.11 01:19:42.477,1.29948,1.29952
2013.03.11 01:19:43.138,1.29948,1.29952
2013.03.11 01:19:43.507,1.29946,1.29952
2013.03.11 01:19:44.096,1.29944,1.29952
2013.03.11 01:19:45.565,1.29944,1.29952
2013.03.11 01:19:46.126,1.29944,1.29952
2013.03.11 01:19:51.047,1.29944,1.29952
2013.03.11 01:19:58.118,1.29945,1.29953
2013.03.11 01:19:58.631,1.29946,1.29953
2013.03.11 01:19:59.517,1.29944,1.29953
2013.03.11 01:20:00.065,1.29944,1.29953
2013.03.11 01:20:01.619,1.29944,1.29953
2013.03.11 01:20:01.805,1.29944,1.29953
2013.03.11 01:20:03.045,1.29944,1.29953
2013.03.11 01:20:03.555,1.29943,1.29953
2013.03.11 01:20:04.815,1.29943,1.29952
2013.03.11 01:20:04.876,1.29943,1.29951
2013.03.11 01:20:05.119,1.29941,1.29948
2013.03.11 01:20:05.367,1.29941,1.29947
2013.03.11 01:20:05.906,1.29942,1.29948
2013.03.11 01:20:07.336,1.29941,1.29946
2013.03.11 01:20:08.206,1.29941,1.29946
2013.03.11 01:20:10.937,1.29941,1.29948
2013.03.11 01:20:11.475,1.29944,1.29951
2013.03.11 01:20:11.776,1.29944,1.29951
2013.03.11 01:20:12.332,1.29943,1.29949
2013.03.11 01:20:12.476,1.29942,1.29949
2013.03.11 01:20:12.598,1.29941,1.29948
2013.03.11 01:20:12.716,1.29941,1.29947
2013.03.11 01:20:12.957,1.29941,1.29947
2013.03.11 01:20:13.256,1.29941,1.29947
2013.03.11 01:20:14.256,1.29941,1.29945
2013.03.11 01:20:14.332,1.29939,1.29945
2013.03.11 01:20:14.876,1.29939,1.29945
2013.03.11 01:20:15.083,1.29939,1.29947
2013.03.11 01:20:16.796,1.29942,1.29947
2013.03.11 01:20:17.036,1.29938,1.29944
2013.03.11 01:20:17.097,1.29938,1.29944
2013.03.11 01:20:18.536,1.29942,1.29945
2013.03.11 01:20:18.597,1.29942,1.29947
2013.03.11 01:20:20.796,1.29942,1.29948
2013.03.11 01:20:21.036,1.29944,1.29949
2013.03.11 01:20:23.216,1.29944,1.29948
2013.03.11 01:20:23.456,1.29944,1.29948
2013.03.11 01:20:23.516,1.29941,1.29948
2013.03.11 01:20:23.875,1.29941,1.29947
2013.03.11 01:20:24.306,1.29939,1.29946
2013.03.11 01:20:24.365,1.29941,1.29947
2013.03.11 01:20:24.428,1.29945,1.29949
2013.03.11 01:20:24.737,1.29942,1.29948
2013.03.11 01:20:24.856,1.29942,1.29951
2013.03.11 01:20:25.405,1.29942,1.29949
2013.03.11 01:20:34.161,1.29943,1.29948
2013.03.11 01:20:34.830,1.29942,1.29948
2013.03.11 01:20:39.688,1.29942,1.29948
2013.03.11 01:20:43.253,1.29942,1.29948
2013.03.11 01:20:43.376,1.29944,1.29949
2013.03.11 01:20:45.996,1.29942,1.29948
2013.03.11 01:20:47.173,1.29942,1.29948
2013.03.11 01:20:48.096,1.29941,1.29948
2013.03.11 01:20:48.646,1.29941,1.29948
2013.03.11 01:20:55.026,1.29942,1.29947
2013.03.11 01:20:55.556,1.29942,1.29947
2013.03.11 01:20:59.097,1.29941,1.29947
2013.03.11 01:20:59.287,1.29941,1.29947
2013.03.11 01:20:59.416,1.29941,1.29947
2013.03.11 01:20:59.717,1.2994,1.29946
2013.03.11 01:21:00.266,1.29939,1.29946
2013.03.11 01:21:00.494,1.29939,1.29946
2013.03.11 01:21:01.378,1.2994,1.29946
2013.03.11 01:21:01.454,1.2994,1.29947
2013.03.11 01:21:01.757,1.29939,1.29947
2013.03.11 01:21:01.817,1.29939,1.29947
2013.03.11 01:21:02.058,1.2994,1.29947
2013.03.11 01:21:03.268,1.29942,1.29947
2013.03.11 01:21:03.399,1.29942,1.29949
2013.03.11 01:21:03.707,1.29942,1.29949
2013.03.11 01:21:04.127,1.29945,1.29952
2013.03.11 01:21:04.666,1.29947,1.29951
2013.03.11 01:21:05.725,1.29947,1.29954
2013.03.11 01:21:06.696,1.29947,1.29951
2013.03.11 01:21:08.853,1.29947,1.2995
2013.03.11 01:21:10.732,1.29945,1.2995
2013.03.11 01:21:10.857,1.29947,1.29954
2013.03.11 01:21:10.976,1.29947,1.29954
2013.03.11 01:21:11.096,1.29947,1.29954
2013.03.11 01:21:11.216,1.29947,1.29954
2013.03.11 01:21:11.396,1.29947,1.29955
2013.03.11 01:21:13.697,1.29947,1.29955
2013.03.11 01:21:13.914,1.29947,1.29954
2013.03.11 01:21:14.936,1.29949,1.29954
2013.03.11 01:21:15.446,1.29949,1.29955
2013.03.11 01:21:26.606,1.29949,1.29955
2013.03.11 01:21:30.860,1.29949,1.29955
2013.03.11 01:21:35.168,1.29949,1.29953
2013.03.11 01:21:36.276,1.29949,1.29953
2013.03.11 01:21:36.339,1.29949,1.29955
2013.03.11 01:21:45.697,1.29949,1.29953
2013.03.11 01:21:46.409,1.29949,1.29954
2013.03.11 01:21:47.505,1.29949,1.29955
2013.03.11 01:22:02.566,1.29949,1.29955
2013.03.11 01:22:04.072,1.29949,1.29955
2013.03.11 01:22:04.376,1.29948,1.29954
2013.03.11 01:22:04.892,1.29948,1.29952
2013.03.11 01:22:12.906,1.29948,1.29953
2013.03.11 01:22:18.955,1.29948,1.29954
2013.03.11 01:22:26.676,1.29947,1.29953
2013.03.11 01:22:31.087,1.29947,1.29953
2013.03.11 01:22:31.637,1.29949,1.29953
2013.03.11 01:22:41.196,1.29947,1.29953
2013.03.11 01:22:42.836,1.29947,1.29953
2013.03.11 01:22:45.997,1.29947,1.29953
2013.03.11 01:23:06.486,1.29948,1.29955
2013.03.11 01:23:06.990,1.29948,1.29955
2013.03.11 01:23:13.978,1.29949,1.29955
2013.03.11 01:23:14.776,1.29949,1.29955
2013.03.11 01:23:16.835,1.29949,1.29955
2013.03.11 01:23:17.446,1.29948,1.29953
2013.03.11 01:23:18.006,1.29949,1.29955
2013.03.11 01:23:18.617,1.29949,1.29955
2013.03.11 01:23:24.916,1.29949,1.29955
2013.03.11 01:23:25.656,1.29947,1.29954
2013.03.11 01:23:26.276,1.29948,1.29955
2013.03.11 01:23:37.386,1.29948,1.29955
2013.03.11 01:23:38.495,1.29948,1.29954
2013.03.11 01:23:45.327,1.29947,1.29953
2013.03.11 01:23:45.867,1.29947,1.29951
2013.03.11 01:23:46.517,1.29947,1.29953
2013.03.11 01:23:50.286,1.29947,1.29951
2013.03.11 01:23:54.037,1.29947,1.29951
2013.03.11 01:23:55.057,1.29946,1.29951
2013.03.11 01:23:57.431,1.29945,1.29951
2013.03.11 01:23:58.707,1.29947,1.29951
2013.03.11 01:23:59.281,1.29949,1.29951
2013.03.11 01:23:59.846,1.29947,1.29951
2013.03.11 01:23:59.907,1.29947,1.29951
2013.03.11 01:24:00.937,1.29948,1.29952
2013.03.11 01:24:01.246,1.29948,1.29952
2013.03.11 01:24:02.796,1.29948,1.29952
2013.03.11 01:24:04.986,1.29948,1.29955
2013.03.11 01:24:07.368,1.29948,1.29952
2013.03.11 01:24:07.746,1.29948,1.29952
2013.03.11 01:24:08.956,1.29948,1.29952
2013.03.11 01:24:13.536,1.29949,1.29955
2013.03.11 01:24:15.037,1.29949,1.29952
2013.03.11 01:24:15.097,1.29948,1.29952
2013.03.11 01:24:31.617,1.29948,1.29952
2013.03.11 01:25:02.809,1.29947,1.29952
2013.03.11 01:25:08.946,1.29948,1.29952
2013.03.11 01:25:09.068,1.29949,1.29954
2013.03.11 01:25:09.366,1.29947,1.29952
2013.03.11 01:25:09.427,1.29948,1.29952
2013.03.11 01:25:09.546,1.29948,1.29952
