Time,Bid,Ask
2013.03.03 22:00:53.066,1.30121,1.30141
2013.03.03 22:01:00.326,1.30122,1.30142
2013.03.03 22:01:00.894,1.30123,1.30143
2013.03.03 22:01:01.543,1.30123,1.3014
2013.03.03 22:01:01.665,1.30123,1.30143
2013.03.03 22:01:04.506,1.30122,1.30142
2013.03.03 22:01:13.259,1.30123,1.30143
2013.03.03 22:01:33.535,1.30123,1.30141
2013.03.03 22:01:37.323,1.30122,1.30141
2013.03.03 22:01:37.840,1.30122,1.30142
2013.03.03 22:01:44.385,1.30123,1.30143
2013.03.03 22:01:44.875,1.30125,1.30143
2013.03.03 22:02:01.284,1.30127,1.30143
2013.03.03 22:02:04.966,1.30128,1.30143
2013.03.03 22:02:05.693,1.30127,1.30143
2013.03.03 22:02:06.995,1.3013,1.30143
2013.03.03 22:02:12.585,1.30127,1.30143
2013.03.03 22:02:13.984,1.30131,1.30143
2013.03.03 22:02:14.045,1.30129,1.30143
2013.03.03 22:02:20.979,1.30126,1.30143
2013.03.03 22:02:21.796,1.30127,1.30143
2013.03.03 22:02:33.554,1.3013,1.30143
2013.03.03 22:02:35.344,1.30129,1.30143
2013.03.03 22:02:38.721,1.30131,1.30143
2013.03.03 22:02:44.374,1.30131,1.30156
2013.03.03 22:02:49.705,1.30131,1.30143
2013.03.03 22:02:49.825,1.30129,1.30143
2013.03.03 22:02:57.056,1.30135,1.30143
2013.03.03 22:02:57.375,1.30141,1.30148
2013.03.03 22:03:01.375,1.30142,1.30149
2013.03.03 22:03:04.246,1.30145,1.30155
2013.03.03 22:03:04.485,1.30145,1.30165
2013.03.03 22:03:10.626,1.30145,1.30164
2013.03.03 22:03:12.155,1.30146,1.30164
2013.03.03 22:03:17.576,1.30147,1.30164
2013.03.03 22:03:21.677,1.30147,1.30165
2013.03.03 22:03:27.515,1.30148,1.30165
2013.03.03 22:03:33.875,1.30151,1.30165
2013.03.03 22:03:37.285,1.3015,1.30165
2013.03.03 22:03:39.206,1.30151,1.30165
2013.03.03 22:03:42.395,1.30149,1.30165
2013.03.03 22:03:43.089,1.30148,1.30165
2013.03.03 22:03:47.136,1.30145,1.30165
2013.03.03 22:03:47.256,1.30148,1.30165
2013.03.03 22:03:47.437,1.30145,1.30165
2013.03.03 22:03:47.708,1.30147,1.30165
2013.03.03 22:03:48.185,1.30145,1.30165
2013.03.03 22:03:48.406,1.30148,1.30165
2013.03.03 22:03:50.036,1.30145,1.30165
2013.03.03 22:03:52.632,1.30146,1.30165
2013.03.03 22:03:52.945,1.30149,1.30165
2013.03.03 22:03:53.125,1.30144,1.30165
2013.03.03 22:03:53.546,1.30146,1.30165
2013.03.03 22:03:55.876,1.30148,1.30165
2013.03.03 22:03:55.936,1.30145,1.30165
2013.03.03 22:03:56.065,1.30147,1.30165
2013.03.03 22:03:56.125,1.30145,1.30165
2013.03.03 22:03:56.743,1.30146,1.30165
2013.03.03 22:03:58.676,1.30144,1.30165
2013.03.03 22:03:58.922,1.30146,1.30165
2013.03.03 22:03:59.466,1.30148,1.30165
2013.03.03 22:04:04.345,1.30143,1.30169
2013.03.03 22:04:04.555,1.30144,1.30169
2013.03.03 22:04:04.855,1.30143,1.30169
2013.03.03 22:04:14.565,1.30143,1.30169
2013.03.03 22:04:34.705,1.30154,1.30165
2013.03.03 22:04:40.346,1.30158,1.30169
2013.03.03 22:04:42.345,1.30153,1.30174
2013.03.03 22:04:43.486,1.30154,1.30165
2013.03.03 22:04:44.205,1.30151,1.30175
2013.03.03 22:04:44.326,1.30149,1.3018
2013.03.03 22:04:45.006,1.30149,1.30183
2013.03.03 22:04:45.875,1.30153,1.30187
2013.03.03 22:04:51.107,1.30156,1.3019
2013.03.03 22:04:51.476,1.30156,1.30187
2013.03.03 22:04:51.695,1.30158,1.30192
2013.03.03 22:04:51.815,1.30157,1.30191
2013.03.03 22:04:51.875,1.30156,1.30187
2013.03.03 22:04:52.976,1.30152,1.30187
2013.03.03 22:04:53.330,1.30149,1.30185
2013.03.03 22:04:53.885,1.30151,1.30187
2013.03.03 22:04:54.595,1.30157,1.30181
2013.03.03 22:05:00.017,1.30156,1.30181
2013.03.03 22:05:00.375,1.3015,1.30179
2013.03.03 22:05:01.616,1.30152,1.30181
2013.03.03 22:05:03.187,1.30149,1.30178
2013.03.03 22:05:03.545,1.30146,1.30171
2013.03.03 22:05:03.666,1.30146,1.30173
2013.03.03 22:05:04.198,1.30146,1.30173
2013.03.03 22:05:05.246,1.30146,1.30175
2013.03.03 22:05:06.076,1.30146,1.30173
2013.03.03 22:05:07.406,1.30146,1.30174
2013.03.03 22:05:08.044,1.30146,1.30175
2013.03.03 22:05:08.806,1.30146,1.30178
2013.03.03 22:05:09.226,1.30146,1.30175
2013.03.03 22:05:09.576,1.30146,1.30173
2013.03.03 22:05:09.697,1.30151,1.30178
2013.03.03 22:05:09.996,1.30162,1.30178
2013.03.03 22:05:11.036,1.30162,1.30179
2013.03.03 22:05:12.667,1.30152,1.30179
2013.03.03 22:05:18.497,1.30161,1.30176
2013.03.03 22:05:19.037,1.30161,1.30177
2013.03.03 22:05:21.076,1.30161,1.30176
2013.03.03 22:05:23.706,1.30161,1.30174
2013.03.03 22:05:24.070,1.30161,1.30169
2013.03.03 22:05:26.076,1.30161,1.30172
2013.03.03 22:05:31.456,1.30161,1.30173
2013.03.03 22:05:31.577,1.3015,1.30173
2013.03.03 22:05:31.636,1.3015,1.30171
2013.03.03 22:05:32.167,1.3015,1.30169
2013.03.03 22:05:34.186,1.3015,1.30168
2013.03.03 22:05:34.575,1.3015,1.30165
2013.03.03 22:05:34.697,1.3015,1.30167
2013.03.03 22:05:34.757,1.3015,1.3017
2013.03.03 22:05:34.997,1.3015,1.30168
2013.03.03 22:05:35.117,1.3015,1.3017
2013.03.03 22:05:35.417,1.3015,1.30167
2013.03.03 22:05:36.367,1.3015,1.3017
2013.03.03 22:05:36.431,1.3015,1.30168
2013.03.03 22:05:37.677,1.3015,1.30167
2013.03.03 22:05:39.957,1.3015,1.30169
2013.03.03 22:05:40.138,1.3015,1.30165
2013.03.03 22:05:45.178,1.3015,1.30163
2013.03.03 22:05:45.529,1.3015,1.30161
2013.03.03 22:05:46.578,1.3015,1.30159
2013.03.03 22:05:47.087,1.3015,1.30162
2013.03.03 22:05:47.327,1.3015,1.30164
2013.03.03 22:05:47.387,1.3015,1.30169
2013.03.03 22:05:48.327,1.3015,1.30166
2013.03.03 22:05:49.068,1.3015,1.30167
2013.03.03 22:05:49.427,1.3015,1.30169
2013.03.03 22:05:50.259,1.3015,1.30171
2013.03.03 22:05:50.497,1.3015,1.30168
2013.03.03 22:05:51.637,1.3015,1.3017
2013.03.03 22:05:53.227,1.3015,1.30168
2013.03.03 22:05:54.698,1.3015,1.3017
2013.03.03 22:05:54.758,1.3015,1.30167
2013.03.03 22:05:56.507,1.30152,1.30167
2013.03.03 22:06:00.157,1.30152,1.30165
2013.03.03 22:06:01.609,1.30149,1.30162
2013.03.03 22:06:01.667,1.30149,1.30166
2013.03.03 22:06:01.726,1.30149,1.30168
2013.03.03 22:06:05.117,1.30149,1.30164
2013.03.03 22:06:06.317,1.30147,1.30167
2013.03.03 22:06:06.497,1.30147,1.30165
2013.03.03 22:06:06.568,1.30137,1.30172
2013.03.03 22:06:06.627,1.30131,1.30175
2013.03.03 22:06:06.689,1.3013,1.30174
2013.03.03 22:06:07.047,1.3012,1.30181
2013.03.03 22:06:07.577,1.30119,1.30179
2013.03.03 22:06:08.808,1.30118,1.30177
2013.03.03 22:06:08.927,1.3012,1.30173
2013.03.03 22:06:09.106,1.30118,1.30173
2013.03.03 22:06:09.166,1.3012,1.3017
2013.03.03 22:06:09.856,1.30121,1.30167
2013.03.03 22:06:10.176,1.30119,1.30167
2013.03.03 22:06:11.106,1.30117,1.30167
2013.03.03 22:06:11.167,1.30117,1.30165
2013.03.03 22:06:11.526,1.30114,1.30165
2013.03.03 22:06:11.647,1.30114,1.30163
2013.03.03 22:06:12.137,1.30107,1.30168
2013.03.03 22:06:12.257,1.30105,1.30168
2013.03.03 22:06:13.737,1.30103,1.30168
2013.03.03 22:06:13.798,1.30105,1.30164
2013.03.03 22:06:14.615,1.30104,1.30163
2013.03.03 22:06:17.157,1.30102,1.30163
2013.03.03 22:06:17.216,1.30102,1.30161
2013.03.03 22:06:17.347,1.30101,1.3016
2013.03.03 22:06:17.409,1.301,1.30159
2013.03.03 22:06:17.596,1.30104,1.30158
2013.03.03 22:06:18.136,1.30104,1.30159
2013.03.03 22:06:19.377,1.30104,1.30155
2013.03.03 22:06:20.527,1.30106,1.30157
2013.03.03 22:06:20.587,1.30106,1.30151
2013.03.03 22:06:21.237,1.30111,1.30154
2013.03.03 22:06:21.538,1.30119,1.30147
2013.03.03 22:06:21.896,1.30121,1.30147
2013.03.03 22:06:22.356,1.30124,1.30146
2013.03.03 22:06:22.867,1.3013,1.30152
2013.03.03 22:06:23.620,1.30122,1.3015
2013.03.03 22:06:24.107,1.30122,1.30146
2013.03.03 22:06:25.257,1.30122,1.30148
2013.03.03 22:06:25.567,1.30122,1.30146
2013.03.03 22:06:25.746,1.30122,1.3015
2013.03.03 22:06:25.807,1.30122,1.30146
2013.03.03 22:06:26.541,1.30122,1.30147
2013.03.03 22:06:27.277,1.30122,1.30147
2013.03.03 22:06:27.338,1.30122,1.30151
2013.03.03 22:06:27.457,1.30123,1.30155
2013.03.03 22:06:27.977,1.30123,1.30151
2013.03.03 22:06:28.396,1.30123,1.30149
2013.03.03 22:06:29.357,1.30123,1.3015
2013.03.03 22:06:29.697,1.30123,1.30148
2013.03.03 22:06:30.296,1.30123,1.30147
2013.03.03 22:06:31.417,1.30123,1.30148
2013.03.03 22:06:31.756,1.30123,1.3015
2013.03.03 22:06:32.686,1.30123,1.30148
2013.03.03 22:06:33.046,1.30123,1.30146
2013.03.03 22:06:34.047,1.30123,1.30148
2013.03.03 22:06:34.106,1.30123,1.30145
2013.03.03 22:06:34.733,1.30123,1.30146
2013.03.03 22:06:35.237,1.30123,1.30147
2013.03.03 22:06:36.156,1.30123,1.30151
2013.03.03 22:06:36.757,1.30123,1.30152
2013.03.03 22:06:36.937,1.30123,1.30155
2013.03.03 22:06:37.117,1.30123,1.30151
2013.03.03 22:06:38.397,1.30111,1.30151
2013.03.03 22:06:38.477,1.30104,1.30146
2013.03.03 22:06:38.896,1.30104,1.30148
2013.03.03 22:06:41.908,1.30104,1.30151
2013.03.03 22:06:42.027,1.30104,1.30143
2013.03.03 22:06:42.267,1.30104,1.30146
2013.03.03 22:06:44.197,1.30104,1.30149
2013.03.03 22:06:45.267,1.30104,1.30147
2013.03.03 22:06:45.387,1.30104,1.30151
2013.03.03 22:06:45.506,1.30104,1.30144
2013.03.03 22:06:46.517,1.30104,1.30146
2013.03.03 22:06:47.755,1.30104,1.30145
2013.03.03 22:06:48.047,1.30104,1.30149
2013.03.03 22:06:48.589,1.30104,1.3015
2013.03.03 22:06:48.767,1.30104,1.30148
2013.03.03 22:06:49.476,1.30104,1.30147
2013.03.03 22:06:51.757,1.30104,1.30152
2013.03.03 22:06:51.817,1.30104,1.30144
2013.03.03 22:06:52.157,1.30104,1.30147
2013.03.03 22:06:52.778,1.30105,1.30148
2013.03.03 22:06:53.737,1.30104,1.30151
2013.03.03 22:06:53.856,1.30104,1.30154
2013.03.03 22:06:55.957,1.30103,1.30153
2013.03.03 22:06:56.076,1.30103,1.3015
2013.03.03 22:06:56.677,1.30103,1.30153
2013.03.03 22:06:56.736,1.30103,1.30155
2013.03.03 22:06:56.977,1.30103,1.30146
2013.03.03 22:06:58.726,1.30103,1.30148
2013.03.03 22:07:01.476,1.30103,1.3015
2013.03.03 22:07:01.596,1.30103,1.30148
2013.03.03 22:07:04.006,1.30103,1.30141
2013.03.03 22:07:04.295,1.30103,1.30143
2013.03.03 22:07:04.537,1.30106,1.30145
2013.03.03 22:07:05.017,1.30106,1.30149
2013.03.03 22:07:06.567,1.30108,1.30152
2013.03.03 22:07:12.753,1.30103,1.30145
2013.03.03 22:07:13.356,1.30103,1.30148
2013.03.03 22:07:18.247,1.3011,1.30148
2013.03.03 22:07:20.746,1.3011,1.30151
2013.03.03 22:07:22.276,1.30105,1.30145
2013.03.03 22:07:23.497,1.30109,1.30144
2013.03.03 22:07:23.567,1.30109,1.30148
2013.03.03 22:07:25.297,1.30108,1.30151
2013.03.03 22:07:25.846,1.3011,1.3015
2013.03.03 22:07:27.326,1.3011,1.30152
2013.03.03 22:07:27.627,1.30109,1.30154
2013.03.03 22:07:29.816,1.30106,1.30147
2013.03.03 22:07:30.927,1.30109,1.30149
2013.03.03 22:07:33.547,1.30108,1.30153
2013.03.03 22:07:35.507,1.30106,1.30146
2013.03.03 22:07:38.668,1.30103,1.30145
2013.03.03 22:07:38.989,1.30103,1.30143
2013.03.03 22:07:39.108,1.30103,1.30148
2013.03.03 22:07:46.647,1.30103,1.30143
2013.03.03 22:07:51.647,1.30103,1.3014
2013.03.03 22:07:52.107,1.30103,1.30147
2013.03.03 22:07:52.227,1.30097,1.30147
2013.03.03 22:07:52.347,1.30098,1.30147
2013.03.03 22:07:52.467,1.301,1.30149
2013.03.03 22:07:52.777,1.30101,1.30155
2013.03.03 22:07:54.603,1.30101,1.30155
2013.03.03 22:07:54.847,1.30109,1.30156
2013.03.03 22:07:57.468,1.30113,1.30158
2013.03.03 22:07:57.647,1.30115,1.3016
2013.03.03 22:07:57.707,1.30113,1.30163
2013.03.03 22:07:58.187,1.30117,1.30161
2013.03.03 22:07:58.959,1.30117,1.30162
2013.03.03 22:07:59.517,1.3012,1.30161
2013.03.03 22:08:00.018,1.3012,1.30162
2013.03.03 22:08:00.686,1.3012,1.30161
2013.03.03 22:08:01.397,1.3012,1.30161
2013.03.03 22:08:01.817,1.3012,1.30158
2013.03.03 22:08:02.217,1.3012,1.30156
2013.03.03 22:08:02.397,1.30113,1.30151
2013.03.03 22:08:02.457,1.30113,1.30148
2013.03.03 22:08:03.878,1.30113,1.30148
2013.03.03 22:08:04.238,1.30113,1.30151
2013.03.03 22:08:04.788,1.30113,1.30154
2013.03.03 22:08:04.848,1.30115,1.30154
2013.03.03 22:08:05.438,1.30115,1.30154
2013.03.03 22:08:05.557,1.30115,1.30156
2013.03.03 22:08:05.689,1.30115,1.30151
2013.03.03 22:08:06.051,1.30114,1.30153
2013.03.03 22:08:10.998,1.30114,1.30146
2013.03.03 22:08:11.058,1.30114,1.30146
2013.03.03 22:08:11.498,1.30114,1.30148
2013.03.03 22:08:11.887,1.30114,1.30152
2013.03.03 22:08:12.007,1.30113,1.30149
2013.03.03 22:08:12.974,1.30113,1.30153
2013.03.03 22:08:13.977,1.30114,1.30148
2013.03.03 22:08:14.859,1.30114,1.30149
2013.03.03 22:08:15.588,1.30116,1.3015
2013.03.03 22:08:16.137,1.30116,1.30151
2013.03.03 22:08:16.282,1.30116,1.30151
2013.03.03 22:08:16.888,1.30115,1.30152
2013.03.03 22:08:17.587,1.30115,1.30156
2013.03.03 22:08:18.547,1.30116,1.30152
2013.03.03 22:08:18.608,1.30116,1.30152
2013.03.03 22:08:18.797,1.30116,1.30152
2013.03.03 22:08:19.098,1.30108,1.30156
2013.03.03 22:08:19.457,1.30123,1.30154
2013.03.03 22:08:19.518,1.30126,1.30154
2013.03.03 22:08:25.398,1.30119,1.30159
2013.03.03 22:08:25.579,1.30122,1.30156
2013.03.03 22:08:30.349,1.3011,1.30154
2013.03.03 22:08:30.899,1.3011,1.30153
2013.03.03 22:08:30.959,1.3011,1.30155
2013.03.03 22:08:31.485,1.3011,1.30156
2013.03.03 22:08:31.920,1.3011,1.30151
2013.03.03 22:08:32.050,1.30104,1.30151
2013.03.03 22:08:32.669,1.30107,1.30147
2013.03.03 22:08:33.609,1.30109,1.30148
2013.03.03 22:08:34.169,1.30107,1.30146
2013.03.03 22:08:36.250,1.30105,1.30139
2013.03.03 22:08:36.799,1.30104,1.30143
2013.03.03 22:08:37.569,1.30104,1.30141
2013.03.03 22:08:38.869,1.30104,1.30134
2013.03.03 22:08:39.289,1.30104,1.30136
2013.03.03 22:08:41.299,1.30104,1.30133
2013.03.03 22:08:42.640,1.30104,1.30135
2013.03.03 22:08:42.879,1.30104,1.30138
2013.03.03 22:08:43.109,1.30104,1.3014
2013.03.03 22:08:44.957,1.30104,1.3014
2013.03.03 22:08:46.530,1.30104,1.30139
2013.03.03 22:08:46.590,1.30109,1.3014
2013.03.03 22:08:46.960,1.30112,1.30144
2013.03.03 22:08:49.089,1.30114,1.30144
2013.03.03 22:08:49.361,1.30114,1.30147
2013.03.03 22:08:49.880,1.30114,1.30147
2013.03.03 22:08:50.389,1.30115,1.30149
2013.03.03 22:08:50.939,1.30115,1.30149
2013.03.03 22:08:51.159,1.3011,1.30148
2013.03.03 22:08:51.861,1.30109,1.30147
2013.03.03 22:08:53.439,1.30111,1.3015
2013.03.03 22:08:53.940,1.30111,1.3015
2013.03.03 22:08:55.659,1.30111,1.30148
2013.03.03 22:08:55.980,1.30111,1.30148
2013.03.03 22:08:56.339,1.3012,1.30141
2013.03.03 22:08:56.459,1.30114,1.30149
2013.03.03 22:08:56.589,1.30127,1.30139
2013.03.03 22:08:56.650,1.30112,1.30149
2013.03.03 22:08:56.829,1.30112,1.30149
2013.03.03 22:08:57.569,1.30112,1.30149
2013.03.03 22:08:57.749,1.3011,1.30151
2013.03.03 22:08:57.809,1.3011,1.30148
2013.03.03 22:08:58.321,1.3011,1.30148
2013.03.03 22:08:59.209,1.3011,1.30151
2013.03.03 22:08:59.450,1.30109,1.30153
2013.03.03 22:08:59.509,1.30109,1.30148
2013.03.03 22:08:59.880,1.30109,1.30149
2013.03.03 22:09:01.070,1.30108,1.30153
2013.03.03 22:09:01.619,1.30109,1.30153
2013.03.03 22:09:02.132,1.30109,1.30154
2013.03.03 22:09:02.439,1.30107,1.30147
2013.03.03 22:09:02.979,1.30109,1.30148
2013.03.03 22:09:03.509,1.30106,1.30149
2013.03.03 22:09:04.049,1.30108,1.30149
2013.03.03 22:09:06.060,1.30108,1.30149
2013.03.03 22:09:07.030,1.30108,1.30148
2013.03.03 22:09:08.479,1.30107,1.30146
2013.03.03 22:09:09.113,1.30107,1.30147
2013.03.03 22:09:11.279,1.30107,1.30151
2013.03.03 22:09:12.399,1.30107,1.30147
2013.03.03 22:09:12.950,1.30106,1.30149
2013.03.03 22:09:13.130,1.30109,1.30151
2013.03.03 22:09:14.410,1.30109,1.3015
2013.03.03 22:09:14.529,1.30108,1.30154
2013.03.03 22:09:15.979,1.30109,1.30154
2013.03.03 22:09:16.489,1.30109,1.30153
2013.03.03 22:09:17.232,1.30108,1.30151
2013.03.03 22:09:17.789,1.30106,1.30146
2013.03.03 22:09:18.140,1.30108,1.30146
2013.03.03 22:09:18.825,1.30108,1.30146
2013.03.03 22:09:21.059,1.30108,1.30144
2013.03.03 22:09:21.181,1.30108,1.30145
2013.03.03 22:09:21.879,1.30108,1.30146
2013.03.03 22:09:23.231,1.30108,1.30146
2013.03.03 22:09:24.339,1.30108,1.30149
2013.03.03 22:09:24.879,1.30108,1.30149
2013.03.03 22:09:25.020,1.30108,1.30146
2013.03.03 22:09:25.620,1.30108,1.30145
2013.03.03 22:09:26.251,1.30108,1.30145
2013.03.03 22:09:26.609,1.30108,1.30144
2013.03.03 22:09:26.789,1.30119,1.30144
2013.03.03 22:09:27.599,1.3012,1.30144
2013.03.03 22:09:27.990,1.3012,1.30144
2013.03.03 22:09:29.361,1.30121,1.30146
2013.03.03 22:09:30.809,1.30121,1.30147
2013.03.03 22:09:31.479,1.30121,1.30148
2013.03.03 22:09:31.819,1.30119,1.30145
2013.03.03 22:09:32.000,1.30108,1.30144
2013.03.03 22:09:32.731,1.30108,1.30145
2013.03.03 22:09:33.400,1.30108,1.30148
2013.03.03 22:09:33.800,1.30108,1.30148
2013.03.03 22:09:38.060,1.30108,1.30145
2013.03.03 22:09:40.719,1.30108,1.30145
2013.03.03 22:09:41.918,1.30108,1.30145
2013.03.03 22:09:47.809,1.30108,1.30143
2013.03.03 22:09:48.109,1.30108,1.30143
2013.03.03 22:09:49.370,1.30108,1.30146
2013.03.03 22:09:57.719,1.30108,1.30143
2013.03.03 22:09:57.784,1.30108,1.30146
2013.03.03 22:10:00.540,1.30108,1.30141
2013.03.03 22:10:00.600,1.30107,1.30143
2013.03.03 22:10:01.154,1.30106,1.30142
2013.03.03 22:10:07.731,1.30105,1.30143
2013.03.03 22:10:08.739,1.30106,1.30146
2013.03.03 22:10:13.270,1.30106,1.30143
2013.03.03 22:10:14.924,1.30117,1.30143
2013.03.03 22:10:15.230,1.30117,1.30142
2013.03.03 22:10:15.963,1.30117,1.30141
2013.03.03 22:10:16.489,1.30117,1.30142
2013.03.03 22:10:17.315,1.30117,1.30136
2013.03.03 22:10:17.869,1.30117,1.30134
2013.03.03 22:10:18.809,1.30117,1.30133
2013.03.03 22:10:20.049,1.30117,1.30131
2013.03.03 22:10:22.361,1.30115,1.30131
2013.03.03 22:10:22.880,1.30106,1.30135
2013.03.03 22:10:24.162,1.30114,1.30128
2013.03.03 22:10:24.450,1.30114,1.30132
2013.03.03 22:10:28.082,1.30114,1.30127
2013.03.03 22:10:28.449,1.30114,1.30129
2013.03.03 22:10:28.509,1.30114,1.30133
2013.03.03 22:10:29.139,1.30114,1.3013
2013.03.03 22:10:29.500,1.30114,1.30133
2013.03.03 22:10:31.390,1.30114,1.30132
2013.03.03 22:10:32.591,1.30114,1.30133
2013.03.03 22:10:32.840,1.30114,1.30128
2013.03.03 22:10:33.199,1.30114,1.30125
2013.03.03 22:10:34.410,1.30114,1.30124
2013.03.03 22:10:34.879,1.30113,1.30122
2013.03.03 22:10:37.090,1.30112,1.30119
2013.03.03 22:10:38.989,1.30113,1.30121
2013.03.03 22:10:39.500,1.30113,1.30121
2013.03.03 22:10:40.859,1.30113,1.30121
2013.03.03 22:10:41.291,1.30108,1.30123
2013.03.03 22:10:41.351,1.3011,1.30119
2013.03.03 22:10:41.412,1.30103,1.30123
2013.03.03 22:10:41.481,1.30103,1.30121
2013.03.03 22:10:41.541,1.30098,1.30124
2013.03.03 22:10:41.612,1.30094,1.30125
2013.03.03 22:10:41.777,1.30093,1.30124
2013.03.03 22:10:41.846,1.3009,1.30124
2013.03.03 22:10:41.911,1.30088,1.30124
2013.03.03 22:10:41.970,1.30089,1.30121
2013.03.03 22:10:42.164,1.30072,1.30136
2013.03.03 22:10:42.234,1.3007,1.30136
2013.03.03 22:10:42.302,1.30071,1.3013
2013.03.03 22:10:42.430,1.30074,1.3013
2013.03.03 22:10:42.560,1.30072,1.3013
2013.03.03 22:10:43.040,1.30075,1.30126
2013.03.03 22:10:43.359,1.30074,1.30126
2013.03.03 22:10:43.481,1.30071,1.30132
2013.03.03 22:10:44.539,1.30074,1.30134
2013.03.03 22:10:44.721,1.30089,1.30121
2013.03.03 22:10:45.581,1.30083,1.3013
2013.03.03 22:10:46.948,1.30098,1.30114
2013.03.03 22:10:47.583,1.30096,1.30114
2013.03.03 22:10:48.159,1.30097,1.30104
2013.03.03 22:10:51.430,1.30097,1.30104
2013.03.03 22:10:51.940,1.30097,1.30104
2013.03.03 22:10:53.329,1.30091,1.30112
2013.03.03 22:10:54.060,1.30098,1.30108
2013.03.03 22:10:58.862,1.30089,1.30109
2013.03.03 22:11:02.030,1.30089,1.30109
2013.03.03 22:11:02.598,1.30089,1.30109
2013.03.03 22:11:02.820,1.30089,1.30111
2013.03.03 22:11:02.943,1.30088,1.30115
2013.03.03 22:11:03.130,1.30085,1.30121
2013.03.03 22:11:03.252,1.3009,1.30117
2013.03.03 22:11:03.859,1.30088,1.3012
2013.03.03 22:11:04.300,1.30096,1.30126
2013.03.03 22:11:05.471,1.30096,1.3014
2013.03.03 22:11:06.949,1.30096,1.30126
2013.03.03 22:11:08.800,1.30096,1.30126
2013.03.03 22:11:12.400,1.30087,1.30144
2013.03.03 22:11:12.462,1.30087,1.3014
2013.03.03 22:11:12.771,1.3009,1.3014
2013.03.03 22:11:13.129,1.301,1.30127
2013.03.03 22:11:22.742,1.30089,1.30136
2013.03.03 22:11:22.801,1.30095,1.30127
2013.03.03 22:11:23.110,1.30095,1.30125
2013.03.03 22:11:23.754,1.30104,1.30114
2013.03.03 22:11:23.836,1.30101,1.30115
2013.03.03 22:11:24.380,1.301,1.30114
2013.03.03 22:11:24.601,1.30095,1.30117
2013.03.03 22:11:24.671,1.30096,1.30115
2013.03.03 22:11:24.801,1.3009,1.30118
2013.03.03 22:11:24.982,1.30089,1.30116
2013.03.03 22:11:25.955,1.30087,1.30117
2013.03.03 22:11:26.909,1.30086,1.30116
2013.03.03 22:11:27.210,1.30097,1.30115
2013.03.03 22:11:27.871,1.3009,1.3012
2013.03.03 22:11:27.990,1.30089,1.30119
2013.03.03 22:11:33.900,1.30088,1.30118
2013.03.03 22:11:36.239,1.30087,1.30117
2013.03.03 22:11:36.969,1.30086,1.30115
2013.03.03 22:11:37.570,1.30088,1.30111
2013.03.03 22:11:42.990,1.3009,1.30106
2013.03.03 22:11:43.299,1.3009,1.30104
2013.03.03 22:11:43.660,1.30085,1.30107
2013.03.03 22:11:44.291,1.3008,1.30109
2013.03.03 22:11:44.350,1.30089,1.30099
2013.03.03 22:11:54.890,1.30088,1.30098
2013.03.03 22:11:58.550,1.30084,1.301
2013.03.03 22:12:02.442,1.30086,1.30096
2013.03.03 22:12:02.751,1.3008,1.30099
2013.03.03 22:12:03.829,1.30079,1.30099
2013.03.03 22:12:08.201,1.30078,1.30098
2013.03.03 22:12:08.560,1.30073,1.301
2013.03.03 22:12:10.041,1.30075,1.30095
2013.03.03 22:12:11.680,1.30074,1.30094
2013.03.03 22:12:11.800,1.30066,1.301
2013.03.03 22:12:13.231,1.30068,1.30096
2013.03.03 22:12:22.840,1.30076,1.30086
2013.03.03 22:12:24.591,1.30071,1.30088
2013.03.03 22:12:24.950,1.30073,1.30082
2013.03.03 22:12:25.603,1.30063,1.3008
2013.03.03 22:12:38.270,1.30069,1.30076
2013.03.03 22:12:40.530,1.30068,1.3008
2013.03.03 22:12:42.602,1.30068,1.30092
2013.03.03 22:12:42.851,1.30068,1.3008
2013.03.03 22:13:00.153,1.30062,1.30074
2013.03.03 22:13:00.343,1.3006,1.30068
2013.03.03 22:13:00.711,1.30053,1.30077
2013.03.03 22:13:01.193,1.30056,1.30074
2013.03.03 22:13:01.442,1.30057,1.30071
2013.03.03 22:13:01.624,1.30055,1.3007
2013.03.03 22:13:01.692,1.30054,1.30069
2013.03.03 22:13:08.833,1.30052,1.30063
2013.03.03 22:13:09.080,1.30053,1.30069
2013.03.03 22:13:09.320,1.30052,1.3007
2013.03.03 22:13:10.280,1.30045,1.30078
2013.03.03 22:13:26.481,1.3006,1.3007
2013.03.03 22:13:29.260,1.30062,1.30081
2013.03.03 22:13:34.736,1.30055,1.30081
2013.03.03 22:13:34.862,1.30055,1.30082
2013.03.03 22:13:35.443,1.30054,1.30084
2013.03.03 22:13:39.150,1.30062,1.30082
2013.03.03 22:13:44.152,1.30062,1.30082
2013.03.03 22:13:46.060,1.30062,1.3008
2013.03.03 22:13:49.089,1.30062,1.30078
2013.03.03 22:13:54.879,1.30062,1.30081
2013.03.03 22:13:56.515,1.30062,1.30079
2013.03.03 22:13:59.313,1.30061,1.30078
2013.03.03 22:14:03.950,1.30061,1.30076
2013.03.03 22:14:06.701,1.3006,1.30075
2013.03.03 22:14:10.813,1.30059,1.30066
2013.03.03 22:14:12.126,1.3006,1.30066
2013.03.03 22:14:12.255,1.30056,1.30068
2013.03.03 22:14:12.517,1.30055,1.30067
2013.03.03 22:14:12.593,1.30055,1.30065
2013.03.03 22:14:15.821,1.30051,1.30068
2013.03.03 22:14:23.660,1.30055,1.30062
2013.03.03 22:14:23.720,1.3005,1.30065
2013.03.03 22:14:24.397,1.30049,1.30064
2013.03.03 22:14:30.640,1.30046,1.30055
2013.03.03 22:14:31.001,1.30054,1.30061
2013.03.03 22:14:31.300,1.3005,1.3007
2013.03.03 22:14:31.631,1.30049,1.30073
2013.03.03 22:14:31.810,1.30058,1.30071
2013.03.03 22:14:32.511,1.30058,1.30068
2013.03.03 22:14:36.050,1.30058,1.3007
2013.03.03 22:14:36.110,1.30058,1.30068
2013.03.03 22:14:40.321,1.30058,1.3007
2013.03.03 22:14:40.382,1.30058,1.30073
2013.03.03 22:14:40.920,1.30058,1.30073
2013.03.03 22:14:42.472,1.30057,1.30073
2013.03.03 22:14:44.131,1.30057,1.30074
2013.03.03 22:14:46.521,1.30057,1.3007
2013.03.03 22:14:47.970,1.30057,1.30072
2013.03.03 22:14:48.150,1.30057,1.30074
2013.03.03 22:14:48.660,1.30057,1.30076
2013.03.03 22:14:48.781,1.30057,1.30074
2013.03.03 22:14:49.140,1.30057,1.30071
2013.03.03 22:14:49.901,1.30057,1.30073
2013.03.03 22:14:51.220,1.30048,1.30074
2013.03.03 22:14:51.580,1.3005,1.30075
2013.03.03 22:14:51.700,1.30048,1.30074
2013.03.03 22:14:51.826,1.30049,1.30075
2013.03.03 22:14:52.080,1.30049,1.30076
2013.03.03 22:14:52.201,1.30053,1.30077
2013.03.03 22:14:53.810,1.30053,1.30078
2013.03.03 22:14:57.212,1.30052,1.30078
2013.03.03 22:14:58.701,1.30052,1.30077
2013.03.03 22:14:59.231,1.3005,1.30077
2013.03.03 22:14:59.829,1.30051,1.30076
2013.03.03 22:15:00.280,1.30053,1.30077
2013.03.03 22:15:00.790,1.30055,1.30077
2013.03.03 22:15:01.180,1.30057,1.30077
2013.03.03 22:15:01.370,1.30048,1.30073
2013.03.03 22:15:01.641,1.30049,1.30075
2013.03.03 22:15:02.121,1.30054,1.30077
2013.03.03 22:15:03.471,1.30056,1.30077
2013.03.03 22:15:03.720,1.30058,1.30078
2013.03.03 22:15:04.260,1.30057,1.30078
2013.03.03 22:15:04.931,1.30057,1.30079
2013.03.03 22:15:05.110,1.30057,1.30078
2013.03.03 22:15:05.470,1.30057,1.30081
2013.03.03 22:15:05.651,1.30057,1.30081
2013.03.03 22:15:05.711,1.30054,1.3008
2013.03.03 22:15:06.370,1.30055,1.30081
2013.03.03 22:15:06.934,1.30057,1.30081
2013.03.03 22:15:11.390,1.30058,1.30084
2013.03.03 22:15:11.722,1.30059,1.3009
2013.03.03 22:15:11.792,1.3006,1.30092
2013.03.03 22:15:11.852,1.30049,1.30105
2013.03.03 22:15:12.031,1.30051,1.30106
2013.03.03 22:15:12.580,1.30052,1.30108
2013.03.03 22:15:13.684,1.30053,1.30109
2013.03.03 22:15:14.410,1.30058,1.30114
2013.03.03 22:15:14.470,1.30056,1.30116
2013.03.03 22:15:14.779,1.30058,1.30116
2013.03.03 22:15:15.090,1.30063,1.3012
2013.03.03 22:15:15.330,1.30058,1.30116
2013.03.03 22:15:17.040,1.30057,1.30116
2013.03.03 22:15:17.287,1.30057,1.30112
2013.03.03 22:15:18.141,1.3006,1.30097
2013.03.03 22:15:18.261,1.30056,1.30093
2013.03.03 22:15:18.440,1.30062,1.30091
2013.03.03 22:15:18.742,1.30073,1.30083
2013.03.03 22:15:19.101,1.30071,1.30088
2013.03.03 22:15:22.110,1.30075,1.30086
2013.03.03 22:15:22.231,1.30055,1.30095
2013.03.03 22:15:22.591,1.30054,1.301
2013.03.03 22:15:22.770,1.30059,1.30105
2013.03.03 22:15:23.372,1.30059,1.30108
2013.03.03 22:15:24.021,1.30059,1.30112
2013.03.03 22:15:25.780,1.30057,1.3011
2013.03.03 22:15:28.750,1.30057,1.30107
2013.03.03 22:15:29.158,1.30057,1.30104
2013.03.03 22:15:32.100,1.30057,1.301
2013.03.03 22:15:32.463,1.30059,1.30098
2013.03.03 22:15:32.820,1.30061,1.30098
2013.03.03 22:15:33.288,1.30059,1.30098
2013.03.03 22:15:33.570,1.30058,1.30112
2013.03.03 22:15:33.811,1.30057,1.30113
2013.03.03 22:15:34.360,1.30059,1.30114
2013.03.03 22:15:34.420,1.30059,1.30116
2013.03.03 22:15:36.630,1.30058,1.30117
2013.03.03 22:15:36.690,1.30058,1.30116
2013.03.03 22:15:37.131,1.3006,1.30112
2013.03.03 22:15:37.469,1.3006,1.30109
2013.03.03 22:15:38.811,1.3006,1.30113
2013.03.03 22:15:38.870,1.30059,1.30115
2013.03.03 22:15:41.100,1.30062,1.30115
2013.03.03 22:15:43.681,1.30062,1.30116
2013.03.03 22:15:46.390,1.30061,1.30116
2013.03.03 22:15:47.877,1.3006,1.30115
2013.03.03 22:15:48.570,1.3006,1.30115
2013.03.03 22:15:48.930,1.3007,1.30106
2013.03.03 22:15:49.980,1.30073,1.30103
2013.03.03 22:15:50.040,1.30071,1.30103
2013.03.03 22:15:50.891,1.30071,1.30102
2013.03.03 22:15:51.011,1.30068,1.30113
2013.03.03 22:15:51.131,1.30069,1.30115
2013.03.03 22:15:51.380,1.30078,1.30108
2013.03.03 22:15:51.561,1.30085,1.30115
2013.03.03 22:15:51.870,1.30085,1.30116
2013.03.03 22:15:52.302,1.3009,1.30115
2013.03.03 22:15:53.881,1.30089,1.30115
2013.03.03 22:15:54.801,1.30091,1.30115
2013.03.03 22:15:58.722,1.30089,1.30115
2013.03.03 22:16:00.251,1.30092,1.30116
2013.03.03 22:16:00.310,1.3009,1.30115
2013.03.03 22:16:08.101,1.30088,1.30115
2013.03.03 22:16:08.692,1.3009,1.30115
2013.03.03 22:16:09.902,1.30092,1.30116
2013.03.03 22:16:10.752,1.30089,1.30115
2013.03.03 22:16:10.812,1.30091,1.30115
2013.03.03 22:16:11.292,1.30089,1.30115
2013.03.03 22:16:11.652,1.3009,1.30115
2013.03.03 22:16:12.011,1.30095,1.30119
2013.03.03 22:16:12.191,1.30092,1.30118
2013.03.03 22:16:12.725,1.30087,1.30115
2013.03.03 22:16:12.868,1.30086,1.30115
2013.03.03 22:16:13.411,1.30085,1.30115
2013.03.03 22:16:13.772,1.30086,1.3012
2013.03.03 22:16:13.832,1.30089,1.3012
2013.03.03 22:16:14.142,1.301,1.30112
2013.03.03 22:16:14.562,1.30103,1.30119
2013.03.03 22:16:14.680,1.30095,1.30125
2013.03.03 22:16:17.961,1.30092,1.30126
2013.03.03 22:16:18.081,1.30094,1.30122
2013.03.03 22:16:18.323,1.3009,1.30116
2013.03.03 22:16:18.453,1.30084,1.30116
2013.03.03 22:16:18.702,1.30088,1.30116
2013.03.03 22:16:19.062,1.30096,1.30116
2013.03.03 22:16:19.371,1.301,1.3012
2013.03.03 22:16:19.853,1.30106,1.3012
2013.03.03 22:16:19.986,1.30106,1.3012
2013.03.03 22:16:20.601,1.30106,1.3012
2013.03.03 22:16:25.001,1.30109,1.3012
2013.03.03 22:16:57.670,1.30103,1.30122
2013.03.03 22:16:58.030,1.30101,1.30121
2013.03.03 22:16:58.141,1.30095,1.30115
2013.03.03 22:17:01.500,1.30092,1.30115
2013.03.03 22:17:04.360,1.30093,1.30115
2013.03.03 22:17:05.081,1.30095,1.30116
2013.03.03 22:17:05.797,1.30094,1.30115
2013.03.03 22:17:21.971,1.30092,1.30115
2013.03.03 22:17:27.731,1.3009,1.30114
2013.03.03 22:17:39.802,1.3009,1.3011
2013.03.03 22:17:41.590,1.3009,1.30112
2013.03.03 22:17:47.902,1.30088,1.30112
2013.03.03 22:17:48.621,1.30088,1.30108
2013.03.03 22:17:49.330,1.30088,1.30111
2013.03.03 22:17:53.810,1.30088,1.30108
2013.03.03 22:18:05.511,1.3009,1.30109
2013.03.03 22:18:07.030,1.30092,1.30108
2013.03.03 22:18:07.091,1.3009,1.30109
2013.03.03 22:18:20.410,1.3009,1.30109
2013.03.03 22:19:00.620,1.30099,1.30109
2013.03.03 22:19:05.661,1.30087,1.30109
2013.03.03 22:19:08.271,1.30086,1.3011
2013.03.03 22:19:08.581,1.30094,1.30104
2013.03.03 22:19:09.169,1.30093,1.30113
2013.03.03 22:19:26.940,1.30102,1.30112
2013.03.03 22:19:34.560,1.30093,1.30113
2013.03.03 22:19:35.880,1.30097,1.30112
2013.03.03 22:19:56.991,1.30093,1.30113
2013.03.03 22:19:58.352,1.30099,1.30109
2013.03.03 22:19:58.491,1.30105,1.30116
2013.03.03 22:19:58.551,1.30105,1.30119
2013.03.03 22:20:00.211,1.30103,1.30118
2013.03.03 22:20:00.271,1.30099,1.30115
2013.03.03 22:20:08.771,1.30096,1.30115
2013.03.03 22:20:08.831,1.30103,1.30112
2013.03.03 22:20:11.170,1.30103,1.30112
2013.03.03 22:20:11.471,1.30093,1.30119
2013.03.03 22:20:11.531,1.30092,1.30119
2013.03.03 22:20:11.591,1.30092,1.30116
2013.03.03 22:20:12.141,1.3009,1.30116
2013.03.03 22:20:14.311,1.30087,1.30117
2013.03.03 22:20:15.970,1.30082,1.30119
2013.03.03 22:20:17.041,1.3008,1.30118
2013.03.03 22:20:18.011,1.30079,1.30117
2013.03.03 22:20:19.210,1.30079,1.30114
2013.03.03 22:20:20.590,1.30074,1.30107
2013.03.03 22:20:25.340,1.30072,1.30106
2013.03.03 22:20:25.882,1.30074,1.30107
2013.03.03 22:20:37.321,1.30074,1.30103
2013.03.03 22:20:37.501,1.30072,1.301
2013.03.03 22:20:41.011,1.30073,1.30104
2013.03.03 22:20:42.070,1.30072,1.30107
2013.03.03 22:20:42.341,1.30072,1.30104
2013.03.03 22:20:42.732,1.30071,1.30098
2013.03.03 22:20:44.442,1.30072,1.30099
2013.03.03 22:20:44.501,1.3007,1.30099
2013.03.03 22:20:47.830,1.30074,1.30098
2013.03.03 22:20:48.131,1.30078,1.30102
2013.03.03 22:20:48.191,1.30078,1.30104
2013.03.03 22:20:58.082,1.30078,1.30102
2013.03.03 22:20:59.062,1.30078,1.30103
2013.03.03 22:20:59.651,1.30078,1.30102
2013.03.03 22:20:59.711,1.30078,1.30102
2013.03.03 22:20:59.830,1.30073,1.301
2013.03.03 22:21:01.402,1.30071,1.30096
2013.03.03 22:21:01.931,1.30071,1.30096
2013.03.03 22:21:02.491,1.3007,1.30096
2013.03.03 22:21:04.921,1.30071,1.30093
2013.03.03 22:21:06.062,1.3007,1.30094
2013.03.03 22:21:06.574,1.30071,1.30095
2013.03.03 22:21:08.571,1.30071,1.30095
2013.03.03 22:21:09.021,1.30071,1.30093
2013.03.03 22:21:09.682,1.30071,1.30093
2013.03.03 22:21:10.200,1.30071,1.30092
2013.03.03 22:21:10.972,1.30071,1.30093
2013.03.03 22:21:13.731,1.3007,1.30095
2013.03.03 22:21:14.730,1.30071,1.30093
2013.03.03 22:21:15.669,1.30071,1.30096
2013.03.03 22:21:15.791,1.30071,1.30093
2013.03.03 22:21:16.348,1.3007,1.30093
2013.03.03 22:21:17.970,1.30071,1.30094
2013.03.03 22:21:18.391,1.30071,1.30094
2013.03.03 22:21:19.760,1.30071,1.30092
2013.03.03 22:21:21.821,1.30071,1.30094
2013.03.03 22:21:22.833,1.30071,1.30092
2013.03.03 22:21:24.870,1.3007,1.30094
2013.03.03 22:21:26.961,1.30076,1.30098
2013.03.03 22:21:27.320,1.30081,1.30102
2013.03.03 22:21:27.640,1.30081,1.301
2013.03.03 22:21:31.241,1.30081,1.30101
2013.03.03 22:21:38.961,1.30086,1.30104
2013.03.03 22:21:40.751,1.30086,1.30101
2013.03.03 22:21:42.302,1.30086,1.30103
2013.03.03 22:21:42.722,1.30086,1.30104
2013.03.03 22:21:42.780,1.30086,1.30104
2013.03.03 22:21:42.900,1.30086,1.30105
2013.03.03 22:21:43.231,1.30086,1.30103
2013.03.03 22:21:43.813,1.30086,1.30104
2013.03.03 22:21:47.740,1.30087,1.30106
2013.03.03 22:21:48.610,1.30087,1.30106
2013.03.03 22:21:52.261,1.30086,1.30104
2013.03.03 22:21:53.860,1.30086,1.30106
2013.03.03 22:22:03.283,1.3009,1.30105
2013.03.03 22:22:17.962,1.3009,1.30102
2013.03.03 22:22:18.411,1.3009,1.30102
2013.03.03 22:22:20.431,1.30089,1.30102
2013.03.03 22:22:42.671,1.3009,1.30104
2013.03.03 22:22:53.801,1.3009,1.30102
2013.03.03 22:22:54.691,1.3009,1.30103
2013.03.03 22:22:55.291,1.3009,1.30102
2013.03.03 22:22:55.770,1.30086,1.30097
2013.03.03 22:23:32.362,1.30085,1.30097
2013.03.03 22:23:49.861,1.30084,1.30097
2013.03.03 22:23:51.361,1.30084,1.30097
2013.03.03 22:23:51.871,1.30084,1.30097
2013.03.03 22:23:55.371,1.30081,1.30097
2013.03.03 22:23:56.186,1.30081,1.30097
2013.03.03 22:24:03.481,1.30086,1.30097
2013.03.03 22:24:03.604,1.30088,1.30103
2013.03.03 22:24:03.732,1.30088,1.30101
2013.03.03 22:24:04.391,1.30085,1.30101
2013.03.03 22:24:07.960,1.30085,1.30101
2013.03.03 22:24:08.201,1.30085,1.30099
2013.03.03 22:24:08.714,1.30092,1.30097
2013.03.03 22:24:13.600,1.30092,1.30099
2013.03.03 22:24:14.143,1.30092,1.30099
2013.03.03 22:24:58.318,1.30083,1.30099
2013.03.03 22:25:08.186,1.30081,1.30099
2013.03.03 22:25:10.651,1.30081,1.30099
2013.03.03 22:25:23.741,1.30081,1.30104
2013.03.03 22:25:23.800,1.30081,1.30101
2013.03.03 22:25:24.160,1.30082,1.30097
2013.03.03 22:25:26.072,1.30082,1.30099
2013.03.03 22:25:28.020,1.30083,1.30096
2013.03.03 22:25:28.202,1.30077,1.30099
2013.03.03 22:25:38.582,1.30077,1.30097
2013.03.03 22:25:40.911,1.30076,1.30096
2013.03.03 22:25:41.641,1.30078,1.30092
2013.03.03 22:25:43.331,1.3008,1.30088
2013.03.03 22:25:43.391,1.30079,1.30086
2013.03.03 22:25:46.051,1.30074,1.30088
2013.03.03 22:25:46.290,1.30071,1.30088
2013.03.03 22:25:49.442,1.30069,1.30088
2013.03.03 22:25:50.022,1.3007,1.30085
2013.03.03 22:25:55.581,1.30073,1.3008
2013.03.03 22:26:10.274,1.30067,1.30083
2013.03.03 22:26:23.605,1.30067,1.30081
2013.03.03 22:26:29.301,1.30066,1.3008
2013.03.03 22:26:34.984,1.30063,1.3008
2013.03.03 22:26:35.232,1.3006,1.30083
2013.03.03 22:26:49.631,1.30061,1.30088
2013.03.03 22:26:50.034,1.30062,1.3009
2013.03.03 22:26:50.352,1.30064,1.30093
2013.03.03 22:26:54.532,1.30062,1.30093
2013.03.03 22:26:55.521,1.30064,1.30094
2013.03.03 22:26:57.230,1.30065,1.30095
2013.03.03 22:26:57.601,1.30068,1.30098
2013.03.03 22:26:57.903,1.30077,1.30101
2013.03.03 22:26:58.321,1.30077,1.30103
2013.03.03 22:26:58.572,1.30083,1.30107
2013.03.03 22:26:58.631,1.30082,1.30105
2013.03.03 22:27:02.612,1.30081,1.30105
2013.03.03 22:27:02.952,1.30078,1.30102
2013.03.03 22:27:04.462,1.30077,1.30101
2013.03.03 22:27:04.580,1.30077,1.301
2013.03.03 22:27:07.571,1.30076,1.301
2013.03.03 22:27:12.361,1.30076,1.301
2013.03.03 22:27:29.652,1.30079,1.301
2013.03.03 22:27:30.010,1.3008,1.30104
2013.03.03 22:27:32.361,1.30081,1.30101
2013.03.03 22:27:32.860,1.30081,1.30103
2013.03.03 22:27:37.090,1.30081,1.30106
2013.03.03 22:27:37.542,1.30075,1.30105
2013.03.03 22:27:38.332,1.30075,1.30105
2013.03.03 22:27:44.531,1.30075,1.30105
2013.03.03 22:27:44.591,1.30075,1.30109
2013.03.03 22:27:44.650,1.30076,1.30111
2013.03.03 22:27:46.621,1.30078,1.30115
2013.03.03 22:27:49.501,1.3008,1.30118
2013.03.03 22:27:52.782,1.30089,1.30107
2013.03.03 22:27:53.141,1.30088,1.30106
2013.03.03 22:27:55.561,1.30088,1.30104
2013.03.03 22:27:56.253,1.30088,1.30102
2013.03.03 22:27:56.313,1.30085,1.30103
2013.03.03 22:27:58.008,1.30084,1.30102
2013.03.03 22:27:58.202,1.30082,1.30103
2013.03.03 22:28:12.601,1.30082,1.30101
2013.03.03 22:28:12.722,1.30086,1.30096
2013.03.03 22:28:12.782,1.30078,1.30102
2013.03.03 22:28:12.912,1.30078,1.301
2013.03.03 22:28:13.370,1.30078,1.30097
2013.03.03 22:28:14.393,1.30082,1.3009
2013.03.03 22:28:14.713,1.30079,1.30091
2013.03.03 22:28:14.841,1.30079,1.30089
2013.03.03 22:28:15.202,1.30075,1.30092
2013.03.03 22:28:15.331,1.30078,1.30088
2013.03.03 22:28:17.541,1.30076,1.30088
2013.03.03 22:28:17.781,1.30051,1.30116
2013.03.03 22:28:18.231,1.30052,1.30117
2013.03.03 22:28:18.551,1.30051,1.3012
2013.03.03 22:28:19.061,1.30061,1.30121
2013.03.03 22:28:24.252,1.30062,1.30119
2013.03.03 22:28:24.370,1.30066,1.30119
2013.03.03 22:28:24.700,1.30069,1.30122
2013.03.03 22:28:25.801,1.3007,1.30118
2013.03.03 22:28:26.891,1.30068,1.30117
2013.03.03 22:28:27.521,1.30072,1.3012
2013.03.03 22:28:37.711,1.30067,1.30122
2013.03.03 22:28:37.831,1.30074,1.30122
2013.03.03 22:28:41.251,1.30067,1.30122
2013.03.03 22:28:41.795,1.30066,1.30122
2013.03.03 22:28:44.538,1.30071,1.30122
2013.03.03 22:28:46.512,1.30069,1.30119
2013.03.03 22:28:46.571,1.30062,1.30119
2013.03.03 22:28:48.530,1.3006,1.30117
2013.03.03 22:28:50.222,1.3006,1.30117
2013.03.03 22:28:51.982,1.30065,1.30117
2013.03.03 22:28:54.990,1.30066,1.30117
2013.03.03 22:28:56.010,1.30066,1.30117
2013.03.03 22:28:56.559,1.30066,1.30117
2013.03.03 22:29:00.046,1.30065,1.30117
2013.03.03 22:29:00.361,1.30066,1.30117
2013.03.03 22:29:00.990,1.30066,1.30117
2013.03.03 22:29:04.171,1.30065,1.30117
2013.03.03 22:29:05.571,1.30065,1.30117
2013.03.03 22:29:07.092,1.30065,1.30117
2013.03.03 22:29:08.111,1.30065,1.30117
2013.03.03 22:29:10.942,1.30065,1.30117
2013.03.03 22:29:13.402,1.30067,1.30117
2013.03.03 22:29:14.851,1.30067,1.30117
2013.03.03 22:29:14.971,1.30066,1.30117
2013.03.03 22:29:16.300,1.30066,1.30117
2013.03.03 22:29:17.921,1.30066,1.30117
2013.03.03 22:29:18.871,1.30066,1.30117
2013.03.03 22:29:20.366,1.30069,1.30117
2013.03.03 22:29:20.960,1.30067,1.30117
2013.03.03 22:29:25.310,1.30065,1.30117
2013.03.03 22:29:25.370,1.30065,1.30116
2013.03.03 22:29:26.073,1.30066,1.30116
2013.03.03 22:29:30.301,1.30066,1.30115
2013.03.03 22:29:30.961,1.30065,1.30115
2013.03.03 22:29:31.081,1.30062,1.30115
2013.03.03 22:29:32.050,1.30062,1.30115
2013.03.03 22:29:33.851,1.30063,1.30115
2013.03.03 22:29:34.751,1.30063,1.30115
2013.03.03 22:29:36.470,1.30062,1.30115
2013.03.03 22:29:40.943,1.30065,1.30116
2013.03.03 22:29:45.771,1.30066,1.30116
2013.03.03 22:29:46.391,1.30066,1.30116
2013.03.03 22:29:46.585,1.30066,1.30116
2013.03.03 22:29:47.900,1.30065,1.30116
2013.03.03 22:29:48.693,1.30066,1.30116
2013.03.03 22:29:49.352,1.30066,1.30116
2013.03.03 22:29:50.380,1.30065,1.30116
2013.03.03 22:29:51.021,1.30066,1.30116
2013.03.03 22:29:52.090,1.30065,1.30116
2013.03.03 22:29:53.391,1.30063,1.30117
2013.03.03 22:29:55.505,1.30063,1.30117
2013.03.03 22:29:56.071,1.30066,1.30117
2013.03.03 22:29:56.606,1.30066,1.30116
2013.03.03 22:29:57.870,1.30066,1.30116
2013.03.03 22:29:58.171,1.30065,1.30116
2013.03.03 22:30:00.812,1.30066,1.30117
2013.03.03 22:30:00.991,1.30066,1.30117
2013.03.03 22:30:03.642,1.30065,1.30122
2013.03.03 22:30:04.143,1.30066,1.30122
2013.03.03 22:30:04.692,1.30066,1.30122
2013.03.03 22:30:06.090,1.30066,1.30122
2013.03.03 22:30:06.151,1.30066,1.30122
2013.03.03 22:30:07.301,1.30066,1.30122
2013.03.03 22:30:07.602,1.30077,1.30109
2013.03.03 22:30:07.921,1.30067,1.30118
2013.03.03 22:30:07.981,1.30061,1.30111
2013.03.03 22:30:09.741,1.30061,1.30116
2013.03.03 22:30:14.612,1.30067,1.30116
2013.03.03 22:30:15.351,1.30071,1.30116
2013.03.03 22:30:16.705,1.30069,1.30116
2013.03.03 22:30:18.657,1.30069,1.30116
2013.03.03 22:30:18.979,1.30075,1.30116
2013.03.03 22:30:24.760,1.30077,1.30116
2013.03.03 22:30:31.101,1.30078,1.30107
2013.03.03 22:30:32.461,1.30078,1.30107
2013.03.03 22:30:41.081,1.30078,1.30115
2013.03.03 22:30:43.372,1.30081,1.30107
2013.03.03 22:30:43.893,1.3008,1.30107
2013.03.03 22:30:44.411,1.3008,1.30107
2013.03.03 22:31:01.251,1.30077,1.30116
2013.03.03 22:31:02.542,1.30076,1.30113
2013.03.03 22:31:02.606,1.30076,1.30113
2013.03.03 22:31:07.782,1.30076,1.30113
2013.03.03 22:31:08.301,1.30077,1.30113
2013.03.03 22:31:09.332,1.30077,1.30112
2013.03.03 22:31:09.842,1.30078,1.30112
2013.03.03 22:31:10.571,1.30078,1.30112
2013.03.03 22:31:11.172,1.30078,1.30112
2013.03.03 22:31:12.602,1.30077,1.30112
2013.03.03 22:31:12.902,1.30076,1.30112
2013.03.03 22:31:15.365,1.30077,1.30112
2013.03.03 22:31:15.612,1.30076,1.30112
2013.03.03 22:31:18.032,1.30076,1.30112
2013.03.03 22:31:19.292,1.30076,1.30112
2013.03.03 22:31:20.261,1.30076,1.30112
2013.03.03 22:31:21.591,1.30076,1.30113
2013.03.03 22:31:21.772,1.30075,1.30112
2013.03.03 22:31:22.373,1.30075,1.30112
2013.03.03 22:31:27.141,1.30076,1.30112
2013.03.03 22:31:32.247,1.30074,1.30112
2013.03.03 22:31:32.812,1.30074,1.30112
2013.03.03 22:31:36.411,1.30075,1.30112
2013.03.03 22:31:38.013,1.30077,1.30112
2013.03.03 22:31:40.672,1.30076,1.30112
2013.03.03 22:31:41.192,1.30077,1.30112
2013.03.03 22:31:42.012,1.30075,1.30112
2013.03.03 22:31:42.311,1.30076,1.30112
2013.03.03 22:31:46.902,1.30075,1.30112
2013.03.03 22:31:47.081,1.30075,1.30112
2013.03.03 22:31:50.390,1.30076,1.30112
2013.03.03 22:31:50.931,1.30075,1.30112
2013.03.03 22:31:53.112,1.30076,1.30112
2013.03.03 22:31:56.202,1.30075,1.30112
2013.03.03 22:31:58.731,1.30076,1.30112
2013.03.03 22:31:59.392,1.30075,1.30112
2013.03.03 22:32:00.221,1.30076,1.30112
2013.03.03 22:32:00.869,1.30076,1.30112
2013.03.03 22:32:04.207,1.30076,1.30112
2013.03.03 22:32:04.277,1.30084,1.30112
2013.03.03 22:32:04.581,1.3009,1.30108
2013.03.03 22:32:16.452,1.30089,1.30111
2013.03.03 22:32:17.083,1.30088,1.30114
2013.03.03 22:32:21.491,1.30094,1.30111
2013.03.03 22:32:22.482,1.30096,1.30111
2013.03.03 22:32:23.031,1.30097,1.30112
2013.03.03 22:32:26.636,1.30098,1.30113
2013.03.03 22:32:27.771,1.301,1.30112
2013.03.03 22:32:29.038,1.30099,1.30116
2013.03.03 22:32:29.891,1.301,1.30117
2013.03.03 22:32:30.492,1.30102,1.30117
2013.03.03 22:32:36.221,1.30102,1.30119
2013.03.03 22:32:36.341,1.30103,1.3012
2013.03.03 22:32:40.441,1.3011,1.30127
2013.03.03 22:32:41.482,1.30113,1.30127
2013.03.03 22:32:45.344,1.30113,1.30127
2013.03.03 22:32:45.882,1.30112,1.30127
2013.03.03 22:32:46.363,1.30113,1.30126
2013.03.03 22:32:47.801,1.3011,1.30127
2013.03.03 22:32:50.932,1.30108,1.30127
2013.03.03 22:32:51.552,1.3011,1.30127
2013.03.03 22:32:53.314,1.30113,1.30127
2013.03.03 22:32:54.821,1.30113,1.30127
2013.03.03 22:32:56.031,1.30116,1.30127
2013.03.03 22:32:56.473,1.30118,1.30127
2013.03.03 22:32:57.413,1.30116,1.30127
2013.03.03 22:32:57.990,1.30114,1.30127
2013.03.03 22:32:59.222,1.30118,1.30127
2013.03.03 22:32:59.794,1.30118,1.30127
2013.03.03 22:33:00.341,1.30118,1.30127
2013.03.03 22:33:00.863,1.30121,1.30127
2013.03.03 22:33:01.101,1.30113,1.30127
2013.03.03 22:33:01.712,1.30114,1.30127
2013.03.03 22:33:07.322,1.30111,1.30127
2013.03.03 22:33:09.592,1.30111,1.30127
2013.03.03 22:33:10.193,1.30111,1.30127
2013.03.03 22:33:10.923,1.30106,1.30127
2013.03.03 22:33:12.501,1.30114,1.30127
2013.03.03 22:33:12.742,1.30114,1.30136
2013.03.03 22:33:12.802,1.30114,1.30136
2013.03.03 22:33:14.152,1.30114,1.30136
2013.03.03 22:33:17.981,1.30114,1.30136
2013.03.03 22:33:22.551,1.30114,1.30137
2013.03.03 22:33:22.992,1.30114,1.30137
2013.03.03 22:33:23.171,1.30114,1.30137
2013.03.03 22:33:25.802,1.3011,1.30137
2013.03.03 22:33:28.923,1.30114,1.30136
2013.03.03 22:33:35.433,1.3011,1.30137
2013.03.03 22:33:46.503,1.30114,1.30136
2013.03.03 22:33:47.692,1.30108,1.30137
2013.03.03 22:34:12.533,1.30105,1.30137
2013.03.03 22:34:13.390,1.30105,1.30137
2013.03.03 22:34:13.450,1.30105,1.30137
2013.03.03 22:34:17.471,1.30109,1.30137
2013.03.03 22:34:18.012,1.3011,1.30142
2013.03.03 22:34:20.832,1.3011,1.30142
2013.03.03 22:34:20.892,1.30113,1.30147
2013.03.03 22:34:21.503,1.30116,1.30152
2013.03.03 22:34:22.141,1.30116,1.30152
2013.03.03 22:34:23.101,1.30117,1.30152
2013.03.03 22:34:24.042,1.30117,1.30152
2013.03.03 22:34:24.993,1.30117,1.30152
2013.03.03 22:34:25.731,1.30116,1.30152
2013.03.03 22:34:26.082,1.30117,1.30152
2013.03.03 22:34:27.201,1.30116,1.30152
2013.03.03 22:34:27.262,1.30115,1.30152
2013.03.03 22:34:28.052,1.30115,1.30152
2013.03.03 22:34:33.202,1.30113,1.30147
2013.03.03 22:34:35.201,1.30113,1.30147
2013.03.03 22:34:35.751,1.30115,1.30152
2013.03.03 22:34:36.052,1.30116,1.30153
2013.03.03 22:34:59.714,1.30115,1.30147
2013.03.03 22:34:59.892,1.30112,1.30149
2013.03.03 22:35:09.602,1.30115,1.30148
2013.03.03 22:35:10.302,1.30114,1.30148
2013.03.03 22:35:11.041,1.30114,1.30148
2013.03.03 22:35:12.513,1.30115,1.30148
2013.03.03 22:35:16.475,1.30116,1.30148
2013.03.03 22:35:18.181,1.30116,1.30149
2013.03.03 22:35:19.092,1.30116,1.30149
2013.03.03 22:35:20.941,1.3011,1.30149
2013.03.03 22:35:23.452,1.30114,1.30148
2013.03.03 22:35:23.752,1.30111,1.30149
2013.03.03 22:35:31.081,1.30114,1.30149
2013.03.03 22:35:34.031,1.30111,1.30148
2013.03.03 22:35:40.723,1.30111,1.30148
2013.03.03 22:35:41.290,1.30112,1.30148
2013.03.03 22:35:41.875,1.30112,1.30148
2013.03.03 22:35:47.244,1.30112,1.30149
2013.03.03 22:35:47.774,1.30111,1.30148
2013.03.03 22:35:51.274,1.30111,1.30148
2013.03.03 22:35:57.312,1.30113,1.30148
2013.03.03 22:35:57.882,1.30111,1.30148
2013.03.03 22:36:05.533,1.3011,1.30146
2013.03.03 22:36:09.422,1.30111,1.30146
2013.03.03 22:36:11.163,1.3011,1.30146
2013.03.03 22:36:22.737,1.30111,1.30146
2013.03.03 22:36:24.092,1.3011,1.30146
2013.03.03 22:36:31.131,1.30112,1.30146
2013.03.03 22:36:31.702,1.30112,1.30146
2013.03.03 22:36:33.453,1.30112,1.30148
2013.03.03 22:36:36.243,1.30112,1.30148
2013.03.03 22:36:41.272,1.30115,1.30147
2013.03.03 22:36:43.372,1.30114,1.30147
2013.03.03 22:36:55.765,1.30115,1.30147
2013.03.03 22:36:56.074,1.30119,1.30146
2013.03.03 22:36:56.682,1.30123,1.30144
2013.03.03 22:36:56.981,1.30122,1.30147
2013.03.03 22:36:57.122,1.30123,1.30149
2013.03.03 22:36:57.243,1.30124,1.3015
2013.03.03 22:36:57.683,1.30123,1.30153
2013.03.03 22:36:57.742,1.30125,1.30153
2013.03.03 22:36:57.863,1.30123,1.30158
2013.03.03 22:36:59.012,1.30129,1.30153
2013.03.03 22:36:59.552,1.30128,1.30164
2013.03.03 22:37:00.105,1.30129,1.30164
2013.03.03 22:37:02.052,1.30129,1.30164
2013.03.03 22:37:02.669,1.30129,1.30164
2013.03.03 22:37:04.523,1.30131,1.30165
2013.03.03 22:37:04.582,1.30131,1.30165
2013.03.03 22:37:04.942,1.30136,1.30164
2013.03.03 22:37:05.063,1.30141,1.30164
2013.03.03 22:37:05.672,1.30138,1.30167
2013.03.03 22:37:05.933,1.30142,1.30174
2013.03.03 22:37:07.464,1.30142,1.30174
2013.03.03 22:37:12.992,1.30155,1.30169
2013.03.03 22:37:14.243,1.30156,1.30169
2013.03.03 22:37:14.423,1.30144,1.30169
2013.03.03 22:37:17.612,1.30152,1.30172
2013.03.03 22:37:17.792,1.30146,1.30172
2013.03.03 22:37:18.033,1.3016,1.30172
2013.03.03 22:37:26.612,1.30163,1.30173
2013.03.03 22:37:27.321,1.30163,1.30173
2013.03.03 22:37:27.965,1.30155,1.30174
2013.03.03 22:37:38.333,1.30154,1.30174
2013.03.03 22:37:39.586,1.30158,1.30172
2013.03.03 22:37:39.894,1.30158,1.30175
2013.03.03 22:37:40.006,1.30161,1.30178
2013.03.03 22:37:40.543,1.30161,1.30177
2013.03.03 22:37:41.103,1.30158,1.30175
2013.03.03 22:37:48.014,1.30158,1.30175
2013.03.03 22:37:52.762,1.30158,1.30175
2013.03.03 22:37:56.712,1.30153,1.30173
2013.03.03 22:38:08.213,1.30152,1.30173
2013.03.03 22:38:37.012,1.30156,1.30172
2013.03.03 22:38:37.574,1.30156,1.30174
2013.03.03 22:38:40.552,1.30156,1.30173
2013.03.03 22:38:41.092,1.30157,1.30174
2013.03.03 22:38:41.511,1.30157,1.30174
2013.03.03 22:38:43.042,1.30157,1.30176
2013.03.03 22:38:43.501,1.30156,1.30176
2013.03.03 22:38:44.791,1.30156,1.30174
2013.03.03 22:38:46.332,1.30156,1.30174
2013.03.03 22:38:46.571,1.30156,1.30173
2013.03.03 22:38:49.271,1.30156,1.30173
2013.03.03 22:38:51.432,1.30154,1.30164
2013.03.03 22:38:53.245,1.30156,1.30171
2013.03.03 22:38:53.312,1.30165,1.30171
2013.03.03 22:38:53.572,1.30165,1.30173
2013.03.03 22:38:53.931,1.30154,1.30171
2013.03.03 22:38:54.651,1.30156,1.30172
2013.03.03 22:38:55.043,1.30154,1.30172
2013.03.03 22:38:56.242,1.30154,1.3017
2013.03.03 22:38:56.786,1.30154,1.30168
2013.03.03 22:38:58.422,1.30156,1.30169
2013.03.03 22:38:59.572,1.30155,1.30172
2013.03.03 22:38:59.692,1.30156,1.30173
2013.03.03 22:39:01.291,1.30164,1.30173
2013.03.03 22:39:01.653,1.30158,1.30177
2013.03.03 22:39:05.262,1.30152,1.30172
2013.03.03 22:39:37.413,1.30154,1.30173
2013.03.03 22:39:51.102,1.30153,1.30172
2013.03.03 22:40:11.702,1.30151,1.30171
2013.03.03 22:40:40.973,1.30157,1.30172
2013.03.03 22:40:42.242,1.30157,1.30173
2013.03.03 22:40:42.362,1.30157,1.30173
2013.03.03 22:40:58.423,1.30149,1.30169
2013.03.03 22:40:59.273,1.3016,1.30169
2013.03.03 22:41:03.123,1.30149,1.30168
2013.03.03 22:42:01.952,1.30154,1.3017
2013.03.03 22:42:03.382,1.30156,1.30171
2013.03.03 22:42:04.602,1.30156,1.30163
2013.03.03 22:42:07.054,1.30153,1.30164
2013.03.03 22:42:07.184,1.30158,1.30171
2013.03.03 22:42:08.143,1.30155,1.30171
2013.03.03 22:42:08.942,1.30155,1.30171
2013.03.03 22:42:11.193,1.30154,1.30166
2013.03.03 22:42:11.504,1.30154,1.30163
2013.03.03 22:42:11.563,1.30149,1.30166
2013.03.03 22:42:11.623,1.30146,1.30167
2013.03.03 22:42:11.683,1.3015,1.30161
2013.03.03 22:42:11.744,1.30144,1.30165
2013.03.03 22:42:12.044,1.30144,1.30163
2013.03.03 22:42:13.283,1.30144,1.30161
2013.03.03 22:42:14.981,1.30143,1.3016
2013.03.03 22:42:20.523,1.30146,1.30155
2013.03.03 22:42:21.100,1.30146,1.30154
2013.03.03 22:42:21.403,1.30143,1.30155
2013.03.03 22:42:23.522,1.30141,1.30155
2013.03.03 22:42:23.882,1.30143,1.3015
2013.03.03 22:42:24.182,1.30141,1.3015
2013.03.03 22:42:24.301,1.3014,1.30149
2013.03.03 22:42:24.422,1.3013,1.30146
2013.03.03 22:42:25.472,1.3013,1.30146
2013.03.03 22:42:27.272,1.30125,1.30144
2013.03.03 22:42:27.513,1.30123,1.30144
2013.03.03 22:42:35.312,1.30133,1.30138
2013.03.03 22:42:35.732,1.30125,1.30144
2013.03.03 22:42:38.182,1.30126,1.30144
2013.03.03 22:42:38.467,1.3013,1.30146
2013.03.03 22:42:42.013,1.30131,1.30149
2013.03.03 22:42:44.002,1.30131,1.30149
2013.03.03 22:42:46.182,1.3013,1.30148
2013.03.03 22:42:48.072,1.30132,1.30148
2013.03.03 22:42:48.373,1.30131,1.30151
2013.03.03 22:42:48.432,1.30133,1.30151
2013.03.03 22:42:48.613,1.30133,1.30154
2013.03.03 22:42:49.165,1.3014,1.30159
2013.03.03 22:42:49.812,1.3014,1.30159
2013.03.03 22:42:49.932,1.3014,1.30159
2013.03.03 22:42:51.935,1.3014,1.30158
2013.03.03 22:42:55.833,1.30136,1.30158
2013.03.03 22:42:56.623,1.30148,1.30158
2013.03.03 22:43:01.726,1.30148,1.30155
2013.03.03 22:43:07.024,1.30148,1.30158
2013.03.03 22:43:09.095,1.30147,1.30155
2013.03.03 22:43:09.604,1.30147,1.30155
2013.03.03 22:43:11.313,1.30146,1.30153
2013.03.03 22:43:13.852,1.30147,1.30157
2013.03.03 22:43:22.922,1.30138,1.30157
2013.03.03 22:43:23.614,1.30138,1.30155
2013.03.03 22:43:32.085,1.30141,1.30158
2013.03.03 22:44:11.892,1.30135,1.30161
2013.03.03 22:44:28.082,1.30135,1.30159
2013.03.03 22:44:30.954,1.30135,1.30158
2013.03.03 22:44:33.810,1.30137,1.30158
2013.03.03 22:44:34.355,1.30137,1.30161
2013.03.03 22:44:36.163,1.30137,1.3016
2013.03.03 22:44:36.322,1.30135,1.30159
2013.03.03 22:44:39.242,1.30136,1.30159
2013.03.03 22:44:42.973,1.30138,1.30159
2013.03.03 22:44:43.282,1.30142,1.30159
2013.03.03 22:44:49.413,1.30148,1.30156
2013.03.03 22:44:49.852,1.30149,1.30166
2013.03.03 22:44:53.082,1.30149,1.30166
2013.03.03 22:44:53.442,1.30149,1.30163
2013.03.03 22:44:53.801,1.30149,1.30166
2013.03.03 22:44:54.713,1.30147,1.30162
2013.03.03 22:44:54.833,1.30145,1.3016
2013.03.03 22:44:56.912,1.30141,1.30162
2013.03.03 22:44:57.553,1.30141,1.30162
2013.03.03 22:44:58.643,1.3014,1.30161
2013.03.03 22:45:01.793,1.3014,1.30159
2013.03.03 22:45:12.192,1.3014,1.30161
2013.03.03 22:45:13.872,1.30137,1.30161
2013.03.03 22:45:17.022,1.30136,1.30157
2013.03.03 22:45:17.483,1.30141,1.30158
2013.03.03 22:45:17.542,1.30141,1.30161
2013.03.03 22:45:17.783,1.30144,1.30165
2013.03.03 22:45:18.962,1.30142,1.30165
2013.03.03 22:45:21.332,1.30142,1.30162
2013.03.03 22:45:52.409,1.30143,1.30163
2013.03.03 22:45:58.502,1.30142,1.30164
2013.03.03 22:45:59.538,1.30141,1.30162
2013.03.03 22:46:04.242,1.30141,1.30161
2013.03.03 22:46:06.366,1.30141,1.30161
2013.03.03 22:46:07.054,1.30145,1.30154
2013.03.03 22:46:07.233,1.30143,1.30154
2013.03.03 22:46:08.535,1.30137,1.30157
2013.03.03 22:47:00.352,1.30139,1.30152
2013.03.03 22:47:00.856,1.30136,1.30153
2013.03.03 22:47:05.203,1.30137,1.3015
2013.03.03 22:47:05.325,1.30136,1.3015
2013.03.03 22:47:05.384,1.30135,1.3015
2013.03.03 22:47:05.445,1.30133,1.3015
2013.03.03 22:47:05.693,1.3013,1.3015
2013.03.03 22:47:05.874,1.30129,1.30149
2013.03.03 22:47:07.313,1.30129,1.30146
2013.03.03 22:47:12.603,1.30129,1.30145
2013.03.03 22:47:24.573,1.30127,1.30144
2013.03.03 22:47:25.122,1.30128,1.30141
2013.03.03 22:47:25.925,1.30126,1.30141
2013.03.03 22:47:28.183,1.30124,1.30141
2013.03.03 22:47:28.542,1.30124,1.30143
2013.03.03 22:47:37.705,1.30129,1.30136
2013.03.03 22:47:37.833,1.30127,1.30136
2013.03.03 22:47:37.952,1.30126,1.30135
2013.03.03 22:47:40.792,1.30117,1.30132
2013.03.03 22:47:50.213,1.30126,1.30134
2013.03.03 22:47:50.273,1.3013,1.30139
2013.03.03 22:47:50.693,1.30121,1.30134
2013.03.03 22:47:50.812,1.30117,1.30133
2013.03.03 22:47:51.112,1.30111,1.30133
2013.03.03 22:47:56.278,1.30108,1.30132
2013.03.03 22:48:03.593,1.3011,1.30131
2013.03.03 22:48:12.283,1.30108,1.3013
2013.03.03 22:48:14.313,1.3011,1.30132
2013.03.03 22:48:16.510,1.30109,1.30131
2013.03.03 22:48:16.803,1.30119,1.30131
2013.03.03 22:48:19.150,1.3011,1.30132
2013.03.03 22:49:16.842,1.30113,1.30134
2013.03.03 22:49:17.142,1.30117,1.30134
2013.03.03 22:49:17.443,1.30119,1.30134
2013.03.03 22:49:17.702,1.30119,1.30137
2013.03.03 22:49:19.714,1.30116,1.30137
2013.03.03 22:49:20.802,1.30116,1.30137
2013.03.03 22:49:24.272,1.30117,1.30137
2013.03.03 22:49:24.332,1.30117,1.30135
2013.03.03 22:49:25.372,1.30114,1.30135
2013.03.03 22:49:25.767,1.30118,1.30135
2013.03.03 22:49:27.273,1.30118,1.30138
2013.03.03 22:49:27.492,1.30116,1.30138
2013.03.03 22:49:28.642,1.30116,1.30133
2013.03.03 22:49:29.182,1.30111,1.30133
2013.03.03 22:49:30.688,1.30113,1.30135
2013.03.03 22:49:33.659,1.30113,1.30136
2013.03.03 22:49:35.142,1.30113,1.30136
2013.03.03 22:49:36.792,1.30112,1.30134
2013.03.03 22:49:39.272,1.30112,1.30134
2013.03.03 22:49:39.708,1.30116,1.30135
2013.03.03 22:49:47.312,1.30116,1.30133
2013.03.03 22:49:48.822,1.30118,1.30133
2013.03.03 22:49:49.869,1.30119,1.30133
2013.03.03 22:49:49.938,1.30119,1.30137
2013.03.03 22:49:50.999,1.30119,1.30137
2013.03.03 22:49:51.122,1.30116,1.30137
2013.03.03 22:49:52.112,1.30116,1.30137
2013.03.03 22:49:52.742,1.30115,1.30134
2013.03.03 22:49:53.493,1.30113,1.30134
2013.03.03 22:49:53.552,1.30113,1.30134
2013.03.03 22:49:54.092,1.30116,1.30134
2013.03.03 22:49:54.632,1.30111,1.30134
2013.03.03 22:49:58.102,1.30111,1.30133
2013.03.03 22:50:03.302,1.3011,1.30133
2013.03.03 22:50:03.683,1.30111,1.30133
2013.03.03 22:50:05.602,1.30111,1.30135
2013.03.03 22:50:06.752,1.30112,1.30135
2013.03.03 22:50:07.302,1.30115,1.30135
2013.03.03 22:50:08.523,1.30115,1.30135
2013.03.03 22:50:09.732,1.30116,1.30135
2013.03.03 22:50:15.362,1.30116,1.30135
2013.03.03 22:50:16.254,1.30117,1.30135
2013.03.03 22:50:19.413,1.30117,1.30136
2013.03.03 22:50:21.822,1.30115,1.30136
2013.03.03 22:50:21.886,1.30115,1.30133
2013.03.03 22:50:22.892,1.30116,1.30133
2013.03.03 22:50:24.092,1.30116,1.30136
2013.03.03 22:50:24.613,1.30117,1.30136
2013.03.03 22:50:25.523,1.30119,1.30136
2013.03.03 22:50:27.118,1.30119,1.30137
2013.03.03 22:50:27.892,1.30116,1.30137
2013.03.03 22:50:28.965,1.30112,1.30133
2013.03.03 22:50:30.856,1.30118,1.30136
2013.03.03 22:50:31.475,1.30117,1.30136
2013.03.03 22:50:33.107,1.30118,1.30136
2013.03.03 22:50:33.842,1.30118,1.30138
2013.03.03 22:50:34.472,1.30117,1.30138
2013.03.03 22:50:35.753,1.30113,1.30137
2013.03.03 22:50:36.612,1.30113,1.30137
2013.03.03 22:50:36.952,1.30113,1.30135
2013.03.03 22:50:40.863,1.30118,1.30135
2013.03.03 22:50:41.164,1.30118,1.30133
2013.03.03 22:50:41.800,1.30119,1.30133
2013.03.03 22:50:41.983,1.30119,1.30137
2013.03.03 22:50:43.543,1.30115,1.30138
2013.03.03 22:50:46.475,1.30115,1.30136
2013.03.03 22:50:48.343,1.30113,1.30136
2013.03.03 22:50:49.463,1.30113,1.30135
2013.03.03 22:50:53.297,1.30113,1.30135
2013.03.03 22:50:53.603,1.30115,1.30133
2013.03.03 22:50:54.163,1.30115,1.30133
2013.03.03 22:50:54.313,1.30115,1.30137
2013.03.03 22:50:54.672,1.30118,1.30137
2013.03.03 22:50:55.954,1.30117,1.30137
2013.03.03 22:50:58.522,1.30114,1.30137
2013.03.03 22:50:58.583,1.30116,1.30137
2013.03.03 22:50:59.106,1.30119,1.30137
2013.03.03 22:51:04.395,1.30119,1.30139
2013.03.03 22:51:07.104,1.30118,1.30139
2013.03.03 22:51:09.033,1.30117,1.30137
2013.03.03 22:51:09.493,1.30116,1.30133
2013.03.03 22:51:11.443,1.30116,1.30136
2013.03.03 22:51:14.404,1.30116,1.30135
2013.03.03 22:51:17.544,1.30116,1.30133
2013.03.03 22:51:17.983,1.30111,1.30133
2013.03.03 22:51:18.043,1.30111,1.30133
2013.03.03 22:51:20.603,1.30112,1.30134
2013.03.03 22:51:21.147,1.3011,1.30134
2013.03.03 22:51:26.955,1.30111,1.30133
2013.03.03 22:51:27.253,1.30109,1.30133
2013.03.03 22:51:28.652,1.30108,1.30133
2013.03.03 22:51:29.166,1.30114,1.30133
2013.03.03 22:51:30.363,1.30114,1.30135
2013.03.03 22:51:33.213,1.30115,1.30135
2013.03.03 22:51:33.273,1.30116,1.30133
2013.03.03 22:51:34.572,1.30113,1.30133
2013.03.03 22:51:35.171,1.30117,1.30133
2013.03.03 22:51:35.413,1.30115,1.30133
2013.03.03 22:51:36.433,1.30115,1.30135
2013.03.03 22:51:38.233,1.30118,1.30135
2013.03.03 22:51:38.753,1.30115,1.30135
2013.03.03 22:51:39.053,1.30115,1.30138
2013.03.03 22:51:49.092,1.30118,1.30135
2013.03.03 22:51:51.142,1.30119,1.30135
2013.03.03 22:51:51.701,1.30116,1.30135
2013.03.03 22:51:53.233,1.30116,1.30138
2013.03.03 22:51:53.782,1.30121,1.30138
2013.03.03 22:51:58.202,1.30121,1.30136
2013.03.03 22:51:58.263,1.30116,1.30136
2013.03.03 22:51:58.805,1.30113,1.30136
2013.03.03 22:51:59.371,1.30118,1.30136
2013.03.03 22:52:03.403,1.30119,1.30136
2013.03.03 22:52:04.293,1.30119,1.30137
2013.03.03 22:52:07.923,1.30119,1.30135
2013.03.03 22:52:08.630,1.3012,1.30135
2013.03.03 22:52:09.843,1.3012,1.30138
2013.03.03 22:52:10.349,1.30121,1.30138
2013.03.03 22:52:15.222,1.30119,1.30138
2013.03.03 22:52:15.345,1.30115,1.30138
2013.03.03 22:52:15.403,1.30114,1.30135
2013.03.03 22:52:16.590,1.3012,1.30135
2013.03.03 22:52:17.326,1.3012,1.30137
2013.03.03 22:52:18.030,1.30119,1.30137
2013.03.03 22:52:20.162,1.3012,1.30137
2013.03.03 22:52:20.353,1.30118,1.30135
2013.03.03 22:52:21.872,1.30119,1.30135
2013.03.03 22:52:22.172,1.3012,1.30138
2013.03.03 22:52:24.586,1.3012,1.30135
2013.03.03 22:52:24.943,1.30122,1.30135
2013.03.03 22:52:25.304,1.30125,1.30135
2013.03.03 22:52:25.684,1.30125,1.30141
2013.03.03 22:52:29.853,1.30126,1.3014
2013.03.03 22:52:30.164,1.30119,1.3014
2013.03.03 22:52:31.732,1.30119,1.3014
2013.03.03 22:52:32.315,1.30121,1.30136
2013.03.03 22:52:32.923,1.30121,1.30136
2013.03.03 22:52:33.264,1.30119,1.30136
2013.03.03 22:52:34.044,1.3012,1.30138
2013.03.03 22:52:38.782,1.30118,1.30138
2013.03.03 22:52:38.924,1.30119,1.30135
2013.03.03 22:52:39.286,1.3012,1.30135
2013.03.03 22:52:40.453,1.3012,1.30139
2013.03.03 22:52:44.823,1.30126,1.30139
2013.03.03 22:52:45.584,1.30121,1.30139
2013.03.03 22:52:46.148,1.30122,1.30139
2013.03.03 22:52:48.692,1.30121,1.30139
2013.03.03 22:52:50.243,1.3012,1.30139
2013.03.03 22:52:50.303,1.30122,1.30139
2013.03.03 22:52:50.806,1.30122,1.30137
2013.03.03 22:52:51.466,1.30121,1.30137
2013.03.03 22:52:52.552,1.30121,1.30139
2013.03.03 22:52:53.123,1.3012,1.30139
2013.03.03 22:52:54.774,1.30119,1.30139
2013.03.03 22:52:54.834,1.30115,1.30139
2013.03.03 22:52:54.893,1.30115,1.30136
2013.03.03 22:52:56.335,1.30114,1.30136
2013.03.03 22:52:56.632,1.30119,1.30138
2013.03.03 22:53:01.144,1.30117,1.30138
2013.03.03 22:53:01.264,1.30119,1.30135
2013.03.03 22:53:01.863,1.30119,1.30135
2013.03.03 22:53:02.373,1.30116,1.30135
2013.03.03 22:53:02.492,1.30117,1.30135
2013.03.03 22:53:02.553,1.30117,1.30139
2013.03.03 22:53:05.733,1.30118,1.3014
2013.03.03 22:53:06.243,1.3012,1.3014
2013.03.03 22:53:07.415,1.30121,1.30136
2013.03.03 22:53:08.073,1.30121,1.3014
2013.03.03 22:53:08.793,1.3012,1.3014
2013.03.03 22:53:11.823,1.3012,1.3014
2013.03.03 22:53:12.263,1.30117,1.3014
2013.03.03 22:53:12.692,1.30122,1.30142
2013.03.03 22:53:16.013,1.30123,1.30143
2013.03.03 22:53:16.892,1.30123,1.30143
2013.03.03 22:53:18.304,1.30121,1.3014
2013.03.03 22:53:18.662,1.30123,1.3014
2013.03.03 22:53:18.722,1.30125,1.30143
2013.03.03 22:53:21.775,1.30126,1.30144
2013.03.03 22:53:24.087,1.30127,1.30145
2013.03.03 22:53:28.324,1.30126,1.30144
2013.03.03 22:53:29.823,1.30126,1.30144
2013.03.03 22:53:30.362,1.30126,1.30144
2013.03.03 22:53:32.773,1.30123,1.30144
2013.03.03 22:53:35.223,1.30122,1.30142
2013.03.03 22:53:40.145,1.30125,1.30144
2013.03.03 22:53:50.323,1.30127,1.30144
2013.03.03 22:53:50.962,1.30127,1.30143
2013.03.03 22:53:51.262,1.30124,1.30143
2013.03.03 22:53:54.162,1.30124,1.30143
2013.03.03 22:53:55.222,1.30123,1.30141
2013.03.03 22:53:55.771,1.30123,1.30143
2013.03.03 22:53:56.332,1.30122,1.30142
2013.03.03 22:53:59.284,1.30122,1.30142
2013.03.03 22:54:02.383,1.30123,1.30142
2013.03.03 22:54:05.004,1.30122,1.30141
2013.03.03 22:54:06.113,1.30122,1.30141
2013.03.03 22:54:07.534,1.30123,1.30142
2013.03.03 22:54:08.823,1.30122,1.3014
2013.03.03 22:54:09.486,1.30122,1.30141
2013.03.03 22:54:10.573,1.30122,1.30141
2013.03.03 22:54:13.602,1.3012,1.3014
2013.03.03 22:54:14.213,1.30123,1.3014
2013.03.03 22:54:14.392,1.30124,1.30142
2013.03.03 22:54:18.662,1.30126,1.30143
2013.03.03 22:54:20.614,1.30126,1.30144
2013.03.03 22:54:23.292,1.30126,1.30143
2013.03.03 22:54:25.222,1.30125,1.30143
2013.03.03 22:54:26.242,1.30125,1.30144
2013.03.03 22:54:28.883,1.30127,1.30144
2013.03.03 22:54:29.521,1.30128,1.30144
2013.03.03 22:54:30.873,1.30127,1.30144
2013.03.03 22:54:36.234,1.30127,1.30144
2013.03.03 22:54:39.262,1.30126,1.30144
2013.03.03 22:54:40.021,1.30127,1.30144
2013.03.03 22:54:42.023,1.30125,1.30144
2013.03.03 22:54:47.674,1.30122,1.30142
2013.03.03 22:54:50.095,1.30123,1.30143
2013.03.03 22:54:52.642,1.30122,1.30142
2013.03.03 22:54:52.944,1.30123,1.3014
2013.03.03 22:54:53.304,1.30122,1.3014
2013.03.03 22:54:54.543,1.30124,1.30141
2013.03.03 22:54:57.574,1.30123,1.3014
2013.03.03 22:54:59.571,1.30122,1.3014
2013.03.03 22:55:02.444,1.30123,1.3014
2013.03.03 22:55:05.493,1.30124,1.3014
2013.03.03 22:55:07.174,1.30121,1.30138
2013.03.03 22:55:08.183,1.30123,1.3014
2013.03.03 22:55:10.883,1.30125,1.3014
2013.03.03 22:55:12.433,1.30121,1.30138
2013.03.03 22:55:12.493,1.30123,1.30138
2013.03.03 22:55:12.807,1.30125,1.3014
2013.03.03 22:55:15.641,1.30126,1.30145
2013.03.03 22:55:16.394,1.30128,1.30145
2013.03.03 22:55:20.833,1.30129,1.30145
2013.03.03 22:55:26.194,1.3013,1.30145
2013.03.03 22:55:27.244,1.30126,1.30145
2013.03.03 22:55:28.814,1.30125,1.30141
2013.03.03 22:55:30.276,1.30125,1.30143
2013.03.03 22:55:31.823,1.30122,1.3014
2013.03.03 22:55:33.103,1.30124,1.30143
2013.03.03 22:55:36.526,1.30123,1.30142
2013.03.03 22:55:38.045,1.30124,1.30143
2013.03.03 22:55:41.583,1.30124,1.30142
2013.03.03 22:55:42.583,1.30125,1.30143
2013.03.03 22:55:45.634,1.30124,1.30143
2013.03.03 22:55:47.423,1.30123,1.30141
2013.03.03 22:55:48.275,1.30124,1.30143
2013.03.03 22:55:50.914,1.30122,1.30141
2013.03.03 22:55:54.443,1.30121,1.30142
2013.03.03 22:55:55.244,1.30121,1.30142
2013.03.03 22:55:56.124,1.30122,1.30143
2013.03.03 22:55:57.213,1.30128,1.30143
2013.03.03 22:55:58.143,1.30126,1.30144
2013.03.03 22:55:58.783,1.30127,1.30144
2013.03.03 22:55:59.576,1.30125,1.30143
2013.03.03 22:56:03.334,1.30123,1.30142
2013.03.03 22:56:05.242,1.30121,1.3014
2013.03.03 22:56:06.153,1.30121,1.30138
2013.03.03 22:56:06.857,1.30121,1.30134
2013.03.03 22:56:08.013,1.30121,1.30136
2013.03.03 22:56:08.543,1.30122,1.30136
2013.03.03 22:56:09.403,1.30122,1.30134
2013.03.03 22:56:11.714,1.3012,1.30134
2013.03.03 22:56:12.143,1.3012,1.30132
2013.03.03 22:56:13.733,1.3012,1.30133
2013.03.03 22:56:14.343,1.3012,1.30132
2013.03.03 22:56:14.823,1.30118,1.30132
2013.03.03 22:56:16.115,1.30118,1.30139
2013.03.03 22:56:16.434,1.30121,1.30135
2013.03.03 22:56:17.226,1.30121,1.30137
2013.03.03 22:56:17.294,1.30121,1.30139
2013.03.03 22:56:17.814,1.30121,1.30139
2013.03.03 22:56:18.124,1.30121,1.30135
2013.03.03 22:56:18.692,1.30121,1.30135
2013.03.03 22:56:18.993,1.30121,1.30133
2013.03.03 22:56:19.423,1.30119,1.30133
2013.03.03 22:56:19.894,1.30119,1.30135
2013.03.03 22:56:20.573,1.30119,1.30134
2013.03.03 22:56:21.164,1.30119,1.30135
2013.03.03 22:56:21.633,1.30119,1.30135
2013.03.03 22:56:22.184,1.30119,1.30136
2013.03.03 22:56:22.773,1.30119,1.30136
2013.03.03 22:56:25.613,1.30119,1.30133
2013.03.03 22:56:25.734,1.30119,1.30135
2013.03.03 22:56:27.453,1.3012,1.30133
2013.03.03 22:56:28.553,1.3012,1.30135
2013.03.03 22:56:29.102,1.30121,1.30135
2013.03.03 22:56:29.613,1.30121,1.30135
2013.03.03 22:56:30.853,1.30121,1.30135
2013.03.03 22:56:31.203,1.30118,1.30134
2013.03.03 22:56:31.324,1.30118,1.30134
2013.03.03 22:56:32.273,1.30118,1.30131
2013.03.03 22:56:32.333,1.30118,1.30133
2013.03.03 22:56:32.454,1.30114,1.30133
2013.03.03 22:56:33.756,1.30117,1.30134
2013.03.03 22:56:34.063,1.30117,1.3013
2013.03.03 22:56:34.714,1.30113,1.3013
2013.03.03 22:56:35.313,1.30113,1.30129
2013.03.03 22:56:35.493,1.30114,1.30131
2013.03.03 22:56:35.733,1.3012,1.30133
2013.03.03 22:56:35.933,1.3012,1.30136
2013.03.03 22:56:36.478,1.3012,1.3014
2013.03.03 22:56:36.616,1.3012,1.30135
2013.03.03 22:56:41.274,1.3012,1.3014
2013.03.03 22:56:44.503,1.3012,1.30135
2013.03.03 22:56:44.682,1.30121,1.30134
2013.03.03 22:56:45.904,1.30121,1.30134
2013.03.03 22:56:46.091,1.30117,1.30132
2013.03.03 22:56:46.882,1.30117,1.30133
2013.03.03 22:56:49.052,1.30117,1.30136
2013.03.03 22:56:49.895,1.30119,1.30137
2013.03.03 22:56:50.353,1.3012,1.30137
2013.03.03 22:56:52.352,1.30121,1.30137
2013.03.03 22:56:56.293,1.3012,1.30135
2013.03.03 22:56:56.814,1.3012,1.30138
2013.03.03 22:56:58.185,1.3012,1.30139
2013.03.03 22:57:04.004,1.30117,1.30138
2013.03.03 22:57:06.803,1.30119,1.30139
2013.03.03 22:57:21.073,1.3012,1.30137
2013.03.03 22:57:21.374,1.30125,1.30142
2013.03.03 22:57:26.104,1.30122,1.3014
2013.03.03 22:57:32.264,1.30123,1.3014
2013.03.03 22:57:33.018,1.30123,1.3014
2013.03.03 22:57:38.214,1.30123,1.30141
2013.03.03 22:57:41.237,1.30123,1.30141
2013.03.03 22:57:44.034,1.30122,1.30139
2013.03.03 22:57:46.962,1.30122,1.3014
2013.03.03 22:57:55.225,1.30123,1.3014
2013.03.03 22:57:55.533,1.30125,1.30138
2013.03.03 22:58:01.163,1.30125,1.30143
2013.03.03 22:58:24.173,1.30129,1.30143
2013.03.03 22:58:24.293,1.3013,1.30143
2013.03.03 22:58:25.351,1.30132,1.30151
2013.03.03 22:58:25.714,1.30132,1.30151
2013.03.03 22:58:25.835,1.30133,1.30152
2013.03.03 22:58:27.765,1.30136,1.30152
2013.03.03 22:58:31.214,1.30141,1.30154
2013.03.03 22:58:49.583,1.30142,1.30158
2013.03.03 22:58:49.943,1.30142,1.30156
2013.03.03 22:58:50.393,1.3014,1.30156
2013.03.03 22:58:51.915,1.30132,1.3015
2013.03.03 22:58:51.974,1.30132,1.30151
2013.03.03 22:58:52.094,1.3014,1.30154
2013.03.03 22:58:52.458,1.30142,1.30159
2013.03.03 22:59:20.390,1.3015,1.30165
2013.03.03 22:59:20.704,1.30156,1.30173
2013.03.03 22:59:20.947,1.30156,1.30173
2013.03.03 22:59:21.843,1.30152,1.3017
2013.03.03 22:59:24.873,1.30153,1.3017
2013.03.03 22:59:30.285,1.30154,1.3017
2013.03.03 22:59:33.263,1.30153,1.3017
2013.03.03 22:59:40.314,1.30152,1.3017
2013.03.03 22:59:42.044,1.30154,1.3017
2013.03.03 22:59:42.305,1.30154,1.30172
2013.03.03 22:59:42.485,1.30154,1.30172
2013.03.03 22:59:42.608,1.30154,1.30173
2013.03.03 22:59:42.734,1.30159,1.30178
2013.03.03 22:59:44.592,1.30159,1.30172
2013.03.03 22:59:44.714,1.30159,1.30176
2013.03.03 22:59:49.864,1.30157,1.30178
2013.03.03 22:59:51.954,1.30156,1.30175
2013.03.03 22:59:52.469,1.30156,1.30176
2013.03.03 22:59:52.537,1.30151,1.30168
2013.03.03 22:59:52.605,1.30149,1.30168
2013.03.03 22:59:52.664,1.30149,1.30167
2013.03.03 22:59:52.963,1.30146,1.30163
2013.03.03 22:59:54.134,1.30147,1.30166
2013.03.03 22:59:54.374,1.30149,1.30167
2013.03.03 22:59:55.474,1.3015,1.30168
2013.03.03 22:59:55.775,1.30147,1.30159
2013.03.03 22:59:55.894,1.30141,1.30154
2013.03.03 23:00:00.020,1.30139,1.30153
2013.03.03 23:00:00.325,1.30138,1.30152
2013.03.03 23:00:00.385,1.30136,1.30152
2013.03.03 23:00:00.445,1.30135,1.3015
2013.03.03 23:00:00.505,1.3013,1.30144
2013.03.03 23:00:00.684,1.30132,1.30149
2013.03.03 23:00:00.804,1.30137,1.30149
2013.03.03 23:00:01.105,1.30139,1.30149
2013.03.03 23:00:01.644,1.30139,1.30153
2013.03.03 23:00:05.833,1.30139,1.30154
2013.03.03 23:00:05.893,1.3014,1.30154
2013.03.03 23:00:06.884,1.3014,1.30152
2013.03.03 23:00:07.244,1.30139,1.30153
2013.03.03 23:00:11.955,1.30136,1.30153
2013.03.03 23:00:13.116,1.30133,1.3015
2013.03.03 23:00:13.245,1.30133,1.30146
2013.03.03 23:00:13.364,1.30133,1.30147
2013.03.03 23:00:13.603,1.30133,1.30147
2013.03.03 23:00:15.484,1.30131,1.30149
2013.03.03 23:00:18.934,1.30138,1.30155
2013.03.03 23:00:19.054,1.3014,1.30155
2013.03.03 23:00:19.174,1.30139,1.30155
2013.03.03 23:00:19.996,1.30139,1.30155
2013.03.03 23:00:20.055,1.3014,1.30155
2013.03.03 23:00:20.984,1.3014,1.30159
2013.03.03 23:00:21.523,1.3014,1.30155
2013.03.03 23:00:21.834,1.3014,1.30154
2013.03.03 23:00:22.193,1.30133,1.30151
2013.03.03 23:00:24.274,1.30133,1.30149
2013.03.03 23:00:25.715,1.30133,1.3015
2013.03.03 23:00:26.373,1.30133,1.30149
2013.03.03 23:00:26.966,1.30133,1.30148
2013.03.03 23:00:27.934,1.30133,1.30146
2013.03.03 23:00:32.764,1.30131,1.30149
2013.03.03 23:00:38.315,1.3013,1.30148
2013.03.03 23:00:41.314,1.30129,1.30147
2013.03.03 23:00:46.603,1.30138,1.30147
2013.03.03 23:00:46.809,1.30138,1.30151
2013.03.03 23:00:46.994,1.30134,1.30148
2013.03.03 23:00:50.664,1.30139,1.30154
2013.03.03 23:00:50.784,1.30139,1.30154
2013.03.03 23:00:51.673,1.30143,1.30154
2013.03.03 23:00:53.294,1.30143,1.30155
2013.03.03 23:00:53.833,1.30143,1.30154
2013.03.03 23:00:55.974,1.30143,1.30161
2013.03.03 23:00:57.884,1.30144,1.30161
2013.03.03 23:00:59.254,1.30144,1.3016
2013.03.03 23:01:00.215,1.30144,1.30161
2013.03.03 23:01:00.922,1.30144,1.30163
2013.03.03 23:01:01.464,1.30146,1.30163
2013.03.03 23:01:02.794,1.30145,1.30163
2013.03.03 23:01:02.854,1.30147,1.30163
2013.03.03 23:01:03.413,1.30147,1.30162
2013.03.03 23:01:03.755,1.30147,1.30164
2013.03.03 23:01:03.874,1.30147,1.30162
2013.03.03 23:01:05.698,1.30147,1.30162
2013.03.03 23:01:08.874,1.30146,1.30161
2013.03.03 23:01:11.176,1.30146,1.30163
2013.03.03 23:01:11.354,1.30146,1.30162
2013.03.03 23:01:13.364,1.30146,1.30162
2013.03.03 23:01:13.954,1.30146,1.30161
2013.03.03 23:01:14.977,1.30146,1.30162
2013.03.03 23:01:15.685,1.30146,1.30164
2013.03.03 23:01:15.864,1.30143,1.3016
2013.03.03 23:01:15.926,1.30143,1.3015
2013.03.03 23:01:15.984,1.30143,1.30159
2013.03.03 23:01:16.223,1.30143,1.3016
2013.03.03 23:01:16.764,1.30143,1.30159
2013.03.03 23:01:18.304,1.30143,1.30162
2013.03.03 23:01:18.814,1.30143,1.30159
2013.03.03 23:01:19.483,1.30144,1.30158
2013.03.03 23:01:21.638,1.30144,1.30158
2013.03.03 23:01:22.194,1.30144,1.30157
2013.03.03 23:01:25.766,1.30144,1.30161
2013.03.03 23:01:26.488,1.30141,1.30157
2013.03.03 23:01:27.044,1.30141,1.3016
2013.03.03 23:01:28.695,1.30141,1.3016
2013.03.03 23:01:28.875,1.30147,1.30164
2013.03.03 23:01:29.434,1.30145,1.30164
2013.03.03 23:01:29.494,1.30145,1.30164
2013.03.03 23:01:29.554,1.30144,1.30164
2013.03.03 23:01:29.614,1.30148,1.30164
2013.03.03 23:01:30.454,1.30148,1.30163
2013.03.03 23:01:31.015,1.30148,1.30163
2013.03.03 23:01:31.562,1.30145,1.30163
2013.03.03 23:01:32.136,1.30145,1.30164
2013.03.03 23:01:32.484,1.30145,1.3016
2013.03.03 23:01:32.786,1.30149,1.30162
2013.03.03 23:01:32.855,1.30149,1.30163
2013.03.03 23:01:33.334,1.30149,1.30165
2013.03.03 23:01:33.634,1.30149,1.30165
2013.03.03 23:01:33.994,1.30154,1.30169
2013.03.03 23:01:34.054,1.30154,1.30169
2013.03.03 23:01:34.175,1.30156,1.30169
2013.03.03 23:01:34.354,1.30156,1.30169
2013.03.03 23:01:34.864,1.30155,1.30169
2013.03.03 23:01:35.494,1.30156,1.30169
2013.03.03 23:01:35.734,1.30157,1.30169
2013.03.03 23:01:36.255,1.30157,1.30169
2013.03.03 23:01:36.433,1.30153,1.30169
2013.03.03 23:01:38.737,1.30153,1.30167
2013.03.03 23:01:39.275,1.30153,1.30167
2013.03.03 23:01:39.584,1.30153,1.30167
2013.03.03 23:01:39.704,1.30153,1.30167
2013.03.03 23:01:40.123,1.30153,1.30167
2013.03.03 23:01:40.244,1.30153,1.30168
2013.03.03 23:01:40.784,1.30154,1.30169
2013.03.03 23:01:41.494,1.30154,1.30169
2013.03.03 23:01:41.555,1.30156,1.30169
2013.03.03 23:01:42.784,1.30156,1.30171
2013.03.03 23:01:42.985,1.30157,1.30171
2013.03.03 23:01:43.884,1.30157,1.30171
2013.03.03 23:01:45.054,1.30157,1.30172
2013.03.03 23:01:52.764,1.30157,1.3017
2013.03.03 23:01:53.124,1.30157,1.30171
2013.03.03 23:01:53.444,1.30155,1.3017
2013.03.03 23:01:53.804,1.30155,1.30164
2013.03.03 23:01:54.475,1.30155,1.30163
2013.03.03 23:01:54.534,1.30151,1.30163
2013.03.03 23:01:55.076,1.30151,1.30164
2013.03.03 23:01:58.064,1.30151,1.30163
2013.03.03 23:01:58.705,1.30151,1.30169
2013.03.03 23:01:58.946,1.30148,1.30165
2013.03.03 23:01:59.503,1.30148,1.30158
2013.03.03 23:01:59.925,1.30148,1.30166
2013.03.03 23:02:00.045,1.30154,1.30166
2013.03.03 23:02:01.064,1.30154,1.30167
2013.03.03 23:02:01.724,1.30154,1.30171
2013.03.03 23:02:01.783,1.30154,1.30168
2013.03.03 23:02:02.295,1.30154,1.30166
2013.03.03 23:02:02.475,1.30151,1.30166
2013.03.03 23:02:02.995,1.30151,1.30165
2013.03.03 23:02:04.134,1.30151,1.30165
2013.03.03 23:02:04.984,1.30151,1.30165
2013.03.03 23:02:05.105,1.30151,1.30169
2013.03.03 23:02:05.675,1.30152,1.30168
2013.03.03 23:02:06.194,1.30152,1.30168
2013.03.03 23:02:06.699,1.30152,1.30169
2013.03.03 23:02:07.244,1.30152,1.30169
2013.03.03 23:02:07.305,1.30153,1.30169
2013.03.03 23:02:08.246,1.30154,1.30169
2013.03.03 23:02:09.106,1.30156,1.3017
2013.03.03 23:02:09.435,1.30156,1.3017
2013.03.03 23:02:10.094,1.30154,1.30169
2013.03.03 23:02:10.274,1.30154,1.30169
2013.03.03 23:02:10.815,1.30154,1.30169
2013.03.03 23:02:11.815,1.30155,1.3017
2013.03.03 23:02:13.839,1.30155,1.3017
2013.03.03 23:02:14.374,1.30155,1.30169
2013.03.03 23:02:16.195,1.30154,1.30169
2013.03.03 23:02:16.553,1.30153,1.30164
2013.03.03 23:02:17.745,1.30152,1.30164
2013.03.03 23:02:20.454,1.30152,1.30165
2013.03.03 23:02:22.244,1.30152,1.30164
2013.03.03 23:02:23.067,1.30153,1.30164
2013.03.03 23:02:23.369,1.30153,1.30164
2013.03.03 23:02:36.716,1.30154,1.30164
2013.03.03 23:02:36.834,1.30154,1.30164
2013.03.03 23:02:40.294,1.30154,1.30164
2013.03.03 23:02:41.203,1.30154,1.30164
2013.03.03 23:02:41.714,1.30155,1.30164
2013.03.03 23:02:42.254,1.30155,1.30163
2013.03.03 23:02:42.803,1.30155,1.30165
2013.03.03 23:02:44.127,1.30155,1.30163
2013.03.03 23:02:44.894,1.30154,1.30163
2013.03.03 23:02:48.693,1.30153,1.30163
2013.03.03 23:02:49.633,1.30153,1.30163
2013.03.03 23:02:50.064,1.30154,1.30165
2013.03.03 23:02:50.124,1.30154,1.30168
2013.03.03 23:02:50.664,1.30157,1.30168
2013.03.03 23:02:51.183,1.30156,1.30164
2013.03.03 23:02:52.104,1.30154,1.30166
2013.03.03 23:02:55.054,1.30154,1.30168
2013.03.03 23:02:55.575,1.30156,1.30171
2013.03.03 23:02:56.424,1.30156,1.30166
2013.03.03 23:02:56.843,1.30156,1.30168
2013.03.03 23:02:57.573,1.30157,1.30168
2013.03.03 23:02:58.114,1.30157,1.30168
2013.03.03 23:02:59.065,1.30157,1.30168
2013.03.03 23:02:59.244,1.30153,1.30165
2013.03.03 23:03:00.104,1.30155,1.30169
2013.03.03 23:03:00.643,1.30155,1.3017
2013.03.03 23:03:00.953,1.30155,1.3017
2013.03.03 23:03:01.313,1.30161,1.30171
2013.03.03 23:03:01.493,1.30162,1.30172
2013.03.03 23:03:01.675,1.3016,1.30171
2013.03.03 23:03:01.793,1.30159,1.30171
2013.03.03 23:03:02.836,1.30159,1.30171
2013.03.03 23:03:03.300,1.30158,1.30169
2013.03.03 23:03:04.433,1.30157,1.30169
2013.03.03 23:03:05.374,1.30158,1.30169
2013.03.03 23:03:05.794,1.30159,1.30165
2013.03.03 23:03:06.034,1.3016,1.30173
2013.03.03 23:03:10.346,1.3016,1.30173
2013.03.03 23:03:10.414,1.30159,1.30169
2013.03.03 23:03:10.844,1.30158,1.30169
2013.03.03 23:03:10.913,1.30158,1.3017
2013.03.03 23:03:11.453,1.30158,1.3017
2013.03.03 23:03:11.994,1.30157,1.30169
2013.03.03 23:03:12.628,1.30157,1.30163
2013.03.03 23:03:12.934,1.30151,1.30163
2013.03.03 23:03:12.994,1.30151,1.30171
2013.03.03 23:03:13.114,1.30153,1.30171
2013.03.03 23:03:17.043,1.30156,1.30169
2013.03.03 23:03:20.024,1.30157,1.30169
2013.03.03 23:03:22.221,1.30159,1.30168
2013.03.03 23:03:22.289,1.30159,1.30168
2013.03.03 23:03:22.834,1.3016,1.30172
2013.03.03 23:03:23.655,1.30159,1.3017
2013.03.03 23:03:24.033,1.3016,1.3017
2013.03.03 23:03:26.193,1.3016,1.3017
2013.03.03 23:03:29.333,1.3016,1.3017
2013.03.03 23:03:29.454,1.30164,1.3017
2013.03.03 23:03:29.813,1.3016,1.3017
2013.03.03 23:03:30.314,1.30159,1.3017
2013.03.03 23:03:30.854,1.30158,1.30165
2013.03.03 23:03:31.684,1.30156,1.30166
2013.03.03 23:03:35.463,1.30157,1.30166
2013.03.03 23:03:35.804,1.30162,1.30172
2013.03.03 23:03:36.323,1.30162,1.30172
2013.03.03 23:03:38.183,1.30163,1.30172
2013.03.03 23:03:38.664,1.3016,1.30168
2013.03.03 23:03:38.844,1.30158,1.30168
2013.03.03 23:03:39.413,1.30157,1.30168
2013.03.03 23:03:41.624,1.30158,1.3017
2013.03.03 23:03:41.683,1.3016,1.3017
2013.03.03 23:03:44.183,1.3016,1.3017
2013.03.03 23:03:45.323,1.3016,1.3017
2013.03.03 23:03:48.504,1.3016,1.3017
2013.03.03 23:04:00.683,1.3016,1.30173
2013.03.03 23:04:01.164,1.30167,1.30178
2013.03.03 23:04:01.224,1.30167,1.30178
2013.03.03 23:04:01.763,1.30169,1.30181
2013.03.03 23:04:04.895,1.3017,1.3018
2013.03.03 23:04:08.174,1.30168,1.30179
2013.03.03 23:04:08.489,1.30166,1.30172
2013.03.03 23:04:08.560,1.3016,1.3017
2013.03.03 23:04:10.503,1.3016,1.30173
2013.03.03 23:04:12.274,1.30163,1.30175
2013.03.03 23:04:12.453,1.30165,1.30176
2013.03.03 23:04:23.684,1.30165,1.30176
2013.03.03 23:04:23.864,1.30162,1.30172
2013.03.03 23:04:35.281,1.30163,1.30172
2013.03.03 23:04:45.336,1.30162,1.30172
2013.03.03 23:04:52.353,1.30163,1.30171
2013.03.03 23:04:55.423,1.30164,1.30171
2013.03.03 23:05:01.274,1.30163,1.30171
2013.03.03 23:05:04.214,1.30163,1.30171
2013.03.03 23:05:06.624,1.30163,1.30171
2013.03.03 23:05:11.593,1.30163,1.30171
2013.03.03 23:05:20.953,1.30163,1.30171
2013.03.03 23:05:21.343,1.30163,1.30171
2013.03.03 23:05:21.644,1.30163,1.30173
2013.03.03 23:05:21.764,1.30164,1.30175
2013.03.03 23:05:22.523,1.30164,1.30175
2013.03.03 23:05:29.024,1.30163,1.30182
2013.03.03 23:05:29.504,1.3017,1.30183
2013.03.03 23:05:29.744,1.30164,1.30175
2013.03.03 23:05:29.805,1.30163,1.30172
2013.03.03 23:05:30.314,1.30163,1.30171
2013.03.03 23:05:32.184,1.30162,1.30171
2013.03.03 23:05:41.093,1.30162,1.30171
2013.03.03 23:05:47.773,1.30162,1.30174
2013.03.03 23:05:48.107,1.30163,1.30178
2013.03.03 23:05:48.234,1.30167,1.30178
2013.03.03 23:05:50.198,1.30164,1.30178
2013.03.03 23:05:50.684,1.30163,1.30173
2013.03.03 23:05:50.864,1.30164,1.30181
2013.03.03 23:05:50.924,1.30165,1.30182
2013.03.03 23:05:50.983,1.30167,1.30181
2013.03.03 23:05:51.104,1.30165,1.30176
2013.03.03 23:05:51.164,1.30165,1.30176
2013.03.03 23:05:51.235,1.30163,1.30171
2013.03.03 23:05:51.835,1.30163,1.30179
2013.03.03 23:05:52.406,1.30163,1.30172
2013.03.03 23:05:52.524,1.30163,1.30172
2013.03.03 23:05:59.725,1.30163,1.30173
2013.03.03 23:05:59.964,1.30162,1.30172
2013.03.03 23:06:02.314,1.30162,1.30172
2013.03.03 23:06:04.185,1.30163,1.30172
2013.03.03 23:06:08.936,1.30164,1.30172
2013.03.03 23:06:09.126,1.30164,1.30175
2013.03.03 23:06:12.010,1.30166,1.30176
2013.03.03 23:06:12.333,1.3017,1.3018
2013.03.03 23:06:16.604,1.30167,1.3018
2013.03.03 23:06:16.904,1.30169,1.30177
2013.03.03 23:06:17.446,1.30166,1.30176
2013.03.03 23:06:17.566,1.30162,1.30173
2013.03.03 23:06:20.504,1.30162,1.30172
2013.03.03 23:06:25.674,1.30164,1.30174
2013.03.03 23:06:26.008,1.30165,1.30175
2013.03.03 23:06:27.695,1.30165,1.30176
2013.03.03 23:06:27.874,1.30168,1.30177
2013.03.03 23:06:28.424,1.3017,1.30177
2013.03.03 23:06:30.635,1.30166,1.30176
2013.03.03 23:06:30.874,1.30165,1.30176
2013.03.03 23:06:30.994,1.30168,1.30177
2013.03.03 23:06:31.053,1.30168,1.30177
2013.03.03 23:06:31.239,1.30169,1.30177
2013.03.03 23:06:31.496,1.30169,1.30177
2013.03.03 23:06:31.674,1.30167,1.30177
2013.03.03 23:06:32.660,1.30165,1.30175
2013.03.03 23:06:37.415,1.30167,1.30178
2013.03.03 23:06:37.535,1.30167,1.30177
2013.03.03 23:06:37.836,1.30167,1.30177
2013.03.03 23:06:38.205,1.30164,1.30176
2013.03.03 23:06:45.704,1.30164,1.30176
2013.03.03 23:06:48.644,1.30165,1.30176
2013.03.03 23:06:48.765,1.30167,1.30177
2013.03.03 23:06:48.894,1.30167,1.30177
2013.03.03 23:06:49.414,1.30169,1.30177
2013.03.03 23:06:50.005,1.30169,1.30178
2013.03.03 23:06:58.834,1.30169,1.30181
2013.03.03 23:07:34.987,1.30168,1.30184
2013.03.03 23:07:54.666,1.30175,1.30186
2013.03.03 23:07:54.724,1.30182,1.30189
2013.03.03 23:07:55.025,1.30177,1.3019
2013.03.03 23:07:55.144,1.30177,1.30184
2013.03.03 23:08:03.205,1.30175,1.30187
2013.03.03 23:08:04.215,1.3018,1.30189
2013.03.03 23:08:04.275,1.30183,1.3019
2013.03.03 23:08:04.575,1.30177,1.30185
2013.03.03 23:08:05.894,1.30175,1.30186
2013.03.03 23:08:10.509,1.30173,1.30186
2013.03.03 23:08:11.116,1.3018,1.30187
2013.03.03 23:08:11.176,1.3018,1.30187
2013.03.03 23:08:11.426,1.30178,1.3019
2013.03.03 23:08:11.495,1.30176,1.30188
2013.03.03 23:08:15.864,1.30173,1.30188
2013.03.03 23:08:18.994,1.30173,1.30189
2013.03.03 23:08:19.256,1.30176,1.30187
2013.03.03 23:08:19.374,1.30179,1.30187
2013.03.03 23:08:19.494,1.30179,1.30187
2013.03.03 23:08:23.364,1.30177,1.30189
2013.03.03 23:09:32.123,1.30175,1.30192
2013.03.03 23:09:51.304,1.3018,1.30191
2013.03.03 23:09:51.365,1.3018,1.30193
2013.03.03 23:09:51.605,1.30184,1.30195
2013.03.03 23:09:51.665,1.30188,1.30198
2013.03.03 23:10:10.644,1.30187,1.30197
2013.03.03 23:10:12.945,1.30188,1.30199
2013.03.03 23:10:13.305,1.30187,1.30198
2013.03.03 23:10:15.194,1.30186,1.30198
2013.03.03 23:10:15.844,1.30186,1.30198
2013.03.03 23:10:24.904,1.30184,1.30197
2013.03.03 23:10:33.925,1.30185,1.30197
2013.03.03 23:10:34.470,1.30185,1.30197
2013.03.03 23:10:38.368,1.30187,1.30197
2013.03.03 23:10:38.675,1.30184,1.30202
2013.03.03 23:10:38.861,1.30189,1.30199
2013.03.03 23:10:38.985,1.30192,1.30199
2013.03.03 23:10:39.496,1.30192,1.30201
2013.03.03 23:10:39.615,1.30193,1.30202
2013.03.03 23:10:39.914,1.30194,1.30203
2013.03.03 23:10:40.494,1.30194,1.30206
2013.03.03 23:10:40.615,1.30202,1.30212
2013.03.03 23:10:41.416,1.30203,1.30212
2013.03.03 23:10:41.475,1.30202,1.30212
2013.03.03 23:10:42.015,1.30202,1.30211
2013.03.03 23:10:47.633,1.30202,1.30211
2013.03.03 23:10:49.517,1.30207,1.30215
2013.03.03 23:10:49.696,1.30207,1.30215
2013.03.03 23:10:49.816,1.30207,1.30215
2013.03.03 23:10:50.366,1.30205,1.30217
2013.03.03 23:10:50.486,1.30205,1.30217
2013.03.03 23:10:52.975,1.30205,1.30214
2013.03.03 23:10:53.156,1.30205,1.30214
2013.03.03 23:10:54.032,1.30201,1.30212
2013.03.03 23:10:54.098,1.302,1.3021
2013.03.03 23:10:55.435,1.30202,1.30211
2013.03.03 23:10:57.825,1.30205,1.30211
2013.03.03 23:10:58.125,1.30205,1.30214
2013.03.03 23:10:58.367,1.30207,1.30214
2013.03.03 23:10:58.936,1.30207,1.30216
2013.03.03 23:10:59.465,1.30207,1.30216
2013.03.03 23:10:59.825,1.30207,1.30216
2013.03.03 23:11:00.080,1.30204,1.30214
2013.03.03 23:11:00.397,1.30205,1.30214
2013.03.03 23:11:00.885,1.30205,1.30211
2013.03.03 23:11:01.127,1.30202,1.30211
2013.03.03 23:11:02.157,1.30202,1.30211
2013.03.03 23:11:03.148,1.30203,1.30211
2013.03.03 23:11:09.554,1.30201,1.30211
2013.03.03 23:11:10.215,1.30205,1.30211
2013.03.03 23:11:10.277,1.30208,1.30216
2013.03.03 23:11:10.456,1.30211,1.30221
2013.03.03 23:11:10.689,1.30211,1.30221
2013.03.03 23:11:11.245,1.30213,1.30223
2013.03.03 23:11:11.825,1.30213,1.30223
2013.03.03 23:11:11.946,1.3021,1.30222
2013.03.03 23:11:12.065,1.30208,1.30219
2013.03.03 23:11:12.426,1.30204,1.30216
2013.03.03 23:11:13.145,1.30204,1.30215
2013.03.03 23:11:14.455,1.30204,1.30215
2013.03.03 23:11:14.944,1.30205,1.30216
2013.03.03 23:11:15.185,1.30204,1.30216
2013.03.03 23:11:17.949,1.30204,1.30215
2013.03.03 23:11:19.165,1.30204,1.30214
2013.03.03 23:11:19.725,1.30202,1.30213
2013.03.03 23:11:20.026,1.30202,1.3021
2013.03.03 23:11:20.585,1.302,1.3021
2013.03.03 23:11:21.095,1.30199,1.3021
2013.03.03 23:11:23.188,1.30205,1.30213
2013.03.03 23:11:23.318,1.30208,1.30221
2013.03.03 23:11:23.386,1.30216,1.30224
2013.03.03 23:11:23.576,1.30215,1.30224
2013.03.03 23:11:23.754,1.30211,1.30221
2013.03.03 23:11:24.089,1.30211,1.30219
2013.03.03 23:11:24.396,1.3021,1.30219
2013.03.03 23:11:24.456,1.30207,1.30218
2013.03.03 23:11:24.635,1.30205,1.30216
2013.03.03 23:11:25.717,1.30207,1.30217
2013.03.03 23:11:26.016,1.30212,1.30219
2013.03.03 23:11:26.445,1.3021,1.30219
2013.03.03 23:11:28.055,1.30209,1.30219
2013.03.03 23:11:28.615,1.30207,1.30217
2013.03.03 23:11:33.592,1.30207,1.30217
2013.03.03 23:11:44.286,1.30207,1.30217
2013.03.03 23:11:44.825,1.30207,1.30216
2013.03.03 23:11:45.356,1.30207,1.30216
2013.03.03 23:11:45.875,1.30207,1.30216
2013.03.03 23:11:46.637,1.30207,1.30216
2013.03.03 23:11:56.367,1.30212,1.30221
2013.03.03 23:11:56.557,1.30217,1.30227
2013.03.03 23:11:56.615,1.30217,1.30227
2013.03.03 23:12:00.206,1.30215,1.30227
2013.03.03 23:12:00.266,1.30214,1.30224
2013.03.03 23:12:00.745,1.30212,1.30224
2013.03.03 23:12:05.169,1.30212,1.30221
2013.03.03 23:12:06.435,1.30212,1.30221
2013.03.03 23:12:08.146,1.30212,1.30222
2013.03.03 23:12:11.495,1.30212,1.30222
2013.03.03 23:12:12.003,1.30212,1.30222
2013.03.03 23:12:14.052,1.30215,1.30222
2013.03.03 23:12:14.415,1.30221,1.30224
2013.03.03 23:12:14.479,1.30221,1.30229
2013.03.03 23:12:15.148,1.30221,1.30231
2013.03.03 23:12:15.705,1.30219,1.30229
2013.03.03 23:12:16.429,1.3022,1.3023
2013.03.03 23:12:22.835,1.3022,1.3023
2013.03.03 23:12:27.492,1.3022,1.3023
2013.03.03 23:12:28.167,1.3022,1.3023
2013.03.03 23:12:28.535,1.30218,1.30223
2013.03.03 23:12:28.795,1.3021,1.30219
2013.03.03 23:12:28.915,1.30208,1.30218
2013.03.03 23:12:29.035,1.30208,1.30218
2013.03.03 23:12:30.015,1.30208,1.30218
2013.03.03 23:12:30.076,1.30209,1.3022
2013.03.03 23:12:30.136,1.3021,1.3022
2013.03.03 23:12:31.047,1.3021,1.3022
2013.03.03 23:12:33.215,1.3021,1.30221
2013.03.03 23:12:33.455,1.30211,1.30221
2013.03.03 23:12:33.995,1.30211,1.30222
2013.03.03 23:12:36.657,1.30212,1.30221
2013.03.03 23:12:51.697,1.30218,1.30224
2013.03.03 23:12:52.066,1.3022,1.30229
2013.03.03 23:12:52.485,1.30219,1.30229
2013.03.03 23:12:52.545,1.30217,1.30227
2013.03.03 23:12:55.885,1.30217,1.30227
2013.03.03 23:13:01.905,1.30221,1.30229
2013.03.03 23:13:02.145,1.30221,1.3023
2013.03.03 23:13:02.676,1.30221,1.3023
2013.03.03 23:13:05.455,1.30221,1.3023
2013.03.03 23:13:10.595,1.30221,1.30229
2013.03.03 23:13:12.286,1.3022,1.30228
2013.03.03 23:13:12.907,1.30219,1.30228
2013.03.03 23:13:16.225,1.30217,1.30227
2013.03.03 23:13:16.526,1.30217,1.30226
2013.03.03 23:13:16.705,1.30216,1.30224
2013.03.03 23:13:17.244,1.30213,1.30224
2013.03.03 23:13:17.995,1.30213,1.30223
2013.03.03 23:13:30.935,1.30206,1.30216
2013.03.03 23:13:31.701,1.30209,1.30219
2013.03.03 23:13:39.640,1.30209,1.30219
2013.03.03 23:13:46.844,1.30209,1.30219
2013.03.03 23:14:12.046,1.30209,1.30221
2013.03.03 23:14:12.345,1.30209,1.30219
2013.03.03 23:14:12.586,1.30206,1.30216
2013.03.03 23:14:12.945,1.30205,1.30214
2013.03.03 23:14:13.245,1.30202,1.30213
2013.03.03 23:14:13.305,1.30202,1.30214
2013.03.03 23:14:15.345,1.30202,1.30212
2013.03.03 23:14:25.804,1.30202,1.30212
2013.03.03 23:14:49.745,1.30204,1.30211
2013.03.03 23:14:49.872,1.30204,1.30211
2013.03.03 23:14:49.939,1.30204,1.30211
2013.03.03 23:14:50.125,1.30206,1.30213
2013.03.03 23:14:50.364,1.30206,1.30213
2013.03.03 23:14:56.305,1.30208,1.30216
2013.03.03 23:15:19.911,1.30209,1.30221
2013.03.03 23:15:19.975,1.30209,1.30221
2013.03.03 23:15:20.336,1.30213,1.3022
2013.03.03 23:15:20.588,1.30215,1.30225
2013.03.03 23:15:20.715,1.30215,1.30225
2013.03.03 23:15:40.836,1.30217,1.30225
2013.03.03 23:16:20.955,1.30216,1.30226
2013.03.03 23:16:22.275,1.30215,1.30225
2013.03.03 23:16:22.816,1.30215,1.30224
2013.03.03 23:16:29.537,1.30212,1.30222
2013.03.03 23:16:30.088,1.30211,1.30221
2013.03.03 23:16:41.779,1.30214,1.30225
2013.03.03 23:16:45.055,1.30214,1.30225
2013.03.03 23:16:51.645,1.30214,1.30225
2013.03.03 23:16:52.166,1.30213,1.30225
2013.03.03 23:16:52.846,1.30214,1.30225
2013.03.03 23:16:53.537,1.30216,1.30225
2013.03.03 23:17:22.995,1.30216,1.30225
2013.03.03 23:17:33.977,1.30218,1.30225
2013.03.03 23:17:41.566,1.30219,1.30228
2013.03.03 23:17:44.636,1.30218,1.30227
2013.03.03 23:17:44.885,1.30218,1.30228
2013.03.03 23:17:45.485,1.30218,1.30229
2013.03.03 23:17:45.786,1.30219,1.30229
2013.03.03 23:17:46.337,1.30219,1.30229
2013.03.03 23:17:52.729,1.3022,1.3023
2013.03.03 23:17:53.709,1.30221,1.3023
2013.03.03 23:18:05.305,1.3022,1.3023
2013.03.03 23:18:15.980,1.3022,1.3023
2013.03.03 23:18:20.325,1.3022,1.3023
2013.03.03 23:18:23.545,1.3022,1.3023
2013.03.03 23:18:24.085,1.30218,1.30228
2013.03.03 23:18:33.925,1.30219,1.30228
2013.03.03 23:18:34.147,1.30218,1.30228
2013.03.03 23:18:39.276,1.30216,1.30225
2013.03.03 23:18:39.337,1.30216,1.30225
2013.03.03 23:18:40.447,1.30216,1.30225
2013.03.03 23:18:43.286,1.30217,1.30226
2013.03.03 23:18:43.345,1.30218,1.30228
2013.03.03 23:18:48.926,1.30218,1.30226
2013.03.03 23:18:59.506,1.30216,1.30225
2013.03.03 23:19:00.988,1.30215,1.30225
2013.03.03 23:19:01.489,1.30215,1.30224
2013.03.03 23:19:02.066,1.30215,1.30224
2013.03.03 23:19:04.845,1.30215,1.30225
2013.03.03 23:19:05.085,1.30213,1.30223
2013.03.03 23:19:05.206,1.30211,1.3022
2013.03.03 23:19:05.757,1.30211,1.3022
2013.03.03 23:19:07.035,1.30211,1.30218
2013.03.03 23:19:07.755,1.30208,1.30218
2013.03.03 23:19:09.395,1.30208,1.30218
2013.03.03 23:19:11.965,1.30209,1.30218
2013.03.03 23:19:15.265,1.30208,1.30218
2013.03.03 23:19:42.295,1.30207,1.30216
2013.03.03 23:19:56.867,1.30207,1.30216
2013.03.03 23:19:57.426,1.30206,1.30215
2013.03.03 23:20:16.627,1.30205,1.30213
2013.03.03 23:20:16.687,1.30203,1.30212
2013.03.03 23:20:16.746,1.30204,1.30212
2013.03.03 23:20:17.286,1.30205,1.30214
2013.03.03 23:20:17.586,1.30205,1.30215
2013.03.03 23:20:18.115,1.30206,1.30216
2013.03.03 23:20:18.486,1.30207,1.30217
2013.03.03 23:20:19.124,1.30208,1.30218
2013.03.03 23:20:27.977,1.30208,1.30218
2013.03.03 23:20:28.516,1.30208,1.30218
2013.03.03 23:20:31.306,1.30206,1.30216
2013.03.03 23:20:31.666,1.30206,1.30215
2013.03.03 23:20:32.205,1.30205,1.30215
2013.03.03 23:20:32.508,1.30204,1.30212
2013.03.03 23:20:32.709,1.30203,1.30212
2013.03.03 23:20:34.836,1.30203,1.30212
2013.03.03 23:20:35.076,1.30205,1.30215
2013.03.03 23:20:38.357,1.30204,1.30212
2013.03.03 23:20:38.416,1.30202,1.30212
2013.03.03 23:20:38.536,1.30202,1.3021
2013.03.03 23:20:38.791,1.30197,1.30208
2013.03.03 23:20:39.886,1.30197,1.30208
2013.03.03 23:20:41.106,1.30197,1.30205
2013.03.03 23:20:41.407,1.30194,1.30203
2013.03.03 23:20:41.767,1.30192,1.30199
2013.03.03 23:20:41.828,1.30189,1.30199
2013.03.03 23:20:42.471,1.30189,1.30199
2013.03.03 23:20:43.016,1.30189,1.30199
2013.03.03 23:20:56.447,1.3019,1.30199
2013.03.03 23:20:56.928,1.30189,1.30199
2013.03.03 23:20:57.626,1.3019,1.30197
2013.03.03 23:20:57.687,1.30187,1.30195
2013.03.03 23:20:57.747,1.30187,1.30195
2013.03.03 23:21:07.218,1.30186,1.30195
2013.03.03 23:21:09.157,1.30188,1.30196
2013.03.03 23:21:09.396,1.30188,1.30198
2013.03.03 23:21:18.396,1.30187,1.30196
2013.03.03 23:21:18.516,1.30186,1.30193
2013.03.03 23:21:18.837,1.30186,1.30193
2013.03.03 23:21:18.895,1.30183,1.30193
2013.03.03 23:21:29.196,1.30183,1.30193
2013.03.03 23:21:29.316,1.30183,1.30193
2013.03.03 23:21:29.438,1.30185,1.30194
2013.03.03 23:21:31.847,1.30183,1.30192
2013.03.03 23:21:31.906,1.30181,1.3019
2013.03.03 23:21:32.325,1.3018,1.30188
2013.03.03 23:21:50.707,1.3018,1.30189
2013.03.03 23:21:53.377,1.30182,1.30189
2013.03.03 23:21:53.916,1.30179,1.30189
2013.03.03 23:21:56.736,1.30179,1.30189
2013.03.03 23:22:08.776,1.30179,1.30189
2013.03.03 23:22:10.086,1.30178,1.30189
2013.03.03 23:22:10.662,1.30179,1.30189
2013.03.03 23:22:10.847,1.30176,1.30186
2013.03.03 23:22:16.627,1.30176,1.30183
2013.03.03 23:22:17.155,1.30175,1.30183
2013.03.03 23:22:24.087,1.30173,1.30179
2013.03.03 23:22:24.207,1.30172,1.3018
2013.03.03 23:22:24.267,1.3017,1.3018
2013.03.03 23:22:32.475,1.30169,1.30177
2013.03.03 23:22:33.506,1.30169,1.30177
2013.03.03 23:22:33.866,1.30164,1.30171
2013.03.03 23:22:33.926,1.30164,1.30171
2013.03.03 23:22:34.046,1.30161,1.3017
2013.03.03 23:22:34.526,1.30161,1.3017
2013.03.03 23:22:40.366,1.30164,1.30171
2013.03.03 23:22:40.667,1.30166,1.30176
2013.03.03 23:22:40.727,1.30168,1.30176
2013.03.03 23:22:41.228,1.30169,1.3018
2013.03.03 23:22:42.318,1.3017,1.30179
2013.03.03 23:22:42.947,1.30171,1.30179
2013.03.03 23:22:43.007,1.30173,1.30182
2013.03.03 23:22:43.127,1.30176,1.30183
2013.03.03 23:22:43.666,1.30177,1.30186
2013.03.03 23:22:44.956,1.30178,1.30189
2013.03.03 23:22:45.497,1.3018,1.3019
2013.03.03 23:22:46.026,1.3018,1.30189
2013.03.03 23:22:46.327,1.30179,1.30186
2013.03.03 23:22:49.297,1.30178,1.30184
2013.03.03 23:22:49.356,1.30177,1.30184
2013.03.03 23:22:49.859,1.30176,1.30183
2013.03.03 23:22:54.926,1.30176,1.30184
2013.03.03 23:22:55.227,1.30179,1.30186
2013.03.03 23:22:55.647,1.3018,1.30191
2013.03.03 23:23:00.637,1.3018,1.30189
2013.03.03 23:23:00.696,1.30179,1.30187
2013.03.03 23:23:01.393,1.30177,1.30187
2013.03.03 23:23:06.777,1.30177,1.30189
2013.03.03 23:23:06.836,1.30181,1.30189
2013.03.03 23:23:07.377,1.30182,1.3019
2013.03.03 23:23:07.438,1.30185,1.3019
2013.03.03 23:23:07.567,1.30186,1.30194
2013.03.03 23:23:07.687,1.30188,1.30198
2013.03.03 23:23:07.746,1.30189,1.30198
2013.03.03 23:23:07.806,1.30191,1.30198
2013.03.03 23:23:07.927,1.30193,1.30203
2013.03.03 23:23:08.286,1.30191,1.30203
2013.03.03 23:23:08.647,1.30193,1.30204
2013.03.03 23:23:08.948,1.30193,1.302
2013.03.03 23:23:09.035,1.30191,1.302
2013.03.03 23:23:13.096,1.30193,1.30201
2013.03.03 23:23:14.236,1.30193,1.30201
2013.03.03 23:23:16.946,1.30193,1.302
2013.03.03 23:23:19.406,1.30193,1.302
2013.03.03 23:23:19.706,1.30194,1.30202
2013.03.03 23:23:19.767,1.30202,1.30208
2013.03.03 23:23:20.212,1.30201,1.30211
2013.03.03 23:23:20.277,1.30201,1.3021
2013.03.03 23:23:20.457,1.30203,1.30213
2013.03.03 23:23:21.605,1.30203,1.30213
2013.03.03 23:23:22.786,1.30203,1.30213
2013.03.03 23:23:23.026,1.30201,1.30209
2013.03.03 23:23:25.326,1.30199,1.30209
2013.03.03 23:23:26.276,1.30199,1.30209
2013.03.03 23:23:27.746,1.30199,1.3021
2013.03.03 23:23:40.725,1.30199,1.30209
2013.03.03 23:23:41.648,1.30199,1.30209
2013.03.03 23:23:46.387,1.302,1.3021
2013.03.03 23:23:46.567,1.30205,1.30215
2013.03.03 23:23:46.627,1.30207,1.30216
2013.03.03 23:23:47.166,1.30209,1.30219
2013.03.03 23:24:06.756,1.30209,1.30219
2013.03.03 23:24:17.337,1.30211,1.30219
2013.03.03 23:24:17.698,1.30213,1.30221
2013.03.03 23:24:17.827,1.30215,1.30223
2013.03.03 23:24:18.366,1.30214,1.30224
2013.03.03 23:24:18.906,1.30213,1.30223
2013.03.03 23:24:32.566,1.30213,1.30223
2013.03.03 23:24:33.076,1.30213,1.30222
2013.03.03 23:24:38.716,1.30213,1.30223
2013.03.03 23:24:46.886,1.30213,1.30223
2013.03.03 23:24:47.166,1.30212,1.30219
2013.03.03 23:24:53.996,1.30207,1.30217
2013.03.03 23:24:55.846,1.30207,1.30217
2013.03.03 23:24:55.906,1.30207,1.30217
2013.03.03 23:24:56.447,1.30205,1.30216
2013.03.03 23:25:00.472,1.30205,1.30216
2013.03.03 23:25:13.739,1.30205,1.30215
2013.03.03 23:25:14.397,1.30207,1.30215
2013.03.03 23:25:14.457,1.30207,1.30217
2013.03.03 23:25:18.986,1.3021,1.3022
2013.03.03 23:25:19.047,1.30211,1.3022
2013.03.03 23:25:19.226,1.30211,1.3022
2013.03.03 23:25:22.896,1.3021,1.3022
2013.03.03 23:25:23.017,1.30208,1.30219
2013.03.03 23:25:35.947,1.30208,1.30217
2013.03.03 23:25:36.306,1.30204,1.30214
2013.03.03 23:25:36.727,1.30205,1.30213
2013.03.03 23:25:40.356,1.30205,1.30212
2013.03.03 23:25:40.416,1.30205,1.30212
2013.03.03 23:25:40.959,1.30203,1.30212
2013.03.03 23:25:41.467,1.30203,1.30212
2013.03.03 23:25:42.288,1.30203,1.3021
2013.03.03 23:25:42.468,1.30199,1.30208
2013.03.03 23:25:43.007,1.30199,1.30208
2013.03.03 23:25:47.187,1.302,1.30209
2013.03.03 23:26:18.208,1.30198,1.30206
2013.03.03 23:26:18.766,1.30196,1.30204
2013.03.03 23:26:19.008,1.30196,1.30204
2013.03.03 23:26:30.598,1.30197,1.30204
2013.03.03 23:26:31.179,1.30197,1.30204
2013.03.03 23:26:59.198,1.30199,1.30209
2013.03.03 23:27:07.517,1.302,1.3021
2013.03.03 23:27:10.057,1.30201,1.3021
2013.03.03 23:27:12.996,1.302,1.3021
2013.03.03 23:27:27.628,1.30201,1.3021
2013.03.03 23:27:31.816,1.30202,1.30211
2013.03.03 23:27:32.057,1.30206,1.30214
2013.03.03 23:27:32.547,1.30208,1.30218
2013.03.03 23:27:32.728,1.30213,1.30218
2013.03.03 23:27:33.267,1.30213,1.3022
2013.03.03 23:27:39.576,1.30207,1.30217
2013.03.03 23:28:04.156,1.30209,1.30218
2013.03.03 23:28:32.836,1.30209,1.30218
2013.03.03 23:28:32.956,1.30213,1.30223
2013.03.03 23:28:33.197,1.30213,1.30223
2013.03.03 23:28:33.257,1.30207,1.30218
2013.03.03 23:28:33.316,1.30209,1.3022
2013.03.03 23:28:33.676,1.30213,1.3022
2013.03.03 23:28:35.348,1.30212,1.30223
2013.03.03 23:28:35.538,1.30213,1.3022
2013.03.03 23:28:35.717,1.30217,1.30222
2013.03.03 23:28:35.837,1.30218,1.30227
2013.03.03 23:28:39.947,1.30219,1.3023
2013.03.03 23:28:40.428,1.30224,1.30232
2013.03.03 23:28:40.487,1.30224,1.30232
2013.03.03 23:28:40.607,1.30226,1.30236
2013.03.03 23:28:40.667,1.30227,1.30236
2013.03.03 23:28:41.197,1.30228,1.30238
2013.03.03 23:29:11.262,1.30227,1.30238
2013.03.03 23:29:11.817,1.30227,1.30236
2013.03.03 23:29:50.006,1.30226,1.30234
2013.03.03 23:29:50.557,1.30226,1.30234
2013.03.03 23:29:54.868,1.30226,1.30233
2013.03.03 23:29:56.707,1.30226,1.30235
2013.03.03 23:29:57.007,1.30227,1.30237
2013.03.03 23:29:57.067,1.30226,1.30236
2013.03.03 23:30:06.327,1.30229,1.30237
2013.03.03 23:30:06.388,1.30231,1.30237
2013.03.03 23:30:06.569,1.30233,1.30241
2013.03.03 23:30:06.868,1.30235,1.30245
2013.03.03 23:30:10.996,1.30236,1.30251
2013.03.03 23:30:16.797,1.30238,1.30249
2013.03.03 23:30:26.597,1.30239,1.30251
2013.03.03 23:30:52.793,1.30238,1.30247
2013.03.03 23:30:52.860,1.30238,1.30247
2013.03.03 23:30:53.407,1.30236,1.30244
2013.03.03 23:30:54.100,1.30236,1.30245
2013.03.03 23:30:54.669,1.30236,1.30243
2013.03.03 23:32:07.557,1.30234,1.30244
2013.03.03 23:32:45.701,1.30237,1.30246
2013.03.03 23:32:46.286,1.30236,1.30245
2013.03.03 23:32:46.808,1.30236,1.30245
2013.03.03 23:32:52.186,1.30237,1.30243
2013.03.03 23:32:57.009,1.30236,1.30243
2013.03.03 23:32:57.437,1.30238,1.30247
2013.03.03 23:32:57.557,1.30239,1.30248
2013.03.03 23:32:58.106,1.30239,1.30248
2013.03.03 23:33:03.166,1.3024,1.30248
2013.03.03 23:33:09.231,1.30242,1.30248
2013.03.03 23:33:09.847,1.30243,1.30251
2013.03.03 23:33:14.819,1.30243,1.30248
2013.03.03 23:33:17.047,1.30243,1.30248
2013.03.03 23:33:30.607,1.30244,1.30251
2013.03.03 23:33:47.777,1.30244,1.30248
2013.03.03 23:33:47.898,1.30247,1.30254
2013.03.03 23:33:48.199,1.30248,1.30254
2013.03.03 23:33:48.498,1.30248,1.30254
2013.03.03 23:33:48.677,1.30244,1.30254
2013.03.03 23:33:49.858,1.30243,1.30252
2013.03.03 23:33:50.924,1.30241,1.30253
2013.03.03 23:33:51.718,1.30241,1.30254
2013.03.03 23:33:52.561,1.30241,1.30254
2013.03.03 23:33:54.347,1.30241,1.30252
2013.03.03 23:33:56.982,1.30241,1.30251
2013.03.03 23:33:57.477,1.30243,1.3025
2013.03.03 23:33:57.537,1.30243,1.30251
2013.03.03 23:33:57.597,1.30243,1.3025
2013.03.03 23:33:58.176,1.30242,1.30249
2013.03.03 23:34:00.798,1.30242,1.30249
2013.03.03 23:34:01.537,1.3024,1.30249
2013.03.03 23:34:06.727,1.30242,1.30249
2013.03.03 23:34:10.666,1.3024,1.30249
2013.03.03 23:34:19.607,1.30239,1.30249
2013.03.03 23:34:23.021,1.3024,1.30249
2013.03.03 23:34:23.149,1.30242,1.30249
2013.03.03 23:34:26.327,1.30242,1.3025
2013.03.03 23:34:28.297,1.30242,1.3025
2013.03.03 23:34:28.357,1.3024,1.3025
2013.03.03 23:34:33.608,1.30242,1.30251
2013.03.03 23:34:33.730,1.30242,1.30251
2013.03.03 23:34:35.940,1.30244,1.30253
2013.03.03 23:34:36.377,1.30247,1.30256
2013.03.03 23:34:36.737,1.30249,1.30259
2013.03.03 23:34:36.797,1.3025,1.3026
2013.03.03 23:34:38.337,1.30253,1.30263
2013.03.03 23:34:40.527,1.30253,1.30262
2013.03.03 23:34:43.216,1.30253,1.30262
2013.03.03 23:34:43.467,1.30253,1.30261
2013.03.03 23:34:43.767,1.30251,1.3026
2013.03.03 23:34:47.096,1.30252,1.30262
2013.03.03 23:34:47.467,1.3025,1.3026
2013.03.03 23:34:47.598,1.3025,1.3026
2013.03.03 23:34:49.192,1.3025,1.3026
2013.03.03 23:34:50.257,1.3025,1.3026
2013.03.03 23:34:51.537,1.3025,1.3026
2013.03.03 23:34:52.697,1.3025,1.3026
2013.03.03 23:34:53.168,1.3025,1.3026
2013.03.03 23:34:53.617,1.3025,1.3026
2013.03.03 23:34:55.497,1.30248,1.30258
2013.03.03 23:34:55.557,1.30248,1.30258
2013.03.03 23:34:56.097,1.30248,1.30258
2013.03.03 23:35:24.897,1.30249,1.30258
