Time,Bid,Ask
2013.03.12 00:00:00.758,1.30319,1.30327
2013.03.12 00:00:01.060,1.30319,1.30325
2013.03.12 00:00:01.127,1.30318,1.30325
2013.03.12 00:00:01.251,1.30318,1.30325
2013.03.12 00:00:01.796,1.3032,1.30326
2013.03.12 00:00:02.048,1.3032,1.30324
2013.03.12 00:00:02.187,1.3032,1.30324
2013.03.12 00:00:02.307,1.30317,1.30325
2013.03.12 00:00:02.547,1.30319,1.30325
2013.03.12 00:00:03.097,1.30319,1.30326
2013.03.12 00:00:03.659,1.30319,1.30326
2013.03.12 00:00:04.527,1.3032,1.30326
2013.03.12 00:00:04.588,1.30317,1.30324
2013.03.12 00:00:04.648,1.30317,1.30324
2013.03.12 00:00:05.187,1.30317,1.30325
2013.03.12 00:00:09.731,1.30318,1.30324
2013.03.12 00:00:10.098,1.30317,1.30324
2013.03.12 00:00:10.219,1.30317,1.30323
2013.03.12 00:00:10.338,1.30316,1.30323
2013.03.12 00:00:10.593,1.30314,1.30324
2013.03.12 00:00:11.153,1.30315,1.30322
2013.03.12 00:00:11.656,1.30314,1.30321
2013.03.12 00:00:14.399,1.30313,1.3032
2013.03.12 00:00:14.917,1.30312,1.30319
2013.03.12 00:00:17.532,1.30311,1.30318
2013.03.12 00:00:18.987,1.30308,1.30314
2013.03.12 00:00:20.990,1.30307,1.30313
2013.03.12 00:00:23.147,1.30307,1.30314
2013.03.12 00:00:24.397,1.30308,1.30315
2013.03.12 00:00:24.698,1.30308,1.30316
2013.03.12 00:00:24.758,1.30308,1.30318
2013.03.12 00:00:25.000,1.30309,1.30318
2013.03.12 00:00:25.418,1.3031,1.30318
2013.03.12 00:00:32.857,1.30311,1.30318
2013.03.12 00:00:34.809,1.30314,1.30317
2013.03.12 00:00:34.930,1.30313,1.3032
2013.03.12 00:00:35.168,1.30312,1.30319
2013.03.12 00:00:35.228,1.30311,1.30319
2013.03.12 00:00:35.408,1.30311,1.30317
2013.03.12 00:00:35.708,1.30308,1.30315
2013.03.12 00:00:36.250,1.30308,1.30315
2013.03.12 00:00:39.198,1.30307,1.30314
2013.03.12 00:00:39.820,1.30307,1.30314
2013.03.12 00:00:40.407,1.30308,1.30314
2013.03.12 00:00:40.930,1.30308,1.30314
2013.03.12 00:00:41.469,1.30308,1.30314
2013.03.12 00:00:42.049,1.30307,1.30314
2013.03.12 00:00:43.049,1.30308,1.30314
2013.03.12 00:00:44.429,1.30308,1.30314
2013.03.12 00:00:44.788,1.30311,1.30316
2013.03.12 00:00:45.029,1.30312,1.30316
2013.03.12 00:00:45.679,1.30314,1.3032
2013.03.12 00:00:45.757,1.30315,1.30321
2013.03.12 00:00:46.180,1.30315,1.30322
2013.03.12 00:00:46.420,1.30318,1.30325
2013.03.12 00:00:46.538,1.30318,1.30325
2013.03.12 00:00:48.398,1.30318,1.30325
2013.03.12 00:00:49.447,1.30318,1.30325
2013.03.12 00:00:50.525,1.30318,1.30324
2013.03.12 00:00:51.062,1.30318,1.30324
2013.03.12 00:00:51.628,1.30317,1.30324
2013.03.12 00:00:51.990,1.30318,1.30326
2013.03.12 00:00:52.050,1.30318,1.30326
2013.03.12 00:00:52.298,1.30319,1.30326
2013.03.12 00:00:52.838,1.3032,1.30326
2013.03.12 00:00:53.201,1.30318,1.30325
2013.03.12 00:00:53.948,1.30316,1.30324
2013.03.12 00:00:54.069,1.30316,1.30323
2013.03.12 00:00:54.609,1.30315,1.30322
2013.03.12 00:00:55.178,1.30314,1.3032
2013.03.12 00:00:55.479,1.30313,1.3032
2013.03.12 00:00:56.249,1.30312,1.30319
2013.03.12 00:00:56.899,1.30311,1.30318
2013.03.12 00:00:57.079,1.3031,1.30317
2013.03.12 00:00:57.139,1.30309,1.30317
2013.03.12 00:00:57.441,1.30308,1.30317
2013.03.12 00:00:57.511,1.30308,1.30316
2013.03.12 00:00:57.699,1.30308,1.30315
2013.03.12 00:00:58.134,1.30307,1.30314
2013.03.12 00:00:58.799,1.30304,1.30313
2013.03.12 00:00:59.468,1.30304,1.30311
2013.03.12 00:00:59.829,1.30304,1.3031
2013.03.12 00:01:00.368,1.30303,1.3031
2013.03.12 00:01:00.908,1.30302,1.30309
2013.03.12 00:01:02.058,1.30302,1.3031
2013.03.12 00:01:02.309,1.30302,1.30309
2013.03.12 00:01:04.359,1.30301,1.30309
2013.03.12 00:01:05.093,1.30301,1.30309
2013.03.12 00:01:05.181,1.30301,1.30307
2013.03.12 00:01:06.149,1.30299,1.30307
2013.03.12 00:01:06.329,1.30297,1.30307
2013.03.12 00:01:06.388,1.30297,1.30305
2013.03.12 00:01:06.689,1.30296,1.30305
2013.03.12 00:01:06.749,1.30295,1.30302
2013.03.12 00:01:07.060,1.30294,1.30302
2013.03.12 00:01:07.479,1.30292,1.303
2013.03.12 00:01:07.719,1.30292,1.303
2013.03.12 00:01:08.378,1.30292,1.30299
2013.03.12 00:01:08.559,1.30291,1.30298
2013.03.12 00:01:08.799,1.3029,1.30297
2013.03.12 00:01:09.043,1.30292,1.30298
2013.03.12 00:01:09.111,1.30292,1.30301
2013.03.12 00:01:09.540,1.30294,1.30301
2013.03.12 00:01:09.659,1.30294,1.303
2013.03.12 00:01:09.959,1.30295,1.303
2013.03.12 00:01:10.199,1.30295,1.30302
2013.03.12 00:01:10.799,1.30293,1.303
2013.03.12 00:01:10.919,1.30292,1.30298
2013.03.12 00:01:11.100,1.30288,1.30296
2013.03.12 00:01:11.648,1.30288,1.30296
2013.03.12 00:01:12.060,1.30287,1.30296
2013.03.12 00:01:15.639,1.30287,1.30294
2013.03.12 00:01:22.670,1.30286,1.30294
2013.03.12 00:01:23.229,1.30286,1.30294
2013.03.12 00:01:24.830,1.30285,1.30289
2013.03.12 00:01:24.949,1.30284,1.3029
2013.03.12 00:01:25.190,1.30281,1.30289
2013.03.12 00:01:25.493,1.30281,1.30288
2013.03.12 00:01:25.560,1.30281,1.30288
2013.03.12 00:01:25.740,1.30281,1.30285
2013.03.12 00:01:25.921,1.30277,1.30284
2013.03.12 00:01:26.160,1.30277,1.30284
2013.03.12 00:01:26.698,1.30277,1.30285
2013.03.12 00:01:27.688,1.30275,1.30283
2013.03.12 00:01:28.049,1.30275,1.30281
2013.03.12 00:01:28.410,1.3027,1.30279
2013.03.12 00:01:28.650,1.3027,1.30277
2013.03.12 00:01:28.709,1.3027,1.30277
2013.03.12 00:01:29.188,1.30272,1.30279
2013.03.12 00:01:29.710,1.30272,1.3028
2013.03.12 00:01:31.268,1.30272,1.3028
2013.03.12 00:01:31.824,1.30274,1.30282
2013.03.12 00:01:33.338,1.30274,1.3028
2013.03.12 00:01:33.640,1.30275,1.30283
2013.03.12 00:01:33.709,1.30277,1.30283
2013.03.12 00:01:33.770,1.30279,1.30285
2013.03.12 00:01:33.899,1.30282,1.30289
2013.03.12 00:01:34.020,1.30284,1.3029
2013.03.12 00:01:34.080,1.30285,1.3029
2013.03.12 00:01:34.619,1.30286,1.3029
2013.03.12 00:01:34.979,1.30284,1.30288
2013.03.12 00:01:35.527,1.30284,1.3029
2013.03.12 00:01:35.710,1.30286,1.3029
2013.03.12 00:01:35.830,1.30285,1.30292
2013.03.12 00:01:35.949,1.30285,1.30292
2013.03.12 00:01:37.309,1.30286,1.30292
2013.03.12 00:01:37.671,1.30286,1.30294
2013.03.12 00:01:37.860,1.30288,1.30295
2013.03.12 00:01:38.408,1.30288,1.30296
2013.03.12 00:01:38.950,1.30288,1.30296
2013.03.12 00:01:39.712,1.30288,1.30296
2013.03.12 00:01:40.400,1.3029,1.30297
2013.03.12 00:01:40.493,1.3029,1.30299
2013.03.12 00:01:40.570,1.30294,1.30302
2013.03.12 00:01:41.229,1.30296,1.30304
2013.03.12 00:01:43.183,1.30296,1.30304
2013.03.12 00:01:43.737,1.30296,1.30304
2013.03.12 00:01:44.699,1.30295,1.30303
2013.03.12 00:01:44.819,1.30295,1.30301
2013.03.12 00:01:44.939,1.30292,1.303
2013.03.12 00:01:45.478,1.30292,1.30299
2013.03.12 00:01:46.689,1.30291,1.30298
2013.03.12 00:01:46.991,1.3029,1.30296
2013.03.12 00:01:47.169,1.30289,1.30296
2013.03.12 00:01:47.411,1.30289,1.30294
2013.03.12 00:01:47.539,1.30286,1.30291
2013.03.12 00:01:47.779,1.30285,1.30291
2013.03.12 00:01:48.080,1.30288,1.30295
2013.03.12 00:01:48.860,1.30286,1.30293
2013.03.12 00:01:49.408,1.30286,1.30293
2013.03.12 00:01:52.128,1.30286,1.30292
2013.03.12 00:01:52.438,1.30287,1.30294
2013.03.12 00:01:52.800,1.30289,1.30296
2013.03.12 00:01:53.399,1.30289,1.30295
2013.03.12 00:01:53.939,1.30288,1.30295
2013.03.12 00:01:54.459,1.30288,1.30295
2013.03.12 00:01:54.818,1.30287,1.30294
2013.03.12 00:01:55.119,1.30287,1.30295
2013.03.12 00:01:55.298,1.30287,1.30295
2013.03.12 00:01:55.478,1.30288,1.30295
2013.03.12 00:01:56.180,1.30288,1.30295
2013.03.12 00:01:59.738,1.30287,1.30295
2013.03.12 00:02:00.501,1.30285,1.30295
2013.03.12 00:02:00.630,1.30284,1.30293
2013.03.12 00:02:00.990,1.30283,1.30292
2013.03.12 00:02:01.499,1.30283,1.30292
2013.03.12 00:02:02.074,1.30285,1.30292
2013.03.12 00:02:02.598,1.30285,1.30292
2013.03.12 00:02:03.928,1.30285,1.30291
2013.03.12 00:02:04.229,1.30283,1.30291
2013.03.12 00:02:04.290,1.3028,1.30288
2013.03.12 00:02:04.349,1.30278,1.30286
2013.03.12 00:02:04.890,1.3028,1.30285
2013.03.12 00:02:05.189,1.30281,1.30287
2013.03.12 00:02:08.179,1.3028,1.30287
2013.03.12 00:02:08.698,1.3028,1.30287
2013.03.12 00:02:09.430,1.30279,1.30285
2013.03.12 00:02:09.949,1.30279,1.30285
2013.03.12 00:02:10.249,1.30276,1.30284
2013.03.12 00:02:10.369,1.30276,1.30284
2013.03.12 00:02:10.680,1.30274,1.30282
2013.03.12 00:02:12.288,1.30274,1.30282
2013.03.12 00:02:13.212,1.30274,1.30282
2013.03.12 00:02:13.529,1.30273,1.30282
2013.03.12 00:02:13.588,1.30272,1.30281
2013.03.12 00:02:13.769,1.30272,1.3028
2013.03.12 00:02:14.308,1.30268,1.30277
2013.03.12 00:02:17.708,1.30268,1.30278
2013.03.12 00:02:18.248,1.30268,1.30276
2013.03.12 00:02:20.278,1.30269,1.30276
2013.03.12 00:02:20.818,1.30269,1.30276
2013.03.12 00:02:21.119,1.30271,1.30278
2013.03.12 00:02:22.399,1.30273,1.30279
2013.03.12 00:02:22.841,1.30271,1.30277
2013.03.12 00:02:23.270,1.30269,1.30276
2013.03.12 00:02:23.340,1.30269,1.30275
2013.03.12 00:02:27.509,1.30269,1.30275
2013.03.12 00:02:28.060,1.30269,1.30276
2013.03.12 00:02:29.178,1.30269,1.30276
2013.03.12 00:02:32.491,1.3027,1.30276
2013.03.12 00:02:33.629,1.30269,1.30275
2013.03.12 00:02:36.159,1.30269,1.30276
2013.03.12 00:02:37.689,1.30269,1.30276
2013.03.12 00:02:38.548,1.30269,1.30275
2013.03.12 00:02:39.108,1.3027,1.30277
2013.03.12 00:02:39.629,1.30272,1.30278
2013.03.12 00:02:39.692,1.30272,1.30278
2013.03.12 00:02:39.759,1.30274,1.30281
2013.03.12 00:02:39.878,1.30274,1.30281
2013.03.12 00:02:41.749,1.30274,1.30281
2013.03.12 00:02:46.999,1.30274,1.30281
2013.03.12 00:02:48.650,1.30274,1.30281
2013.03.12 00:02:49.188,1.30273,1.30281
2013.03.12 00:02:50.858,1.30272,1.30279
2013.03.12 00:02:51.099,1.3027,1.30277
2013.03.12 00:03:01.878,1.30269,1.30277
2013.03.12 00:03:06.278,1.30269,1.30277
2013.03.12 00:03:06.948,1.30269,1.30277
2013.03.12 00:03:10.079,1.30269,1.30277
2013.03.12 00:03:11.538,1.30268,1.30275
2013.03.12 00:03:11.659,1.30269,1.30275
2013.03.12 00:03:12.698,1.30269,1.30275
2013.03.12 00:03:13.332,1.30269,1.30277
2013.03.12 00:03:14.388,1.30269,1.30278
2013.03.12 00:03:20.748,1.30269,1.30275
2013.03.12 00:03:22.248,1.30269,1.30275
2013.03.12 00:03:23.429,1.30269,1.30277
2013.03.12 00:03:26.099,1.30269,1.30277
2013.03.12 00:03:28.298,1.30269,1.30275
2013.03.12 00:03:28.899,1.30269,1.30275
2013.03.12 00:03:30.518,1.30269,1.30276
2013.03.12 00:03:31.068,1.3027,1.30277
2013.03.12 00:03:31.428,1.30269,1.30275
2013.03.12 00:03:34.961,1.30269,1.30277
2013.03.12 00:03:39.540,1.3027,1.30277
2013.03.12 00:03:52.452,1.3027,1.30277
2013.03.12 00:03:52.968,1.30269,1.30276
2013.03.12 00:03:53.269,1.30268,1.30275
2013.03.12 00:03:53.328,1.30269,1.30275
2013.03.12 00:03:54.388,1.3027,1.30277
2013.03.12 00:04:02.975,1.30271,1.30278
2013.03.12 00:04:08.758,1.30271,1.30277
2013.03.12 00:04:09.019,1.30269,1.30275
2013.03.12 00:04:09.498,1.3027,1.30276
2013.03.12 00:04:09.688,1.30271,1.30276
2013.03.12 00:04:12.539,1.3027,1.30278
2013.03.12 00:04:12.719,1.30267,1.30275
2013.03.12 00:04:12.959,1.30267,1.30274
2013.03.12 00:04:13.869,1.30267,1.30274
2013.03.12 00:04:14.308,1.30267,1.30274
2013.03.12 00:04:19.889,1.30267,1.30273
2013.03.12 00:04:20.460,1.30267,1.30273
2013.03.12 00:04:21.016,1.30266,1.30273
2013.03.12 00:04:23.741,1.30263,1.3027
2013.03.12 00:04:23.859,1.30263,1.30268
2013.03.12 00:04:23.919,1.30262,1.30268
2013.03.12 00:04:23.979,1.30261,1.30268
2013.03.12 00:04:24.518,1.3026,1.30268
2013.03.12 00:04:25.928,1.3026,1.30268
2013.03.12 00:04:28.179,1.3026,1.30268
2013.03.12 00:04:29.709,1.3026,1.30266
2013.03.12 00:04:30.580,1.30262,1.30267
2013.03.12 00:04:31.120,1.30261,1.30268
2013.03.12 00:04:31.180,1.30262,1.3027
2013.03.12 00:04:31.479,1.30262,1.3027
2013.03.12 00:04:32.018,1.30258,1.30268
2013.03.12 00:04:32.439,1.30259,1.30269
2013.03.12 00:04:32.990,1.3026,1.30269
2013.03.12 00:04:33.110,1.30261,1.30269
2013.03.12 00:04:35.383,1.30262,1.30269
2013.03.12 00:04:36.360,1.30262,1.30268
2013.03.12 00:04:36.419,1.30263,1.30269
2013.03.12 00:04:36.539,1.30265,1.30271
2013.03.12 00:04:38.560,1.30265,1.30271
2013.03.12 00:04:39.333,1.30263,1.30271
2013.03.12 00:04:46.648,1.30263,1.30269
2013.03.12 00:04:47.289,1.30263,1.3027
2013.03.12 00:04:47.470,1.30265,1.30271
2013.03.12 00:04:47.529,1.30266,1.30273
2013.03.12 00:04:48.237,1.30267,1.30273
2013.03.12 00:04:48.778,1.30268,1.30275
2013.03.12 00:04:49.079,1.30266,1.30275
2013.03.12 00:04:49.438,1.30268,1.30275
2013.03.12 00:04:50.163,1.30268,1.30274
2013.03.12 00:04:50.878,1.30268,1.30273
2013.03.12 00:04:56.231,1.30267,1.30272
2013.03.12 00:04:56.930,1.30266,1.30272
2013.03.12 00:04:58.719,1.30266,1.30273
2013.03.12 00:05:04.800,1.30266,1.30272
2013.03.12 00:05:07.258,1.30266,1.30272
2013.03.12 00:05:14.089,1.30266,1.30273
2013.03.12 00:05:17.330,1.30266,1.30273
2013.03.12 00:05:21.719,1.30266,1.30273
2013.03.12 00:05:22.779,1.30267,1.30273
2013.03.12 00:05:25.450,1.30267,1.30275
2013.03.12 00:05:26.448,1.30266,1.30273
2013.03.12 00:05:28.132,1.30267,1.30273
2013.03.12 00:05:28.690,1.30269,1.30274
2013.03.12 00:05:32.139,1.30269,1.30275
2013.03.12 00:05:32.718,1.30271,1.30277
2013.03.12 00:05:36.560,1.30271,1.30279
2013.03.12 00:05:36.679,1.30273,1.3028
2013.03.12 00:05:36.919,1.30276,1.30281
2013.03.12 00:05:37.520,1.30274,1.3028
2013.03.12 00:05:38.059,1.30273,1.30279
2013.03.12 00:05:41.969,1.30274,1.30279
2013.03.12 00:05:42.090,1.30274,1.30281
2013.03.12 00:05:42.329,1.30275,1.30281
2013.03.12 00:05:42.509,1.30274,1.3028
2013.03.12 00:05:43.298,1.30274,1.3028
2013.03.12 00:05:47.024,1.30274,1.3028
2013.03.12 00:05:47.529,1.30274,1.3028
2013.03.12 00:05:51.059,1.30271,1.30278
2013.03.12 00:05:51.240,1.30269,1.30275
2013.03.12 00:05:51.761,1.30269,1.30275
2013.03.12 00:05:52.649,1.3027,1.30277
2013.03.12 00:05:55.382,1.30269,1.30278
2013.03.12 00:05:56.070,1.3027,1.30277
2013.03.12 00:05:56.249,1.3027,1.30277
2013.03.12 00:05:58.992,1.3027,1.30275
2013.03.12 00:05:59.562,1.3027,1.30275
2013.03.12 00:06:01.585,1.3027,1.30275
2013.03.12 00:06:01.840,1.3027,1.30275
2013.03.12 00:06:03.620,1.3027,1.30275
2013.03.12 00:06:05.489,1.3027,1.30275
2013.03.12 00:06:06.030,1.3027,1.30277
2013.03.12 00:06:07.349,1.3027,1.30277
2013.03.12 00:06:07.589,1.30267,1.30275
2013.03.12 00:06:08.157,1.30267,1.30275
2013.03.12 00:06:09.570,1.30266,1.30275
2013.03.12 00:06:09.749,1.30265,1.30275
2013.03.12 00:06:09.990,1.30265,1.30274
2013.03.12 00:06:10.050,1.30265,1.30274
2013.03.12 00:06:10.180,1.30265,1.30273
2013.03.12 00:06:10.739,1.30265,1.30273
2013.03.12 00:06:11.340,1.30265,1.30273
2013.03.12 00:06:13.420,1.30265,1.30273
2013.03.12 00:06:16.059,1.30265,1.30273
2013.03.12 00:06:18.390,1.30268,1.30273
2013.03.12 00:06:18.749,1.30269,1.30275
2013.03.12 00:06:19.169,1.30271,1.30275
2013.03.12 00:06:19.709,1.30271,1.30276
2013.03.12 00:06:21.185,1.30269,1.30275
2013.03.12 00:06:21.255,1.30271,1.30276
2013.03.12 00:06:21.380,1.30271,1.30278
2013.03.12 00:06:21.560,1.30272,1.30278
2013.03.12 00:06:21.920,1.30273,1.30279
2013.03.12 00:06:22.760,1.30273,1.30279
2013.03.12 00:06:23.300,1.30274,1.3028
2013.03.12 00:06:23.929,1.30276,1.30281
2013.03.12 00:06:24.290,1.30277,1.30283
2013.03.12 00:06:24.410,1.30277,1.30285
2013.03.12 00:06:24.469,1.30278,1.30286
2013.03.12 00:06:25.009,1.30278,1.30287
2013.03.12 00:06:25.608,1.30278,1.30287
2013.03.12 00:06:30.269,1.30278,1.30285
2013.03.12 00:06:31.361,1.30278,1.30284
2013.03.12 00:06:33.749,1.30279,1.30285
2013.03.12 00:06:39.010,1.30279,1.30285
2013.03.12 00:06:51.170,1.30279,1.30284
2013.03.12 00:06:58.160,1.30277,1.30283
2013.03.12 00:07:04.491,1.30277,1.30283
2013.03.12 00:07:08.728,1.30276,1.30283
2013.03.12 00:07:10.983,1.30278,1.30284
2013.03.12 00:07:11.510,1.30278,1.30284
2013.03.12 00:07:12.650,1.30278,1.30285
2013.03.12 00:07:41.130,1.30278,1.30284
2013.03.12 00:07:41.369,1.30278,1.30284
2013.03.12 00:07:43.868,1.30278,1.30284
2013.03.12 00:07:46.040,1.30278,1.30285
2013.03.12 00:07:46.909,1.30278,1.30284
2013.03.12 00:07:47.395,1.30277,1.30283
2013.03.12 00:07:47.461,1.30273,1.3028
2013.03.12 00:07:47.580,1.30271,1.30279
2013.03.12 00:07:47.641,1.30269,1.30277
2013.03.12 00:07:48.200,1.30269,1.30276
2013.03.12 00:07:48.742,1.30269,1.30276
2013.03.12 00:07:49.321,1.30269,1.30276
2013.03.12 00:07:52.040,1.30269,1.30276
2013.03.12 00:07:53.851,1.30269,1.30275
2013.03.12 00:07:55.649,1.30269,1.30277
2013.03.12 00:07:55.960,1.30268,1.30277
2013.03.12 00:07:59.500,1.30269,1.30277
2013.03.12 00:08:02.491,1.30268,1.30275
2013.03.12 00:08:04.161,1.30268,1.30276
2013.03.12 00:08:04.670,1.30267,1.30274
2013.03.12 00:08:04.732,1.30266,1.30274
2013.03.12 00:08:05.339,1.30265,1.30273
2013.03.12 00:08:05.519,1.30265,1.30274
2013.03.12 00:08:06.020,1.30266,1.30276
2013.03.12 00:08:07.142,1.30268,1.30273
2013.03.12 00:08:07.464,1.3027,1.30278
2013.03.12 00:08:07.649,1.30269,1.30278
2013.03.12 00:08:07.710,1.30271,1.30279
2013.03.12 00:08:07.770,1.30271,1.30279
2013.03.12 00:08:07.890,1.30272,1.30278
2013.03.12 00:08:08.370,1.30272,1.30278
2013.03.12 00:08:09.709,1.30273,1.30279
2013.03.12 00:08:10.030,1.30274,1.30281
2013.03.12 00:08:10.150,1.30275,1.30282
2013.03.12 00:08:11.022,1.30276,1.30282
2013.03.12 00:08:11.559,1.30277,1.30283
2013.03.12 00:08:12.100,1.30277,1.30284
2013.03.12 00:08:13.080,1.30279,1.30285
2013.03.12 00:08:13.520,1.30275,1.30283
2013.03.12 00:08:14.061,1.30278,1.30285
2013.03.12 00:08:25.952,1.30279,1.30285
2013.03.12 00:08:26.020,1.30279,1.30287
2013.03.12 00:08:26.530,1.30282,1.30288
2013.03.12 00:08:26.611,1.30283,1.30292
2013.03.12 00:08:27.474,1.30284,1.3029
2013.03.12 00:08:28.080,1.30285,1.3029
2013.03.12 00:08:28.440,1.30283,1.30288
2013.03.12 00:08:28.680,1.3028,1.30286
2013.03.12 00:08:29.219,1.3028,1.30286
2013.03.12 00:08:30.139,1.3028,1.30285
2013.03.12 00:08:30.320,1.3028,1.30284
2013.03.12 00:08:30.379,1.30279,1.30283
2013.03.12 00:08:30.439,1.30276,1.30284
2013.03.12 00:08:30.739,1.30275,1.30283
2013.03.12 00:08:30.860,1.30275,1.30281
2013.03.12 00:08:31.499,1.30272,1.30278
2013.03.12 00:08:32.099,1.30272,1.30278
2013.03.12 00:08:32.400,1.30274,1.3028
2013.03.12 00:08:32.910,1.30276,1.3028
2013.03.12 00:08:35.423,1.30276,1.3028
2013.03.12 00:08:35.970,1.30275,1.3028
2013.03.12 00:08:36.089,1.3027,1.30278
2013.03.12 00:08:36.149,1.3027,1.30278
2013.03.12 00:08:36.390,1.30265,1.30276
2013.03.12 00:08:36.930,1.30268,1.30274
2013.03.12 00:08:37.289,1.30268,1.30276
2013.03.12 00:08:38.320,1.3027,1.30276
2013.03.12 00:08:40.310,1.30269,1.30278
2013.03.12 00:08:40.849,1.30271,1.30277
2013.03.12 00:08:44.910,1.3027,1.30277
2013.03.12 00:08:51.770,1.3027,1.30277
2013.03.12 00:08:52.311,1.3027,1.30276
2013.03.12 00:08:53.066,1.3027,1.30276
2013.03.12 00:08:54.519,1.3027,1.30276
2013.03.12 00:08:55.072,1.30269,1.30276
2013.03.12 00:08:55.722,1.3027,1.30276
2013.03.12 00:08:56.229,1.3027,1.30276
2013.03.12 00:08:58.859,1.30271,1.30278
2013.03.12 00:08:59.041,1.30272,1.3028
2013.03.12 00:08:59.170,1.30273,1.3028
2013.03.12 00:08:59.349,1.30274,1.3028
2013.03.12 00:08:59.850,1.30274,1.3028
2013.03.12 00:09:08.250,1.30277,1.30284
2013.03.12 00:09:08.370,1.30277,1.30287
2013.03.12 00:09:08.493,1.3028,1.30287
2013.03.12 00:09:08.740,1.30281,1.30288
2013.03.12 00:09:09.041,1.30282,1.30292
2013.03.12 00:09:09.400,1.30284,1.30291
2013.03.12 00:09:09.759,1.30283,1.30287
2013.03.12 00:09:10.313,1.30283,1.30287
2013.03.12 00:09:10.854,1.3028,1.30287
2013.03.12 00:09:10.926,1.30278,1.30283
2013.03.12 00:09:11.053,1.30278,1.30284
2013.03.12 00:09:11.181,1.3028,1.30284
2013.03.12 00:09:11.362,1.30278,1.30284
2013.03.12 00:09:11.850,1.30276,1.30283
2013.03.12 00:09:15.980,1.30274,1.3028
2013.03.12 00:09:16.101,1.30274,1.3028
2013.03.12 00:09:16.220,1.30274,1.30278
2013.03.12 00:09:16.400,1.30272,1.30279
2013.03.12 00:09:16.520,1.30268,1.30276
2013.03.12 00:09:16.881,1.30269,1.30276
2013.03.12 00:09:20.752,1.3027,1.30276
2013.03.12 00:09:27.980,1.30268,1.30275
2013.03.12 00:09:28.100,1.30268,1.30277
2013.03.12 00:09:29.299,1.30271,1.30277
2013.03.12 00:09:31.092,1.30271,1.30277
2013.03.12 00:09:33.003,1.30271,1.30277
2013.03.12 00:09:33.720,1.30271,1.30277
2013.03.12 00:09:36.541,1.30271,1.30277
2013.03.12 00:09:37.143,1.30271,1.30277
2013.03.12 00:09:37.701,1.30272,1.30278
2013.03.12 00:09:38.050,1.30273,1.30279
2013.03.12 00:09:38.350,1.30272,1.30279
2013.03.12 00:09:38.469,1.30272,1.30279
2013.03.12 00:09:38.531,1.30274,1.30279
2013.03.12 00:09:38.591,1.30274,1.30279
2013.03.12 00:09:40.689,1.30276,1.30281
2013.03.12 00:09:44.000,1.30277,1.30284
2013.03.12 00:09:44.180,1.30278,1.30284
2013.03.12 00:09:44.500,1.30278,1.30284
2013.03.12 00:09:44.979,1.30279,1.30284
2013.03.12 00:09:45.842,1.30281,1.30287
2013.03.12 00:09:46.031,1.30282,1.3029
2013.03.12 00:09:46.090,1.30284,1.30292
2013.03.12 00:09:46.272,1.30285,1.30292
2013.03.12 00:09:46.451,1.30285,1.30292
2013.03.12 00:09:47.569,1.30288,1.30293
2013.03.12 00:09:48.109,1.30289,1.30295
2013.03.12 00:09:49.929,1.30289,1.30293
2013.03.12 00:09:50.590,1.30288,1.30293
2013.03.12 00:09:51.491,1.30288,1.30293
2013.03.12 00:09:54.151,1.30288,1.30293
2013.03.12 00:09:54.690,1.30283,1.30291
2013.03.12 00:09:55.049,1.30282,1.30289
2013.03.12 00:09:55.410,1.30282,1.30289
2013.03.12 00:09:55.470,1.30281,1.30289
2013.03.12 00:09:55.590,1.30282,1.30288
2013.03.12 00:09:56.096,1.3028,1.30286
2013.03.12 00:09:56.174,1.3028,1.30286
2013.03.12 00:09:56.720,1.30278,1.30284
2013.03.12 00:09:57.083,1.30278,1.30284
2013.03.12 00:09:58.432,1.3028,1.30287
2013.03.12 00:09:58.680,1.30279,1.30285
2013.03.12 00:09:58.862,1.30279,1.30285
2013.03.12 00:09:58.990,1.30279,1.30285
2013.03.12 00:10:02.239,1.30281,1.30286
2013.03.12 00:10:07.678,1.3028,1.30286
2013.03.12 00:10:10.240,1.3028,1.30285
2013.03.12 00:10:10.780,1.3028,1.30285
2013.03.12 00:10:11.620,1.30281,1.30285
2013.03.12 00:10:14.309,1.30281,1.30285
2013.03.12 00:10:14.429,1.30281,1.30287
2013.03.12 00:10:14.730,1.30283,1.30288
2013.03.12 00:10:15.029,1.30283,1.30291
2013.03.12 00:10:15.151,1.30288,1.30293
2013.03.12 00:10:15.271,1.30288,1.30295
2013.03.12 00:10:15.520,1.30288,1.30295
2013.03.12 00:10:16.413,1.30289,1.30295
2013.03.12 00:10:16.919,1.3029,1.303
2013.03.12 00:10:17.491,1.30293,1.30297
2013.03.12 00:10:17.670,1.30293,1.30297
2013.03.12 00:10:18.472,1.3029,1.30297
2013.03.12 00:10:19.620,1.30291,1.30297
2013.03.12 00:10:19.680,1.30293,1.303
2013.03.12 00:10:19.739,1.30293,1.303
2013.03.12 00:10:19.860,1.30293,1.30301
2013.03.12 00:10:20.101,1.30294,1.30301
2013.03.12 00:10:20.220,1.30295,1.30302
2013.03.12 00:10:20.280,1.30299,1.30305
2013.03.12 00:10:20.639,1.30297,1.30305
2013.03.12 00:10:20.759,1.30298,1.30305
2013.03.12 00:10:21.541,1.30296,1.30301
2013.03.12 00:10:21.601,1.30293,1.30299
2013.03.12 00:10:21.780,1.30292,1.30299
2013.03.12 00:10:21.900,1.30291,1.30299
2013.03.12 00:10:22.020,1.30291,1.30298
2013.03.12 00:10:22.380,1.30289,1.30297
2013.03.12 00:10:22.500,1.30289,1.30297
2013.03.12 00:10:22.801,1.30288,1.30296
2013.03.12 00:10:22.860,1.30287,1.30295
2013.03.12 00:10:22.932,1.30286,1.30291
2013.03.12 00:10:23.241,1.30285,1.3029
2013.03.12 00:10:23.543,1.30284,1.30289
2013.03.12 00:10:23.611,1.30283,1.30288
2013.03.12 00:10:23.671,1.30281,1.30288
2013.03.12 00:10:23.732,1.30279,1.30288
2013.03.12 00:10:23.850,1.30279,1.30286
2013.03.12 00:10:23.911,1.30278,1.30285
2013.03.12 00:10:24.270,1.30276,1.30283
2013.03.12 00:10:24.332,1.30276,1.30285
2013.03.12 00:10:24.839,1.30277,1.30284
2013.03.12 00:10:25.529,1.30279,1.30284
2013.03.12 00:10:26.661,1.3028,1.30285
2013.03.12 00:10:26.850,1.30281,1.30288
2013.03.12 00:10:26.914,1.3028,1.30288
2013.03.12 00:10:26.983,1.30282,1.30289
2013.03.12 00:10:27.170,1.30282,1.30289
2013.03.12 00:10:27.718,1.30282,1.30288
2013.03.12 00:10:28.664,1.30282,1.30288
2013.03.12 00:10:28.973,1.30282,1.30289
2013.03.12 00:10:29.041,1.30282,1.3029
2013.03.12 00:10:29.462,1.30283,1.30291
2013.03.12 00:10:29.530,1.30284,1.30291
2013.03.12 00:10:29.711,1.30285,1.30291
2013.03.12 00:10:30.270,1.30285,1.30292
2013.03.12 00:10:33.931,1.30285,1.30293
2013.03.12 00:10:34.289,1.30288,1.30297
2013.03.12 00:10:37.270,1.30287,1.30295
2013.03.12 00:10:37.450,1.30285,1.30294
2013.03.12 00:10:37.810,1.30286,1.30294
2013.03.12 00:10:37.992,1.30285,1.30294
2013.03.12 00:10:40.010,1.30286,1.30293
2013.03.12 00:10:40.620,1.30287,1.30292
2013.03.12 00:10:40.860,1.30286,1.30292
2013.03.12 00:10:42.791,1.30284,1.30291
2013.03.12 00:10:42.851,1.30284,1.3029
2013.03.12 00:10:43.033,1.3028,1.30288
2013.03.12 00:10:43.100,1.30278,1.30286
2013.03.12 00:10:43.519,1.30278,1.30285
2013.03.12 00:10:44.060,1.30279,1.30285
2013.03.12 00:10:45.450,1.30279,1.30283
2013.03.12 00:10:47.528,1.30279,1.30283
2013.03.12 00:10:48.431,1.30279,1.30283
2013.03.12 00:10:49.051,1.30279,1.30283
2013.03.12 00:10:49.568,1.30278,1.30283
2013.03.12 00:10:49.812,1.30279,1.30284
2013.03.12 00:10:50.303,1.30278,1.30284
2013.03.12 00:10:51.761,1.30278,1.30283
2013.03.12 00:10:51.881,1.30278,1.30282
2013.03.12 00:10:52.360,1.30278,1.3028
2013.03.12 00:10:52.720,1.30278,1.30281
2013.03.12 00:10:52.780,1.30278,1.30281
2013.03.12 00:10:52.901,1.30278,1.30284
2013.03.12 00:10:53.080,1.30278,1.30282
2013.03.12 00:10:53.440,1.30278,1.30281
2013.03.12 00:10:53.499,1.30278,1.30284
2013.03.12 00:10:53.680,1.30278,1.30284
2013.03.12 00:10:53.740,1.30278,1.30281
2013.03.12 00:10:53.920,1.30278,1.30284
2013.03.12 00:10:53.981,1.3028,1.30284
2013.03.12 00:10:54.520,1.30281,1.30287
2013.03.12 00:10:55.059,1.30279,1.30285
2013.03.12 00:10:57.337,1.30279,1.30286
2013.03.12 00:10:57.961,1.3028,1.30286
2013.03.12 00:10:58.511,1.3028,1.30286
2013.03.12 00:11:00.550,1.3028,1.30286
2013.03.12 00:11:03.121,1.30281,1.30287
2013.03.12 00:11:05.610,1.30281,1.30287
2013.03.12 00:11:05.731,1.30281,1.30287
2013.03.12 00:11:06.469,1.30281,1.30287
2013.03.12 00:11:14.708,1.30281,1.30287
2013.03.12 00:11:16.330,1.30282,1.30289
2013.03.12 00:11:16.511,1.30283,1.3029
2013.03.12 00:11:17.143,1.30285,1.3029
2013.03.12 00:11:17.693,1.30286,1.3029
2013.03.12 00:11:18.001,1.30286,1.30293
2013.03.12 00:11:18.541,1.30289,1.30293
2013.03.12 00:11:22.380,1.30289,1.30295
2013.03.12 00:11:24.911,1.3029,1.30296
2013.03.12 00:11:25.450,1.30291,1.30296
2013.03.12 00:11:26.771,1.30291,1.30297
2013.03.12 00:11:27.312,1.30289,1.30295
2013.03.12 00:11:28.610,1.30291,1.30296
2013.03.12 00:11:31.030,1.30291,1.30297
2013.03.12 00:11:31.480,1.3029,1.30296
2013.03.12 00:11:31.904,1.3029,1.30297
2013.03.12 00:11:31.971,1.3029,1.30297
2013.03.12 00:11:32.151,1.30292,1.30299
2013.03.12 00:11:32.451,1.30293,1.30299
2013.03.12 00:11:32.992,1.30294,1.303
2013.03.12 00:11:33.501,1.30294,1.303
2013.03.12 00:11:34.870,1.30296,1.30303
2013.03.12 00:11:35.426,1.30297,1.30303
2013.03.12 00:11:36.043,1.30298,1.30303
2013.03.12 00:11:37.602,1.30299,1.30303
2013.03.12 00:11:45.631,1.30298,1.30303
2013.03.12 00:11:59.270,1.30296,1.30301
2013.03.12 00:12:03.178,1.30294,1.30302
2013.03.12 00:12:03.241,1.30292,1.303
2013.03.12 00:12:03.371,1.30291,1.30298
2013.03.12 00:12:03.919,1.30289,1.30295
2013.03.12 00:12:04.220,1.30287,1.30294
2013.03.12 00:12:04.281,1.30288,1.30294
2013.03.12 00:12:04.820,1.30288,1.30295
2013.03.12 00:12:05.430,1.30288,1.30295
2013.03.12 00:12:08.853,1.30288,1.30295
2013.03.12 00:12:11.881,1.30289,1.30295
2013.03.12 00:12:20.540,1.30288,1.30295
2013.03.12 00:12:21.809,1.30287,1.30295
2013.03.12 00:12:25.250,1.30287,1.30295
2013.03.12 00:12:33.141,1.30287,1.30295
2013.03.12 00:12:42.330,1.30288,1.30294
2013.03.12 00:12:44.629,1.30288,1.30294
2013.03.12 00:12:45.482,1.30288,1.30294
2013.03.12 00:12:49.016,1.30288,1.30294
2013.03.12 00:12:49.803,1.30288,1.30294
2013.03.12 00:12:50.110,1.30286,1.30293
2013.03.12 00:12:51.710,1.30285,1.3029
2013.03.12 00:12:52.070,1.30283,1.3029
2013.03.12 00:12:52.250,1.30282,1.30288
2013.03.12 00:12:52.371,1.30281,1.30288
2013.03.12 00:12:52.611,1.30277,1.30285
2013.03.12 00:12:53.150,1.30277,1.30284
2013.03.12 00:12:54.416,1.30278,1.30284
2013.03.12 00:13:13.411,1.30278,1.30285
2013.03.12 00:13:19.071,1.30278,1.30284
2013.03.12 00:13:19.993,1.30277,1.30283
2013.03.12 00:13:22.380,1.30276,1.30283
2013.03.12 00:13:23.872,1.30277,1.30283
2013.03.12 00:13:24.006,1.30274,1.30282
2013.03.12 00:13:24.381,1.30274,1.3028
2013.03.12 00:13:24.682,1.30273,1.3028
2013.03.12 00:13:24.740,1.30272,1.30279
2013.03.12 00:13:25.040,1.3027,1.30279
2013.03.12 00:13:25.402,1.30269,1.30278
2013.03.12 00:13:25.951,1.30268,1.30277
2013.03.12 00:13:26.079,1.30265,1.30274
2013.03.12 00:13:27.334,1.30264,1.30272
2013.03.12 00:13:28.050,1.30264,1.30271
2013.03.12 00:13:29.090,1.30263,1.30271
2013.03.12 00:13:29.272,1.30266,1.3027
2013.03.12 00:13:29.450,1.30266,1.30272
2013.03.12 00:13:29.630,1.30266,1.30274
2013.03.12 00:13:29.811,1.30267,1.30275
2013.03.12 00:13:30.175,1.30268,1.30275
2013.03.12 00:13:30.250,1.30269,1.30276
2013.03.12 00:13:30.740,1.30269,1.30277
2013.03.12 00:13:36.492,1.3027,1.30277
2013.03.12 00:13:36.621,1.3027,1.30278
2013.03.12 00:13:36.982,1.30272,1.30278
2013.03.12 00:13:37.101,1.30272,1.3028
2013.03.12 00:13:37.340,1.30273,1.30281
2013.03.12 00:13:37.900,1.30274,1.30281
2013.03.12 00:13:38.270,1.30277,1.30284
2013.03.12 00:13:40.271,1.30277,1.30284
2013.03.12 00:13:41.463,1.30277,1.30284
2013.03.12 00:13:42.721,1.30279,1.30284
2013.03.12 00:13:43.560,1.30276,1.30283
2013.03.12 00:13:44.110,1.30275,1.30283
2013.03.12 00:13:44.931,1.30277,1.30283
2013.03.12 00:13:47.860,1.30278,1.30283
2013.03.12 00:13:47.924,1.30275,1.30282
2013.03.12 00:13:47.992,1.30274,1.30279
2013.03.12 00:13:48.112,1.30275,1.30284
2013.03.12 00:13:48.233,1.30281,1.30285
2013.03.12 00:13:48.303,1.30281,1.30289
2013.03.12 00:13:48.494,1.30284,1.3029
2013.03.12 00:13:48.811,1.30285,1.30293
2013.03.12 00:13:48.930,1.30286,1.30293
2013.03.12 00:13:49.371,1.30288,1.30294
2013.03.12 00:13:51.030,1.30287,1.30295
2013.03.12 00:13:51.510,1.30287,1.30294
2013.03.12 00:13:52.071,1.30287,1.30294
2013.03.12 00:13:56.871,1.30288,1.30295
2013.03.12 00:13:56.993,1.30289,1.30296
2013.03.12 00:13:57.361,1.30291,1.30298
2013.03.12 00:13:57.421,1.30291,1.30298
2013.03.12 00:13:57.960,1.30292,1.30298
2013.03.12 00:13:58.506,1.30292,1.30298
2013.03.12 00:14:00.577,1.30292,1.303
2013.03.12 00:14:00.760,1.30292,1.30298
2013.03.12 00:14:00.881,1.3029,1.30298
2013.03.12 00:14:01.001,1.30288,1.30295
2013.03.12 00:14:01.551,1.30288,1.30295
2013.03.12 00:14:13.391,1.30287,1.30294
2013.03.12 00:14:23.260,1.30288,1.30295
2013.03.12 00:14:25.663,1.30289,1.30295
2013.03.12 00:14:25.792,1.30291,1.30299
2013.03.12 00:14:26.330,1.30291,1.30297
2013.03.12 00:14:28.351,1.30287,1.30295
2013.03.12 00:14:28.531,1.30287,1.30295
2013.03.12 00:14:28.650,1.30287,1.30295
2013.03.12 00:14:29.145,1.30285,1.30292
2013.03.12 00:14:29.630,1.30287,1.30293
2013.03.12 00:14:30.671,1.30287,1.30293
2013.03.12 00:14:37.741,1.30287,1.30293
2013.03.12 00:14:38.042,1.30287,1.30293
2013.03.12 00:14:38.341,1.30289,1.30296
2013.03.12 00:14:41.200,1.30289,1.30297
2013.03.12 00:14:42.290,1.30289,1.30295
2013.03.12 00:14:42.800,1.30288,1.30294
2013.03.12 00:14:44.241,1.30287,1.30293
2013.03.12 00:14:44.301,1.30287,1.30293
2013.03.12 00:14:44.543,1.30285,1.30291
2013.03.12 00:14:45.090,1.30285,1.30292
2013.03.12 00:14:51.835,1.30286,1.30294
2013.03.12 00:14:56.910,1.30286,1.30293
2013.03.12 00:14:58.480,1.30287,1.30294
2013.03.12 00:15:00.038,1.30286,1.30294
2013.03.12 00:15:00.770,1.30287,1.30294
2013.03.12 00:15:14.591,1.30288,1.30296
2013.03.12 00:15:18.360,1.30288,1.30296
2013.03.12 00:15:23.521,1.30288,1.30294
2013.03.12 00:15:24.001,1.30288,1.30294
2013.03.12 00:15:26.025,1.30287,1.30293
2013.03.12 00:15:26.710,1.30287,1.30294
2013.03.12 00:15:33.421,1.30287,1.30293
2013.03.12 00:15:33.781,1.30286,1.30293
2013.03.12 00:15:34.340,1.30286,1.30292
2013.03.12 00:15:40.591,1.30285,1.30292
2013.03.12 00:15:41.360,1.30284,1.30291
2013.03.12 00:15:41.928,1.30284,1.3029
2013.03.12 00:15:44.110,1.30283,1.30289
2013.03.12 00:15:50.061,1.3028,1.30286
2013.03.12 00:16:11.431,1.3028,1.30288
2013.03.12 00:16:18.730,1.3028,1.30287
2013.03.12 00:16:20.350,1.3028,1.30287
2013.03.12 00:16:23.231,1.30281,1.30288
2013.03.12 00:16:23.292,1.30281,1.30288
2013.03.12 00:16:23.350,1.30283,1.30288
2013.03.12 00:16:23.591,1.30285,1.30292
2013.03.12 00:16:23.951,1.30287,1.30292
2013.03.12 00:16:24.252,1.30287,1.30293
2013.03.12 00:16:29.263,1.30287,1.30293
2013.03.12 00:16:33.590,1.30287,1.30293
2013.03.12 00:16:34.671,1.30287,1.30293
2013.03.12 00:16:36.871,1.30287,1.30294
2013.03.12 00:16:38.070,1.3029,1.30296
2013.03.12 00:16:38.549,1.30291,1.30299
2013.03.12 00:16:39.421,1.30291,1.30298
2013.03.12 00:16:45.932,1.30291,1.30297
2013.03.12 00:16:47.520,1.30291,1.30297
2013.03.12 00:16:48.245,1.30291,1.30298
2013.03.12 00:16:55.460,1.30291,1.30297
2013.03.12 00:16:56.106,1.30291,1.30296
2013.03.12 00:17:02.040,1.30291,1.30297
2013.03.12 00:17:21.111,1.30291,1.30297
2013.03.12 00:17:22.659,1.30291,1.30297
2013.03.12 00:17:38.939,1.30291,1.30297
2013.03.12 00:17:50.111,1.30291,1.30297
2013.03.12 00:18:01.501,1.30289,1.30295
2013.03.12 00:18:03.281,1.30289,1.30294
2013.03.12 00:18:07.154,1.30289,1.30294
2013.03.12 00:18:21.041,1.30289,1.30295
2013.03.12 00:18:21.161,1.30289,1.30296
2013.03.12 00:18:21.280,1.30289,1.30295
2013.03.12 00:18:29.670,1.30289,1.30295
2013.03.12 00:18:34.478,1.30289,1.30295
2013.03.12 00:18:35.122,1.3029,1.30298
2013.03.12 00:18:35.661,1.30292,1.30298
2013.03.12 00:18:40.770,1.3029,1.30297
2013.03.12 00:18:41.130,1.30289,1.30297
2013.03.12 00:18:44.390,1.30291,1.30297
2013.03.12 00:18:44.570,1.30289,1.30297
2013.03.12 00:18:44.690,1.30289,1.30297
2013.03.12 00:18:44.930,1.30287,1.30295
2013.03.12 00:18:45.554,1.30289,1.30295
2013.03.12 00:18:46.891,1.30289,1.30295
2013.03.12 00:18:48.461,1.30289,1.30295
2013.03.12 00:18:49.002,1.30289,1.30295
2013.03.12 00:18:49.120,1.30288,1.30295
2013.03.12 00:18:49.182,1.30287,1.30294
2013.03.12 00:18:49.541,1.30284,1.30292
2013.03.12 00:18:49.851,1.30285,1.30292
2013.03.12 00:18:49.911,1.30286,1.30293
2013.03.12 00:18:51.493,1.30288,1.30294
2013.03.12 00:18:52.183,1.30289,1.30295
2013.03.12 00:18:52.730,1.30289,1.30295
2013.03.12 00:18:54.820,1.3029,1.30296
2013.03.12 00:19:03.201,1.3029,1.30297
2013.03.12 00:19:09.272,1.3029,1.30297
2013.03.12 00:19:18.200,1.30288,1.30295
2013.03.12 00:19:18.780,1.30288,1.30294
2013.03.12 00:19:19.661,1.30288,1.30295
2013.03.12 00:19:20.415,1.30286,1.30294
2013.03.12 00:19:25.122,1.30286,1.30292
2013.03.12 00:19:27.160,1.30286,1.30295
2013.03.12 00:19:27.340,1.30288,1.30295
2013.03.12 00:19:29.861,1.30288,1.30294
2013.03.12 00:19:30.639,1.30288,1.30295
2013.03.12 00:19:31.150,1.30289,1.30295
2013.03.12 00:19:37.811,1.30289,1.30294
2013.03.12 00:19:38.360,1.30288,1.30293
2013.03.12 00:19:41.280,1.30288,1.30293
2013.03.12 00:19:42.680,1.30286,1.30294
2013.03.12 00:19:44.311,1.30286,1.30294
2013.03.12 00:19:46.631,1.30286,1.30294
2013.03.12 00:19:46.750,1.30288,1.30295
2013.03.12 00:19:46.870,1.30288,1.30295
2013.03.12 00:19:47.110,1.30289,1.30297
2013.03.12 00:19:49.521,1.30288,1.30294
2013.03.12 00:19:49.760,1.30287,1.30294
2013.03.12 00:19:50.663,1.30286,1.30292
2013.03.12 00:19:51.150,1.30285,1.30291
2013.03.12 00:19:52.330,1.30285,1.30292
2013.03.12 00:19:52.392,1.30286,1.30292
2013.03.12 00:19:52.940,1.30286,1.30294
2013.03.12 00:19:53.492,1.30286,1.30294
2013.03.12 00:20:05.720,1.30286,1.30294
2013.03.12 00:20:22.930,1.30287,1.30295
2013.03.12 00:20:42.280,1.30289,1.30295
2013.03.12 00:20:50.444,1.30288,1.30295
2013.03.12 00:20:52.491,1.30289,1.30295
2013.03.12 00:20:53.101,1.30289,1.30295
2013.03.12 00:20:57.660,1.3029,1.30293
2013.03.12 00:20:57.781,1.3029,1.30296
2013.03.12 00:21:02.014,1.30291,1.30297
2013.03.12 00:21:02.521,1.30292,1.30299
2013.03.12 00:21:03.163,1.30292,1.30298
2013.03.12 00:21:04.271,1.30292,1.30298
2013.03.12 00:21:04.819,1.30292,1.30298
2013.03.12 00:21:06.033,1.30292,1.30298
2013.03.12 00:21:06.282,1.3029,1.30298
2013.03.12 00:21:09.752,1.30289,1.30295
2013.03.12 00:21:10.311,1.30288,1.30295
2013.03.12 00:21:36.241,1.30288,1.30296
2013.03.12 00:21:38.271,1.3029,1.30297
2013.03.12 00:21:41.652,1.30292,1.30297
2013.03.12 00:21:41.712,1.30292,1.30299
2013.03.12 00:21:42.012,1.30293,1.303
2013.03.12 00:21:42.131,1.30297,1.30303
2013.03.12 00:21:46.094,1.30297,1.30304
2013.03.12 00:21:46.533,1.30297,1.30305
2013.03.12 00:21:51.870,1.30297,1.30304
2013.03.12 00:21:54.171,1.30299,1.30306
2013.03.12 00:21:54.771,1.303,1.30307
2013.03.12 00:21:55.310,1.303,1.30307
2013.03.12 00:22:00.881,1.30299,1.30307
2013.03.12 00:22:01.422,1.30299,1.30307
2013.03.12 00:22:01.792,1.303,1.30307
2013.03.12 00:22:09.976,1.30297,1.30303
2013.03.12 00:22:15.130,1.30297,1.30303
2013.03.12 00:22:16.441,1.30297,1.30303
2013.03.12 00:22:16.942,1.30297,1.30303
2013.03.12 00:22:17.490,1.30297,1.30303
2013.03.12 00:22:18.202,1.30299,1.30305
2013.03.12 00:22:18.740,1.30299,1.30306
2013.03.12 00:22:20.021,1.303,1.30305
2013.03.12 00:22:20.614,1.30299,1.30305
2013.03.12 00:22:20.841,1.30299,1.30307
2013.03.12 00:22:20.902,1.30299,1.30308
2013.03.12 00:22:21.142,1.30301,1.30308
2013.03.12 00:22:21.681,1.30304,1.3031
2013.03.12 00:22:22.931,1.30304,1.30311
2013.03.12 00:22:23.302,1.30304,1.30311
2013.03.12 00:22:28.543,1.30307,1.30313
2013.03.12 00:22:29.080,1.30307,1.30313
2013.03.12 00:22:30.471,1.30307,1.30313
2013.03.12 00:22:30.532,1.30305,1.30311
2013.03.12 00:22:53.067,1.30304,1.30311
2013.03.12 00:22:55.951,1.30306,1.30312
2013.03.12 00:22:56.191,1.30307,1.30313
2013.03.12 00:22:58.202,1.30307,1.30313
2013.03.12 00:22:59.461,1.30307,1.30313
2013.03.12 00:23:00.152,1.30307,1.30313
2013.03.12 00:23:00.211,1.30305,1.30313
2013.03.12 00:23:01.445,1.30307,1.30313
2013.03.12 00:23:03.382,1.30307,1.30313
2013.03.12 00:23:03.902,1.30305,1.30312
2013.03.12 00:23:08.900,1.30305,1.30312
2013.03.12 00:23:12.004,1.30305,1.30312
2013.03.12 00:23:12.582,1.30305,1.30311
2013.03.12 00:23:19.191,1.30303,1.3031
2013.03.12 00:23:19.252,1.30301,1.30307
2013.03.12 00:23:19.311,1.30301,1.30306
2013.03.12 00:23:19.492,1.30299,1.30306
2013.03.12 00:23:20.031,1.30299,1.30305
2013.03.12 00:23:21.760,1.303,1.30305
2013.03.12 00:23:22.312,1.30299,1.30304
2013.03.12 00:23:22.851,1.30299,1.30304
2013.03.12 00:23:23.371,1.30299,1.30304
2013.03.12 00:23:23.631,1.30298,1.30304
2013.03.12 00:23:24.252,1.30298,1.30304
2013.03.12 00:23:25.282,1.30299,1.30304
2013.03.12 00:23:27.162,1.30299,1.30305
2013.03.12 00:23:27.892,1.30299,1.30305
2013.03.12 00:23:28.740,1.30298,1.30305
2013.03.12 00:23:40.564,1.30299,1.30305
2013.03.12 00:23:40.631,1.30299,1.30305
2013.03.12 00:23:40.811,1.30299,1.30305
2013.03.12 00:23:41.231,1.30299,1.30305
2013.03.12 00:23:42.521,1.30298,1.30305
2013.03.12 00:23:58.301,1.30298,1.30304
2013.03.12 00:23:59.431,1.30298,1.30304
2013.03.12 00:24:32.371,1.30298,1.30304
2013.03.12 00:24:33.271,1.30298,1.30304
2013.03.12 00:24:37.022,1.30298,1.30304
2013.03.12 00:24:37.561,1.30298,1.30304
2013.03.12 00:24:38.232,1.30296,1.30303
2013.03.12 00:24:38.771,1.30295,1.30302
2013.03.12 00:24:39.071,1.30295,1.30303
2013.03.12 00:24:39.621,1.30297,1.30303
2013.03.12 00:24:40.041,1.30295,1.30302
2013.03.12 00:24:42.232,1.30294,1.30302
2013.03.12 00:24:42.651,1.30293,1.303
2013.03.12 00:24:43.190,1.30294,1.30302
2013.03.12 00:24:43.685,1.30292,1.303
2013.03.12 00:24:43.753,1.30292,1.303
2013.03.12 00:24:43.992,1.3029,1.30297
2013.03.12 00:24:44.525,1.3029,1.30297
2013.03.12 00:24:44.841,1.30287,1.30294
2013.03.12 00:24:46.791,1.30287,1.30294
2013.03.12 00:24:47.772,1.30286,1.30294
2013.03.12 00:24:50.472,1.30287,1.30295
2013.03.12 00:24:51.033,1.30289,1.30296
2013.03.12 00:24:51.616,1.3029,1.30296
2013.03.12 00:24:51.685,1.3029,1.30298
2013.03.12 00:24:51.753,1.3029,1.30298
2013.03.12 00:24:51.822,1.3029,1.30298
2013.03.12 00:24:52.122,1.30292,1.303
2013.03.12 00:24:52.423,1.30294,1.30301
2013.03.12 00:24:52.961,1.30296,1.30302
2013.03.12 00:24:58.551,1.30295,1.30302
2013.03.12 00:24:58.852,1.30295,1.30302
2013.03.12 00:24:58.972,1.30296,1.30303
2013.03.12 00:24:59.032,1.30296,1.30303
2013.03.12 00:24:59.533,1.30296,1.30303
2013.03.12 00:25:01.631,1.30296,1.30303
2013.03.12 00:25:02.171,1.30294,1.30301
2013.03.12 00:25:03.051,1.30294,1.30301
2013.03.12 00:25:04.584,1.30294,1.303
2013.03.12 00:25:06.591,1.30294,1.303
2013.03.12 00:25:08.630,1.30294,1.303
2013.03.12 00:25:12.115,1.30295,1.303
2013.03.12 00:25:12.661,1.30295,1.30301
2013.03.12 00:25:13.170,1.30295,1.30301
2013.03.12 00:25:16.111,1.30294,1.30301
2013.03.12 00:25:16.612,1.30295,1.30301
2013.03.12 00:25:21.832,1.30294,1.303
2013.03.12 00:25:22.741,1.30294,1.303
2013.03.12 00:25:34.146,1.30293,1.30299
2013.03.12 00:25:40.921,1.30294,1.30301
2013.03.12 00:25:41.462,1.30296,1.30303
2013.03.12 00:25:41.991,1.30295,1.30302
2013.03.12 00:25:44.220,1.30295,1.30302
2013.03.12 00:25:44.461,1.30295,1.30302
2013.03.12 00:25:51.830,1.30298,1.30304
2013.03.12 00:25:59.502,1.30297,1.30303
2013.03.12 00:26:00.042,1.30297,1.30303
2013.03.12 00:26:00.543,1.30298,1.30305
2013.03.12 00:26:00.663,1.30299,1.30308
2013.03.12 00:26:01.203,1.303,1.30306
2013.03.12 00:26:01.751,1.30299,1.30306
2013.03.12 00:26:02.292,1.30299,1.30306
2013.03.12 00:26:03.402,1.30299,1.30306
2013.03.12 00:26:10.341,1.303,1.30306
2013.03.12 00:26:15.441,1.30301,1.30306
2013.03.12 00:26:21.213,1.30301,1.30305
2013.03.12 00:26:21.451,1.30299,1.30305
2013.03.12 00:26:21.632,1.30299,1.30305
2013.03.12 00:26:22.051,1.30297,1.30303
2013.03.12 00:26:22.591,1.30298,1.30304
2013.03.12 00:26:22.920,1.30298,1.30304
2013.03.12 00:26:36.101,1.30298,1.30304
2013.03.12 00:26:39.042,1.30299,1.30307
2013.03.12 00:26:39.563,1.303,1.30307
2013.03.12 00:26:48.603,1.30299,1.30307
2013.03.12 00:27:18.322,1.303,1.30307
2013.03.12 00:27:39.283,1.30298,1.30308
2013.03.12 00:27:47.712,1.30299,1.30308
2013.03.12 00:27:48.423,1.30299,1.30308
2013.03.12 00:27:55.881,1.30299,1.30308
2013.03.12 00:28:01.622,1.30299,1.30305
2013.03.12 00:28:02.211,1.30296,1.30302
2013.03.12 00:28:02.761,1.30296,1.30303
2013.03.12 00:28:05.662,1.30296,1.30303
2013.03.12 00:28:16.612,1.30296,1.30304
2013.03.12 00:28:17.161,1.30296,1.30304
2013.03.12 00:28:24.991,1.30297,1.30304
2013.03.12 00:28:27.196,1.30297,1.30304
2013.03.12 00:28:27.762,1.30298,1.30305
2013.03.12 00:28:28.361,1.30299,1.30307
2013.03.12 00:28:30.791,1.30299,1.30307
2013.03.12 00:28:37.232,1.30299,1.30306
2013.03.12 00:28:39.922,1.30301,1.30306
2013.03.12 00:28:43.082,1.30299,1.30305
2013.03.12 00:28:49.432,1.30299,1.30305
2013.03.12 00:28:50.127,1.30299,1.30305
2013.03.12 00:29:00.005,1.30303,1.30305
2013.03.12 00:29:00.371,1.30303,1.30311
2013.03.12 00:29:00.491,1.30303,1.3031
2013.03.12 00:29:01.101,1.30305,1.30312
2013.03.12 00:29:01.222,1.30307,1.30314
2013.03.12 00:29:01.522,1.30309,1.30315
2013.03.12 00:29:02.061,1.30309,1.30315
2013.03.12 00:29:02.672,1.30309,1.30315
2013.03.12 00:29:03.211,1.30311,1.30317
2013.03.12 00:29:03.755,1.30311,1.30318
2013.03.12 00:29:03.832,1.30311,1.30317
2013.03.12 00:29:04.521,1.30311,1.30317
2013.03.12 00:29:08.492,1.30309,1.30315
2013.03.12 00:29:08.611,1.30309,1.30315
2013.03.12 00:29:09.168,1.30309,1.30315
2013.03.12 00:29:09.784,1.30309,1.30315
2013.03.12 00:29:10.542,1.30309,1.30315
2013.03.12 00:29:11.791,1.30309,1.30315
2013.03.12 00:29:11.911,1.30308,1.30315
2013.03.12 00:29:12.091,1.30308,1.30315
2013.03.12 00:29:20.833,1.30309,1.30315
2013.03.12 00:29:29.073,1.30307,1.30314
2013.03.12 00:29:29.611,1.30307,1.30312
2013.03.12 00:29:32.171,1.30306,1.30312
2013.03.12 00:29:37.292,1.30306,1.30312
2013.03.12 00:29:48.751,1.30306,1.30312
2013.03.12 00:29:49.487,1.30306,1.30314
2013.03.12 00:29:53.281,1.30306,1.30314
2013.03.12 00:29:53.521,1.30308,1.30315
2013.03.12 00:30:00.753,1.30308,1.30314
2013.03.12 00:30:01.254,1.30307,1.30313
2013.03.12 00:30:01.742,1.30305,1.30312
2013.03.12 00:30:02.043,1.30305,1.30311
2013.03.12 00:30:02.113,1.30304,1.3031
2013.03.12 00:30:02.604,1.30303,1.3031
2013.03.12 00:30:06.091,1.30303,1.30308
2013.03.12 00:30:07.081,1.30302,1.30308
2013.03.12 00:30:07.285,1.30302,1.30306
2013.03.12 00:30:07.353,1.30302,1.30305
2013.03.12 00:30:07.415,1.30301,1.30304
2013.03.12 00:30:07.484,1.30297,1.30306
2013.03.12 00:30:07.734,1.30299,1.30302
2013.03.12 00:30:08.092,1.30296,1.30303
2013.03.12 00:30:08.643,1.30296,1.30302
2013.03.12 00:30:09.002,1.30294,1.30302
2013.03.12 00:30:09.673,1.30294,1.30301
2013.03.12 00:30:10.625,1.30293,1.303
2013.03.12 00:30:11.053,1.30293,1.30299
2013.03.12 00:30:11.174,1.30291,1.30299
2013.03.12 00:30:11.234,1.30291,1.30298
2013.03.12 00:30:11.362,1.3029,1.30297
2013.03.12 00:30:11.484,1.3029,1.30296
2013.03.12 00:30:11.794,1.30289,1.30295
2013.03.12 00:30:12.152,1.30288,1.30294
2013.03.12 00:30:12.592,1.30287,1.30293
2013.03.12 00:30:13.163,1.30285,1.30293
2013.03.12 00:30:14.163,1.30284,1.30292
2013.03.12 00:30:14.583,1.30284,1.3029
2013.03.12 00:30:14.647,1.30282,1.3029
2013.03.12 00:30:14.719,1.30281,1.3029
2013.03.12 00:30:14.842,1.3028,1.3029
2013.03.12 00:30:15.144,1.3028,1.30289
2013.03.12 00:30:15.454,1.30279,1.30288
2013.03.12 00:30:15.752,1.30279,1.30287
2013.03.12 00:30:15.813,1.30278,1.30287
2013.03.12 00:30:15.993,1.30274,1.30284
2013.03.12 00:30:16.053,1.30277,1.30284
2013.03.12 00:30:16.232,1.30277,1.30285
2013.03.12 00:30:16.738,1.30277,1.30287
2013.03.12 00:30:19.752,1.30277,1.30285
2013.03.12 00:30:23.321,1.30277,1.30286
2013.03.12 00:30:23.892,1.30279,1.30287
2013.03.12 00:30:24.622,1.30279,1.30288
2013.03.12 00:30:25.402,1.30278,1.30287
2013.03.12 00:30:26.703,1.30281,1.30288
2013.03.12 00:30:26.943,1.30283,1.30291
2013.03.12 00:30:27.003,1.30283,1.30291
2013.03.12 00:30:27.183,1.30287,1.30294
2013.03.12 00:30:27.422,1.30287,1.30295
2013.03.12 00:30:30.242,1.30289,1.30297
2013.03.12 00:30:31.167,1.30289,1.30297
2013.03.12 00:30:31.846,1.30289,1.30297
2013.03.12 00:30:32.692,1.30291,1.30299
2013.03.12 00:30:33.233,1.30291,1.30299
2013.03.12 00:30:33.742,1.30293,1.30301
2013.03.12 00:30:34.402,1.30295,1.30301
2013.03.12 00:30:34.773,1.30295,1.30301
2013.03.12 00:30:37.192,1.30295,1.30301
2013.03.12 00:30:42.503,1.30297,1.30303
2013.03.12 00:30:42.563,1.30297,1.30303
2013.03.12 00:30:42.742,1.30299,1.30306
2013.03.12 00:30:42.862,1.30301,1.30307
2013.03.12 00:30:42.985,1.30301,1.3031
2013.03.12 00:30:43.561,1.30301,1.30308
2013.03.12 00:30:43.705,1.30299,1.30306
2013.03.12 00:30:43.835,1.30299,1.30306
2013.03.12 00:30:44.143,1.30298,1.30306
2013.03.12 00:30:46.532,1.30298,1.30305
2013.03.12 00:30:47.074,1.30298,1.30304
2013.03.12 00:30:48.123,1.30298,1.30303
2013.03.12 00:30:48.658,1.30296,1.30303
2013.03.12 00:30:49.243,1.30297,1.30303
2013.03.12 00:30:50.232,1.30296,1.30303
2013.03.12 00:30:50.532,1.30296,1.30303
2013.03.12 00:30:51.072,1.30297,1.30304
2013.03.12 00:30:52.283,1.30298,1.30305
2013.03.12 00:30:52.855,1.30297,1.30304
2013.03.12 00:30:53.626,1.30297,1.30304
2013.03.12 00:30:54.911,1.30297,1.30304
2013.03.12 00:30:57.898,1.30297,1.30304
2013.03.12 00:30:58.452,1.30295,1.30303
2013.03.12 00:31:05.112,1.30297,1.30303
2013.03.12 00:31:05.655,1.30296,1.30302
2013.03.12 00:31:07.226,1.30296,1.30302
2013.03.12 00:31:07.533,1.30295,1.30301
2013.03.12 00:31:07.594,1.30292,1.30297
2013.03.12 00:31:08.133,1.3029,1.30295
2013.03.12 00:31:08.613,1.30285,1.30294
2013.03.12 00:31:08.864,1.30288,1.30294
2013.03.12 00:31:10.712,1.30288,1.30293
2013.03.12 00:31:12.083,1.30288,1.30295
2013.03.12 00:31:12.623,1.30287,1.30293
2013.03.12 00:31:13.293,1.30287,1.30293
2013.03.12 00:31:13.832,1.30286,1.30291
2013.03.12 00:31:15.173,1.30286,1.30292
2013.03.12 00:31:15.292,1.30286,1.30292
2013.03.12 00:31:19.442,1.30288,1.30293
2013.03.12 00:31:19.802,1.3029,1.30293
2013.03.12 00:31:21.573,1.30289,1.30293
2013.03.12 00:31:22.054,1.30286,1.30291
2013.03.12 00:31:22.913,1.30286,1.3029
2013.03.12 00:31:23.451,1.30286,1.3029
2013.03.12 00:31:24.127,1.30284,1.3029
2013.03.12 00:31:24.435,1.30283,1.30288
2013.03.12 00:31:24.503,1.30279,1.30285
2013.03.12 00:31:24.804,1.30279,1.30284
2013.03.12 00:31:25.045,1.30277,1.30284
2013.03.12 00:31:25.294,1.30276,1.30283
2013.03.12 00:31:25.832,1.30274,1.3028
2013.03.12 00:31:26.618,1.30274,1.3028
2013.03.12 00:31:27.354,1.30273,1.3028
2013.03.12 00:31:28.172,1.30274,1.3028
2013.03.12 00:31:29.546,1.30274,1.3028
2013.03.12 00:31:30.082,1.30274,1.3028
2013.03.12 00:31:33.783,1.30274,1.3028
2013.03.12 00:31:34.573,1.30271,1.3028
2013.03.12 00:31:34.633,1.30271,1.30277
2013.03.12 00:31:34.874,1.30271,1.30275
2013.03.12 00:31:35.234,1.30265,1.30275
2013.03.12 00:31:35.304,1.30263,1.30272
2013.03.12 00:31:37.452,1.30265,1.30273
2013.03.12 00:31:38.312,1.30265,1.30272
2013.03.12 00:31:38.392,1.30265,1.30272
2013.03.12 00:31:38.703,1.30265,1.30273
2013.03.12 00:31:39.242,1.30267,1.30275
2013.03.12 00:31:43.903,1.30267,1.30275
2013.03.12 00:31:44.084,1.30269,1.30278
2013.03.12 00:31:44.203,1.30271,1.30279
2013.03.12 00:31:44.326,1.30272,1.3028
2013.03.12 00:31:45.372,1.30269,1.3028
2013.03.12 00:31:45.956,1.30269,1.3028
2013.03.12 00:31:47.802,1.30269,1.30278
2013.03.12 00:31:54.228,1.3027,1.30277
2013.03.12 00:31:58.992,1.3027,1.30278
2013.03.12 00:31:59.112,1.30273,1.3028
2013.03.12 00:31:59.233,1.30273,1.30278
2013.03.12 00:32:01.522,1.30273,1.3028
2013.03.12 00:32:03.543,1.30273,1.3028
2013.03.12 00:32:07.632,1.30273,1.3028
2013.03.12 00:32:09.010,1.30273,1.3028
2013.03.12 00:32:09.312,1.30273,1.30279
2013.03.12 00:32:09.615,1.30272,1.30279
2013.03.12 00:32:10.222,1.30271,1.30279
2013.03.12 00:32:12.343,1.30271,1.30279
2013.03.12 00:32:12.475,1.30272,1.30279
2013.03.12 00:32:13.023,1.30272,1.3028
2013.03.12 00:32:13.324,1.3027,1.30276
2013.03.12 00:32:13.444,1.30268,1.30274
2013.03.12 00:32:13.862,1.30265,1.30275
2013.03.12 00:32:14.364,1.30265,1.30275
2013.03.12 00:32:22.793,1.30267,1.30274
2013.03.12 00:32:28.232,1.30267,1.30274
2013.03.12 00:32:28.593,1.3027,1.30277
2013.03.12 00:32:29.132,1.30268,1.30277
2013.03.12 00:32:29.612,1.30268,1.30277
2013.03.12 00:32:30.080,1.30271,1.30277
2013.03.12 00:32:30.168,1.30272,1.30278
2013.03.12 00:32:30.473,1.30272,1.3028
2013.03.12 00:32:33.593,1.30272,1.30281
2013.03.12 00:32:33.774,1.30274,1.30281
2013.03.12 00:32:35.693,1.30275,1.30282
2013.03.12 00:32:35.872,1.30277,1.30282
2013.03.12 00:32:36.053,1.30277,1.30284
2013.03.12 00:32:36.114,1.30278,1.30285
2013.03.12 00:32:36.353,1.30278,1.30286
2013.03.12 00:32:36.903,1.30279,1.30287
2013.03.12 00:32:40.982,1.3028,1.30287
2013.03.12 00:32:42.384,1.30281,1.30288
2013.03.12 00:32:42.469,1.30282,1.30289
2013.03.12 00:32:42.540,1.30283,1.3029
2013.03.12 00:32:43.173,1.30284,1.3029
2013.03.12 00:32:43.535,1.30285,1.30291
2013.03.12 00:32:43.604,1.30288,1.30293
2013.03.12 00:32:44.292,1.30286,1.30293
2013.03.12 00:32:44.794,1.30286,1.30294
2013.03.12 00:32:45.333,1.30286,1.30294
2013.03.12 00:32:47.284,1.30286,1.30292
2013.03.12 00:32:48.193,1.30283,1.3029
2013.03.12 00:32:48.313,1.30282,1.30289
2013.03.12 00:32:48.613,1.3028,1.30289
2013.03.12 00:32:48.733,1.3028,1.30288
2013.03.12 00:32:49.274,1.3028,1.30287
2013.03.12 00:32:50.102,1.30279,1.30286
2013.03.12 00:32:50.823,1.30278,1.30285
2013.03.12 00:32:55.693,1.30276,1.30281
2013.03.12 00:32:56.315,1.30276,1.30283
2013.03.12 00:32:58.062,1.30276,1.30284
2013.03.12 00:32:58.183,1.30275,1.30281
2013.03.12 00:32:58.303,1.30271,1.30278
2013.03.12 00:32:58.482,1.30269,1.30277
2013.03.12 00:32:58.902,1.30268,1.30274
2013.03.12 00:32:59.693,1.30268,1.30275
2013.03.12 00:33:00.222,1.30268,1.30275
2013.03.12 00:33:00.484,1.30271,1.30277
2013.03.12 00:33:00.665,1.30272,1.3028
2013.03.12 00:33:00.739,1.30272,1.3028
2013.03.12 00:33:00.806,1.30274,1.30281
2013.03.12 00:33:00.935,1.30273,1.30281
2013.03.12 00:33:01.245,1.30274,1.30281
2013.03.12 00:33:01.432,1.30274,1.30281
2013.03.12 00:33:01.982,1.30272,1.30282
2013.03.12 00:33:02.222,1.30274,1.30282
2013.03.12 00:33:07.582,1.30274,1.30281
2013.03.12 00:33:09.823,1.30274,1.30281
2013.03.12 00:33:10.241,1.30273,1.30281
2013.03.12 00:33:17.262,1.30274,1.30281
2013.03.12 00:33:17.803,1.30274,1.30281
2013.03.12 00:33:22.053,1.30274,1.30281
2013.03.12 00:33:23.424,1.30273,1.30281
2013.03.12 00:33:23.543,1.30273,1.30281
2013.03.12 00:33:23.723,1.30271,1.30279
2013.03.12 00:33:23.902,1.30271,1.30278
2013.03.12 00:33:24.023,1.3027,1.30276
2013.03.12 00:33:24.664,1.30268,1.30277
2013.03.12 00:33:24.747,1.30268,1.30275
2013.03.12 00:33:25.293,1.30271,1.30277
2013.03.12 00:33:28.663,1.30271,1.30278
2013.03.12 00:33:28.962,1.30273,1.3028
2013.03.12 00:33:29.283,1.30275,1.30282
2013.03.12 00:33:29.522,1.30275,1.30283
2013.03.12 00:33:30.062,1.30276,1.30283
2013.03.12 00:33:30.564,1.30277,1.30283
2013.03.12 00:33:31.343,1.30277,1.30284
2013.03.12 00:33:31.832,1.3028,1.30287
2013.03.12 00:33:32.194,1.30283,1.30289
2013.03.12 00:33:32.760,1.30283,1.30289
2013.03.12 00:33:33.243,1.30281,1.30287
2013.03.12 00:33:34.916,1.30281,1.30287
2013.03.12 00:33:35.439,1.3028,1.30287
2013.03.12 00:33:36.703,1.30281,1.30288
2013.03.12 00:33:37.264,1.30282,1.30288
2013.03.12 00:33:39.252,1.30282,1.30289
2013.03.12 00:33:39.573,1.30284,1.30291
2013.03.12 00:33:40.143,1.30284,1.30291
2013.03.12 00:33:41.693,1.30285,1.30291
2013.03.12 00:33:42.232,1.30285,1.30291
2013.03.12 00:33:44.497,1.30286,1.30292
2013.03.12 00:33:44.802,1.30287,1.30293
2013.03.12 00:33:45.162,1.30288,1.30295
2013.03.12 00:33:45.342,1.30288,1.30295
2013.03.12 00:33:45.692,1.30288,1.30295
2013.03.12 00:33:46.573,1.30289,1.30295
2013.03.12 00:33:51.443,1.30289,1.30295
2013.03.12 00:33:58.212,1.30288,1.30294
2013.03.12 00:34:04.703,1.30285,1.30291
2013.03.12 00:34:05.685,1.30285,1.30289
2013.03.12 00:34:05.755,1.30282,1.30288
2013.03.12 00:34:05.823,1.30281,1.30289
2013.03.12 00:34:05.944,1.30279,1.30284
2013.03.12 00:34:06.133,1.30277,1.30284
2013.03.12 00:34:06.192,1.30276,1.30284
2013.03.12 00:34:06.552,1.30275,1.30282
2013.03.12 00:34:07.102,1.30276,1.30283
2013.03.12 00:34:10.703,1.30274,1.30282
2013.03.12 00:34:10.825,1.30274,1.30282
2013.03.12 00:34:11.192,1.30274,1.30282
2013.03.12 00:34:11.732,1.30274,1.30282
2013.03.12 00:34:11.922,1.30275,1.30282
2013.03.12 00:34:14.355,1.30275,1.30282
2013.03.12 00:34:19.482,1.30274,1.30281
2013.03.12 00:34:19.722,1.30272,1.3028
2013.03.12 00:34:19.842,1.3027,1.30278
2013.03.12 00:34:19.967,1.30268,1.30277
2013.03.12 00:34:20.094,1.30266,1.30275
2013.03.12 00:34:20.632,1.30267,1.30275
2013.03.12 00:34:25.403,1.30267,1.30273
2013.03.12 00:34:25.522,1.30267,1.30273
2013.03.12 00:34:26.063,1.30265,1.30274
2013.03.12 00:34:31.412,1.30267,1.30274
2013.03.12 00:34:31.952,1.30267,1.30274
2013.03.12 00:34:32.471,1.30267,1.30275
2013.03.12 00:34:33.123,1.30267,1.30275
2013.03.12 00:34:35.683,1.30268,1.30276
2013.03.12 00:34:35.865,1.3027,1.30276
2013.03.12 00:34:36.242,1.30269,1.30278
2013.03.12 00:34:36.302,1.3027,1.30279
2013.03.12 00:34:37.853,1.30271,1.30279
2013.03.12 00:34:38.424,1.30272,1.3028
2013.03.12 00:34:38.782,1.30273,1.3028
2013.03.12 00:34:47.433,1.30276,1.30284
2013.03.12 00:34:47.554,1.30274,1.30281
2013.03.12 00:34:48.127,1.30274,1.30281
2013.03.12 00:34:49.192,1.30274,1.30281
2013.03.12 00:34:56.342,1.30274,1.30281
2013.03.12 00:34:57.992,1.30275,1.30283
2013.03.12 00:34:58.555,1.30276,1.30282
2013.03.12 00:34:59.642,1.30274,1.30281
2013.03.12 00:35:00.242,1.30274,1.30281
2013.03.12 00:35:03.011,1.30274,1.30281
2013.03.12 00:35:03.234,1.30274,1.30281
2013.03.12 00:35:08.383,1.30277,1.30283
2013.03.12 00:35:08.742,1.30277,1.30283
2013.03.12 00:35:17.392,1.30278,1.30285
2013.03.12 00:35:21.165,1.3028,1.30286
2013.03.12 00:35:21.293,1.30281,1.30288
2013.03.12 00:35:21.534,1.30282,1.30289
2013.03.12 00:35:21.594,1.30285,1.30293
2013.03.12 00:35:23.802,1.30285,1.30292
2013.03.12 00:35:29.312,1.30285,1.30293
2013.03.12 00:35:34.702,1.30285,1.30293
2013.03.12 00:35:35.261,1.30285,1.30293
2013.03.12 00:35:41.762,1.30285,1.30293
2013.03.12 00:35:51.183,1.30285,1.30292
2013.03.12 00:35:51.242,1.30283,1.3029
2013.03.12 00:35:51.783,1.30286,1.30293
2013.03.12 00:35:56.993,1.30286,1.30294
2013.03.12 00:35:57.054,1.30286,1.30294
2013.03.12 00:35:57.592,1.30288,1.30296
2013.03.12 00:35:57.893,1.30292,1.30299
2013.03.12 00:35:58.014,1.30291,1.303
2013.03.12 00:35:58.073,1.30292,1.303
2013.03.12 00:35:58.612,1.30293,1.303
2013.03.12 00:35:58.794,1.30293,1.30299
2013.03.12 00:35:59.342,1.30291,1.30298
2013.03.12 00:36:03.813,1.3029,1.30297
2013.03.12 00:36:03.934,1.30289,1.30296
2013.03.12 00:36:04.053,1.30289,1.30296
2013.03.12 00:36:06.850,1.30288,1.30295
2013.03.12 00:36:07.453,1.30288,1.30294
2013.03.12 00:36:10.802,1.30288,1.30294
2013.03.12 00:36:12.802,1.3029,1.30295
2013.03.12 00:36:12.982,1.30292,1.30299
2013.03.12 00:36:13.043,1.30292,1.30299
2013.03.12 00:36:13.227,1.30295,1.30302
2013.03.12 00:36:13.354,1.30294,1.303
2013.03.12 00:36:13.714,1.30292,1.30298
2013.03.12 00:36:18.664,1.30294,1.30301
2013.03.12 00:36:19.203,1.30295,1.30301
2013.03.12 00:36:19.382,1.30295,1.30301
2013.03.12 00:36:20.145,1.30295,1.30301
2013.03.12 00:36:20.654,1.30295,1.30301
2013.03.12 00:36:23.872,1.30295,1.30301
2013.03.12 00:36:26.773,1.30295,1.30301
2013.03.12 00:36:27.074,1.30294,1.30301
2013.03.12 00:36:27.134,1.30293,1.303
2013.03.12 00:36:27.700,1.30293,1.30299
2013.03.12 00:36:28.062,1.30291,1.30299
2013.03.12 00:36:29.632,1.30288,1.30295
2013.03.12 00:36:30.142,1.3029,1.30296
2013.03.12 00:36:30.323,1.3029,1.30296
2013.03.12 00:36:30.743,1.3029,1.30296
2013.03.12 00:36:31.042,1.30292,1.303
2013.03.12 00:36:33.484,1.30292,1.30299
2013.03.12 00:36:34.382,1.30291,1.30299
2013.03.12 00:36:34.502,1.30291,1.30298
2013.03.12 00:36:35.053,1.30291,1.30298
2013.03.12 00:36:36.172,1.30291,1.30298
2013.03.12 00:36:45.073,1.30291,1.30298
2013.03.12 00:36:54.822,1.30291,1.30298
2013.03.12 00:37:01.904,1.30291,1.30299
2013.03.12 00:37:02.519,1.30291,1.30299
2013.03.12 00:37:06.752,1.30291,1.30299
2013.03.12 00:37:22.342,1.30291,1.30298
2013.03.12 00:37:22.963,1.30291,1.30299
2013.03.12 00:37:34.244,1.3029,1.30299
2013.03.12 00:37:35.242,1.3029,1.30298
2013.03.12 00:37:36.882,1.3029,1.30298
2013.03.12 00:37:41.063,1.30289,1.30296
2013.03.12 00:37:41.244,1.30288,1.30294
2013.03.12 00:37:41.819,1.30287,1.30294
2013.03.12 00:37:46.255,1.30288,1.30295
2013.03.12 00:37:47.974,1.30288,1.30295
2013.03.12 00:37:48.488,1.30289,1.30296
2013.03.12 00:37:50.932,1.3029,1.30296
2013.03.12 00:37:51.293,1.30291,1.30299
2013.03.12 00:37:51.832,1.30293,1.30299
2013.03.12 00:37:53.065,1.30293,1.303
2013.03.12 00:37:57.342,1.30293,1.30299
2013.03.12 00:38:00.863,1.30291,1.30299
2013.03.12 00:38:01.172,1.30291,1.30296
2013.03.12 00:38:01.712,1.30291,1.30297
2013.03.12 00:38:02.264,1.30291,1.30297
2013.03.12 00:38:02.807,1.30291,1.30298
2013.03.12 00:38:03.673,1.30292,1.30298
2013.03.12 00:38:04.682,1.30292,1.30299
2013.03.12 00:38:05.742,1.30292,1.30298
2013.03.12 00:38:05.982,1.30292,1.303
2013.03.12 00:38:08.763,1.30292,1.30298
2013.03.12 00:38:09.065,1.30289,1.30297
2013.03.12 00:38:09.614,1.30288,1.30295
2013.03.12 00:38:10.973,1.3029,1.30296
2013.03.12 00:38:11.764,1.3029,1.30297
2013.03.12 00:38:12.302,1.30291,1.30299
2013.03.12 00:38:16.373,1.30291,1.30297
2013.03.12 00:38:16.613,1.30291,1.30298
2013.03.12 00:38:16.794,1.30292,1.30299
2013.03.12 00:38:17.332,1.30292,1.30299
2013.03.12 00:38:17.813,1.30294,1.303
2013.03.12 00:38:18.346,1.30294,1.30301
2013.03.12 00:38:20.184,1.30295,1.30301
2013.03.12 00:38:20.495,1.30296,1.30303
2013.03.12 00:38:21.534,1.30297,1.30303
2013.03.12 00:38:22.108,1.30297,1.30304
2013.03.12 00:38:23.453,1.30297,1.30303
2013.03.12 00:38:23.994,1.30297,1.30303
2013.03.12 00:38:24.183,1.30295,1.30302
2013.03.12 00:38:25.982,1.30295,1.30302
2013.03.12 00:38:26.403,1.30295,1.30302
2013.03.12 00:38:26.954,1.30294,1.30301
2013.03.12 00:38:27.954,1.30294,1.30301
2013.03.12 00:38:28.504,1.30294,1.303
2013.03.12 00:38:28.863,1.30294,1.303
2013.03.12 00:38:29.102,1.30294,1.303
2013.03.12 00:38:30.163,1.30294,1.303
2013.03.12 00:38:30.713,1.30295,1.30301
2013.03.12 00:38:42.364,1.30295,1.30302
2013.03.12 00:38:44.632,1.30295,1.30303
2013.03.12 00:38:49.293,1.30295,1.30303
2013.03.12 00:39:08.774,1.30296,1.30304
2013.03.12 00:39:13.432,1.30296,1.30304
2013.03.12 00:39:18.472,1.30295,1.30302
2013.03.12 00:39:24.222,1.30295,1.30302
2013.03.12 00:39:27.763,1.30295,1.30302
2013.03.12 00:39:33.254,1.30295,1.30302
2013.03.12 00:39:33.794,1.30297,1.30302
2013.03.12 00:39:34.092,1.30296,1.30302
2013.03.12 00:39:35.892,1.30296,1.30302
2013.03.12 00:39:39.432,1.30296,1.30303
2013.03.12 00:39:40.772,1.30296,1.30302
2013.03.12 00:39:41.312,1.30296,1.30302
2013.03.12 00:39:44.982,1.30296,1.30302
2013.03.12 00:39:45.303,1.30296,1.30302
2013.03.12 00:39:49.362,1.30297,1.30302
2013.03.12 00:39:51.232,1.30297,1.30304
2013.03.12 00:39:51.293,1.30297,1.30302
2013.03.12 00:39:52.025,1.30297,1.30303
2013.03.12 00:39:56.570,1.30297,1.30303
2013.03.12 00:39:56.802,1.30297,1.30303
2013.03.12 00:39:57.163,1.30297,1.30303
2013.03.12 00:40:04.233,1.30297,1.30304
2013.03.12 00:40:06.794,1.30297,1.30303
2013.03.12 00:40:19.953,1.30297,1.30304
2013.03.12 00:40:21.732,1.30296,1.30302
2013.03.12 00:40:21.792,1.30296,1.303
2013.03.12 00:40:21.913,1.30294,1.30299
2013.03.12 00:40:22.453,1.30294,1.30298
2013.03.12 00:40:22.813,1.30294,1.303
2013.03.12 00:40:23.363,1.30296,1.30302
2013.03.12 00:40:28.443,1.30295,1.30302
2013.03.12 00:40:28.623,1.30295,1.30302
2013.03.12 00:40:28.743,1.30296,1.30302
2013.03.12 00:40:28.983,1.30297,1.30302
2013.03.12 00:40:29.223,1.30297,1.30303
2013.03.12 00:40:36.029,1.30298,1.30303
2013.03.12 00:40:37.893,1.30298,1.30303
2013.03.12 00:40:38.670,1.30298,1.30303
2013.03.12 00:40:47.587,1.30297,1.30303
2013.03.12 00:40:49.465,1.30297,1.30303
2013.03.12 00:40:51.683,1.30296,1.303
2013.03.12 00:40:52.043,1.30295,1.30298
2013.03.12 00:40:52.228,1.30296,1.30302
2013.03.12 00:40:52.660,1.30297,1.30303
2013.03.12 00:40:55.556,1.30297,1.30303
2013.03.12 00:40:58.303,1.30297,1.30303
2013.03.12 00:41:00.483,1.30297,1.30303
2013.03.12 00:41:00.851,1.30296,1.303
2013.03.12 00:41:00.915,1.30291,1.30299
2013.03.12 00:41:01.452,1.30295,1.30301
2013.03.12 00:41:03.163,1.30295,1.30301
2013.03.12 00:41:03.744,1.30295,1.30301
2013.03.12 00:41:07.554,1.30295,1.30301
2013.03.12 00:41:09.503,1.30296,1.30301
2013.03.12 00:41:09.563,1.30297,1.30301
2013.03.12 00:41:22.533,1.30297,1.30303
2013.03.12 00:41:30.224,1.30297,1.30303
2013.03.12 00:41:31.774,1.30297,1.30303
2013.03.12 00:41:32.324,1.30298,1.30303
2013.03.12 00:41:33.593,1.30297,1.30304
2013.03.12 00:41:34.132,1.30298,1.30303
2013.03.12 00:41:34.684,1.30298,1.30303
2013.03.12 00:41:35.603,1.30298,1.30304
2013.03.12 00:41:36.143,1.30298,1.30304
2013.03.12 00:41:37.543,1.30298,1.30304
2013.03.12 00:41:39.005,1.30298,1.30303
2013.03.12 00:41:40.403,1.30298,1.30304
2013.03.12 00:41:41.043,1.30298,1.30303
2013.03.12 00:41:42.623,1.30298,1.30304
2013.03.12 00:41:42.743,1.30298,1.30303
2013.03.12 00:41:51.433,1.30298,1.30304
2013.03.12 00:41:54.783,1.30298,1.30303
2013.03.12 00:41:56.614,1.30297,1.30303
2013.03.12 00:41:56.832,1.30297,1.30303
2013.03.12 00:41:59.534,1.30297,1.30304
2013.03.12 00:41:59.993,1.30298,1.30304
2013.03.12 00:42:01.823,1.30298,1.30304
2013.03.12 00:42:03.254,1.30298,1.30304
2013.03.12 00:42:03.733,1.30298,1.30304
2013.03.12 00:42:04.035,1.303,1.30304
2013.03.12 00:42:04.094,1.303,1.30304
2013.03.12 00:42:07.413,1.30298,1.30304
2013.03.12 00:42:21.653,1.30298,1.30304
2013.03.12 00:42:23.221,1.30298,1.30304
2013.03.12 00:42:24.352,1.30298,1.30304
2013.03.12 00:42:26.274,1.30298,1.30304
2013.03.12 00:42:27.843,1.30298,1.30304
2013.03.12 00:42:30.163,1.30298,1.30304
2013.03.12 00:42:30.664,1.30297,1.30302
2013.03.12 00:42:32.158,1.30297,1.30303
2013.03.12 00:42:32.674,1.30297,1.30303
2013.03.12 00:42:34.483,1.30296,1.30302
2013.03.12 00:42:35.033,1.30297,1.30302
2013.03.12 00:42:35.727,1.30298,1.30303
2013.03.12 00:42:37.033,1.30297,1.30303
2013.03.12 00:42:37.094,1.30298,1.30303
2013.03.12 00:42:38.113,1.30299,1.30304
2013.03.12 00:42:38.663,1.30299,1.30304
2013.03.12 00:42:39.465,1.30299,1.30304
2013.03.12 00:42:40.353,1.30299,1.30304
2013.03.12 00:42:41.154,1.30298,1.30304
2013.03.12 00:42:41.693,1.30298,1.30304
2013.03.12 00:42:43.614,1.30298,1.30304
2013.03.12 00:42:44.142,1.303,1.30305
2013.03.12 00:42:44.476,1.30302,1.30307
2013.03.12 00:42:45.023,1.30302,1.30307
2013.03.12 00:42:45.791,1.30305,1.30308
2013.03.12 00:42:45.925,1.30305,1.30309
2013.03.12 00:42:46.763,1.30305,1.30309
2013.03.12 00:42:46.883,1.30306,1.30312
2013.03.12 00:42:47.993,1.30305,1.30309
2013.03.12 00:42:48.053,1.30306,1.30309
2013.03.12 00:42:55.105,1.30306,1.3031
2013.03.12 00:42:55.855,1.30306,1.30309
2013.03.12 00:42:58.184,1.30307,1.30313
2013.03.12 00:42:58.303,1.30307,1.30313
2013.03.12 00:42:58.664,1.30307,1.30313
2013.03.12 00:42:58.784,1.30306,1.30313
2013.03.12 00:42:59.143,1.30306,1.30311
2013.03.12 00:43:00.462,1.30308,1.30314
2013.03.12 00:43:02.122,1.3031,1.30314
2013.03.12 00:43:04.893,1.3031,1.30314
2013.03.12 00:43:06.263,1.30309,1.30315
2013.03.12 00:43:06.499,1.30309,1.30314
2013.03.12 00:43:07.059,1.3031,1.30314
2013.03.12 00:43:08.273,1.3031,1.30314
2013.03.12 00:43:08.813,1.3031,1.30315
2013.03.12 00:43:09.353,1.30312,1.30317
2013.03.12 00:43:11.903,1.30311,1.30317
2013.03.12 00:43:12.453,1.30311,1.30317
2013.03.12 00:43:14.053,1.30311,1.30317
2013.03.12 00:43:14.593,1.3031,1.30316
2013.03.12 00:43:15.133,1.30311,1.30317
2013.03.12 00:43:16.338,1.3031,1.30317
2013.03.12 00:43:16.884,1.3031,1.30317
2013.03.12 00:43:17.785,1.30311,1.30315
2013.03.12 00:43:21.754,1.3031,1.30316
2013.03.12 00:43:21.873,1.3031,1.30315
2013.03.12 00:43:22.053,1.30306,1.30313
2013.03.12 00:43:22.114,1.30306,1.30312
2013.03.12 00:43:22.654,1.30305,1.30311
2013.03.12 00:43:23.012,1.30306,1.30312
2013.03.12 00:43:23.383,1.30306,1.30312
2013.03.12 00:43:23.884,1.30306,1.30311
2013.03.12 00:43:24.063,1.30306,1.3031
2013.03.12 00:43:24.304,1.30304,1.30309
2013.03.12 00:43:24.603,1.30306,1.30311
2013.03.12 00:43:24.963,1.30309,1.30313
2013.03.12 00:43:26.153,1.30309,1.30312
2013.03.12 00:43:27.544,1.30309,1.30313
2013.03.12 00:43:27.943,1.3031,1.30314
2013.03.12 00:43:28.063,1.3031,1.30313
2013.03.12 00:43:28.184,1.30311,1.30314
2013.03.12 00:43:28.604,1.30311,1.30315
2013.03.12 00:43:30.672,1.30311,1.30315
2013.03.12 00:43:32.015,1.30311,1.30315
2013.03.12 00:43:32.553,1.30309,1.30314
2013.03.12 00:43:36.273,1.3031,1.30315
2013.03.12 00:43:36.393,1.3031,1.30313
2013.03.12 00:43:36.753,1.30309,1.30313
2013.03.12 00:43:36.872,1.3031,1.30313
2013.03.12 00:43:37.054,1.30307,1.30312
2013.03.12 00:43:37.233,1.30304,1.30312
2013.03.12 00:43:37.593,1.30305,1.30309
2013.03.12 00:43:38.253,1.30307,1.30312
2013.03.12 00:43:38.554,1.30311,1.30314
2013.03.12 00:43:38.795,1.3031,1.30314
2013.03.12 00:43:39.334,1.30312,1.30315
2013.03.12 00:43:39.883,1.3031,1.30314
2013.03.12 00:43:44.814,1.3031,1.30314
2013.03.12 00:43:44.933,1.3031,1.30314
2013.03.12 00:43:47.614,1.3031,1.30314
2013.03.12 00:43:48.823,1.30309,1.30314
2013.03.12 00:43:55.525,1.30309,1.30314
2013.03.12 00:43:55.823,1.30308,1.30314
2013.03.12 00:43:56.723,1.30308,1.30314
2013.03.12 00:43:56.844,1.30308,1.30313
2013.03.12 00:43:57.393,1.30308,1.30313
2013.03.12 00:43:59.043,1.30308,1.30313
2013.03.12 00:43:59.163,1.30308,1.30313
2013.03.12 00:43:59.493,1.30307,1.30313
2013.03.12 00:43:59.676,1.30308,1.30314
2013.03.12 00:43:59.744,1.30308,1.30313
2013.03.12 00:43:59.864,1.30309,1.30313
2013.03.12 00:44:00.403,1.30309,1.30315
2013.03.12 00:44:00.523,1.3031,1.30315
2013.03.12 00:44:00.822,1.30309,1.30315
2013.03.12 00:44:01.254,1.30309,1.30313
2013.03.12 00:44:01.373,1.30307,1.30313
2013.03.12 00:44:01.433,1.30307,1.30313
2013.03.12 00:44:02.814,1.30309,1.30313
2013.03.12 00:44:03.512,1.30309,1.30313
2013.03.12 00:44:04.913,1.30311,1.30313
2013.03.12 00:44:05.453,1.30311,1.30314
2013.03.12 00:44:07.640,1.30312,1.30315
2013.03.12 00:44:09.864,1.30312,1.30315
2013.03.12 00:44:10.103,1.30311,1.30315
2013.03.12 00:44:10.763,1.30312,1.30316
2013.03.12 00:44:11.603,1.30313,1.30316
2013.03.12 00:44:12.783,1.3031,1.30315
2013.03.12 00:44:13.369,1.3031,1.30315
2013.03.12 00:44:14.083,1.3031,1.30314
2013.03.12 00:44:14.324,1.30308,1.30312
2013.03.12 00:44:14.683,1.30308,1.30311
2013.03.12 00:44:14.803,1.30308,1.30311
2013.03.12 00:44:14.924,1.30306,1.30312
2013.03.12 00:44:15.345,1.30307,1.30312
2013.03.12 00:44:15.903,1.30307,1.30311
2013.03.12 00:44:17.553,1.30307,1.30312
2013.03.12 00:44:18.264,1.30307,1.30311
2013.03.12 00:44:23.609,1.30308,1.30312
2013.03.12 00:44:24.153,1.30307,1.30312
2013.03.12 00:44:24.675,1.30307,1.30311
2013.03.12 00:44:24.854,1.30307,1.30311
2013.03.12 00:44:25.214,1.30305,1.30311
2013.03.12 00:44:25.643,1.30305,1.3031
2013.03.12 00:44:25.764,1.30304,1.3031
2013.03.12 00:44:28.444,1.30304,1.30309
2013.03.12 00:44:28.503,1.30301,1.30306
2013.03.12 00:44:28.883,1.303,1.30306
2013.03.12 00:44:35.893,1.30302,1.30306
2013.03.12 00:44:36.564,1.30301,1.30305
2013.03.12 00:44:37.103,1.303,1.30306
2013.03.12 00:44:38.364,1.303,1.30306
2013.03.12 00:44:38.903,1.303,1.30306
2013.03.12 00:44:39.453,1.303,1.30306
2013.03.12 00:44:40.117,1.303,1.30306
2013.03.12 00:44:41.763,1.303,1.30305
2013.03.12 00:44:46.024,1.303,1.30305
2013.03.12 00:44:46.653,1.303,1.30305
2013.03.12 00:44:48.609,1.303,1.30305
2013.03.12 00:44:52.850,1.303,1.30305
2013.03.12 00:44:54.094,1.30301,1.30305
2013.03.12 00:44:55.943,1.30301,1.30305
2013.03.12 00:44:57.843,1.30301,1.30305
2013.03.12 00:44:58.382,1.30302,1.30306
2013.03.12 00:44:58.883,1.30302,1.30306
2013.03.12 00:45:00.455,1.30302,1.30306
2013.03.12 00:45:00.993,1.30301,1.30305
2013.03.12 00:45:01.413,1.30301,1.30305
2013.03.12 00:45:01.955,1.303,1.30305
2013.03.12 00:45:02.493,1.303,1.30305
2013.03.12 00:45:03.023,1.303,1.30305
2013.03.12 00:45:03.573,1.303,1.30305
2013.03.12 00:45:04.665,1.303,1.30305
2013.03.12 00:45:08.054,1.30298,1.30305
2013.03.12 00:45:08.603,1.30299,1.30305
2013.03.12 00:45:10.515,1.303,1.30305
2013.03.12 00:45:13.525,1.30301,1.30305
2013.03.12 00:45:14.064,1.30301,1.30306
2013.03.12 00:45:18.389,1.30301,1.30305
2013.03.12 00:45:19.463,1.30301,1.30306
2013.03.12 00:45:20.014,1.30302,1.30306
2013.03.12 00:45:20.564,1.30303,1.30308
2013.03.12 00:45:20.985,1.30303,1.30308
2013.03.12 00:45:21.594,1.30304,1.30308
2013.03.12 00:45:22.253,1.30305,1.30309
2013.03.12 00:45:24.733,1.30303,1.30308
2013.03.12 00:45:25.273,1.30305,1.30308
2013.03.12 00:45:26.973,1.30304,1.30308
2013.03.12 00:45:30.553,1.30302,1.30307
2013.03.12 00:45:31.104,1.30303,1.30307
2013.03.12 00:45:35.454,1.30302,1.30307
2013.03.12 00:45:36.523,1.30302,1.30305
2013.03.12 00:45:38.163,1.30301,1.30305
2013.03.12 00:45:41.833,1.30301,1.30305
2013.03.12 00:45:42.363,1.30301,1.30305
2013.03.12 00:45:42.703,1.30301,1.30305
2013.03.12 00:45:43.244,1.303,1.30305
2013.03.12 00:45:43.424,1.303,1.30306
2013.03.12 00:45:44.824,1.30301,1.30306
2013.03.12 00:45:50.134,1.30302,1.30308
2013.03.12 00:45:50.730,1.30302,1.30308
2013.03.12 00:45:54.268,1.30302,1.30308
2013.03.12 00:45:56.715,1.30304,1.30308
2013.03.12 00:45:56.895,1.30305,1.30308
2013.03.12 00:45:57.424,1.30307,1.3031
2013.03.12 00:46:00.024,1.30307,1.3031
2013.03.12 00:46:00.626,1.30303,1.3031
2013.03.12 00:46:00.935,1.30302,1.30307
2013.03.12 00:46:01.475,1.30301,1.30306
2013.03.12 00:46:02.026,1.30301,1.30306
2013.03.12 00:46:07.349,1.30301,1.30307
2013.03.12 00:46:09.953,1.30301,1.30307
2013.03.12 00:46:11.353,1.30303,1.30307
2013.03.12 00:46:12.198,1.30302,1.30307
2013.03.12 00:46:16.173,1.30302,1.30309
2013.03.12 00:46:19.994,1.30304,1.30309
2013.03.12 00:46:20.054,1.30304,1.30309
2013.03.12 00:46:20.356,1.30303,1.3031
2013.03.12 00:46:20.604,1.30306,1.30309
2013.03.12 00:46:20.784,1.30307,1.30312
2013.03.12 00:46:21.325,1.30306,1.30312
2013.03.12 00:46:22.536,1.30307,1.30313
2013.03.12 00:46:31.244,1.30308,1.30312
2013.03.12 00:46:31.783,1.30308,1.30312
2013.03.12 00:46:32.144,1.3031,1.30312
2013.03.12 00:46:32.265,1.3031,1.30312
2013.03.12 00:46:32.387,1.3031,1.30315
2013.03.12 00:46:32.634,1.30312,1.30317
2013.03.12 00:46:32.814,1.30313,1.30318
2013.03.12 00:46:34.197,1.30312,1.30316
2013.03.12 00:46:34.756,1.30312,1.30316
2013.03.12 00:46:34.823,1.30312,1.30316
2013.03.12 00:46:35.363,1.30311,1.30315
2013.03.12 00:46:35.903,1.30311,1.30317
2013.03.12 00:46:36.638,1.30312,1.30317
2013.03.12 00:46:38.094,1.30313,1.30317
2013.03.12 00:46:40.185,1.30313,1.30318
2013.03.12 00:46:40.881,1.30312,1.30317
2013.03.12 00:46:41.814,1.30312,1.30317
2013.03.12 00:46:43.125,1.30312,1.30318
2013.03.12 00:46:44.104,1.30312,1.30318
2013.03.12 00:46:44.644,1.30315,1.30318
2013.03.12 00:46:45.487,1.30314,1.30318
2013.03.12 00:46:48.064,1.30314,1.30318
2013.03.12 00:46:48.426,1.30314,1.30318
2013.03.12 00:46:48.795,1.30313,1.30318
2013.03.12 00:46:48.864,1.30314,1.30318
2013.03.12 00:46:49.239,1.30315,1.30318
2013.03.12 00:46:50.695,1.30314,1.30318
2013.03.12 00:46:52.464,1.30312,1.30318
2013.03.12 00:46:52.524,1.30314,1.30319
2013.03.12 00:46:52.944,1.30314,1.30318
2013.03.12 00:46:53.064,1.30314,1.30318
2013.03.12 00:46:53.604,1.30315,1.3032
2013.03.12 00:46:53.665,1.30315,1.3032
2013.03.12 00:46:54.593,1.30315,1.30321
2013.03.12 00:46:55.194,1.30315,1.30321
2013.03.12 00:46:56.825,1.30312,1.3032
2013.03.12 00:47:00.194,1.30314,1.3032
2013.03.12 00:47:00.644,1.30315,1.30321
2013.03.12 00:47:02.725,1.30313,1.30322
2013.03.12 00:47:05.383,1.30314,1.30322
2013.03.12 00:47:05.938,1.30314,1.30322
2013.03.12 00:47:07.114,1.30314,1.30321
2013.03.12 00:47:07.794,1.30313,1.3032
2013.03.12 00:47:09.774,1.30316,1.30322
2013.03.12 00:47:10.338,1.30316,1.30322
2013.03.12 00:47:10.783,1.30316,1.30323
2013.03.12 00:47:12.219,1.30318,1.30323
2013.03.12 00:47:12.286,1.30318,1.30323
2013.03.12 00:47:13.090,1.30318,1.30323
2013.03.12 00:47:13.165,1.30318,1.30323
2013.03.12 00:47:13.381,1.30316,1.30323
2013.03.12 00:47:13.994,1.30316,1.3032
2013.03.12 00:47:24.954,1.30315,1.3032
2013.03.12 00:47:26.233,1.30315,1.3032
2013.03.12 00:47:27.065,1.30315,1.3032
2013.03.12 00:47:28.465,1.30315,1.3032
2013.03.12 00:47:28.524,1.30316,1.3032
2013.03.12 00:47:29.014,1.30315,1.3032
2013.03.12 00:47:31.414,1.30316,1.3032
2013.03.12 00:47:31.953,1.30315,1.3032
2013.03.12 00:47:32.014,1.30314,1.3032
2013.03.12 00:47:32.134,1.30314,1.3032
2013.03.12 00:47:32.194,1.30314,1.3032
2013.03.12 00:47:32.493,1.30313,1.30319
2013.03.12 00:47:32.554,1.3031,1.30316
2013.03.12 00:47:33.368,1.30306,1.30314
2013.03.12 00:47:33.450,1.30306,1.30312
2013.03.12 00:47:33.586,1.30306,1.30312
2013.03.12 00:47:43.094,1.30306,1.30311
2013.03.12 00:47:48.296,1.30306,1.30311
2013.03.12 00:47:48.844,1.30304,1.30308
2013.03.12 00:47:50.093,1.30304,1.30308
2013.03.12 00:47:50.633,1.30303,1.30309
2013.03.12 00:47:51.615,1.30303,1.30309
2013.03.12 00:47:55.093,1.30304,1.30309
2013.03.12 00:47:55.875,1.30306,1.3031
2013.03.12 00:47:56.414,1.30306,1.3031
2013.03.12 00:47:59.874,1.30306,1.30311
2013.03.12 00:48:00.663,1.30305,1.30312
2013.03.12 00:48:03.154,1.30306,1.30312
2013.03.12 00:48:04.743,1.30306,1.30312
2013.03.12 00:48:06.117,1.30304,1.30312
2013.03.12 00:48:06.245,1.30304,1.30311
2013.03.12 00:48:06.807,1.30304,1.30309
2013.03.12 00:48:10.802,1.30303,1.30309
2013.03.12 00:48:14.485,1.30303,1.30309
2013.03.12 00:48:15.155,1.30303,1.30309
2013.03.12 00:48:17.233,1.30303,1.30309
2013.03.12 00:48:21.613,1.30303,1.30309
2013.03.12 00:48:22.145,1.30305,1.30309
2013.03.12 00:48:22.453,1.30303,1.30309
2013.03.12 00:48:23.042,1.30303,1.30309
2013.03.12 00:48:24.034,1.30303,1.30309
2013.03.12 00:48:24.175,1.30304,1.30309
2013.03.12 00:48:25.073,1.30304,1.30309
2013.03.12 00:48:26.073,1.30303,1.30309
2013.03.12 00:48:27.361,1.30303,1.3031
2013.03.12 00:48:31.903,1.30303,1.30309
2013.03.12 00:48:32.024,1.30303,1.30311
2013.03.12 00:48:34.433,1.30303,1.30311
2013.03.12 00:48:34.508,1.30303,1.30309
2013.03.12 00:48:35.091,1.30303,1.30309
2013.03.12 00:48:35.276,1.30302,1.30308
2013.03.12 00:48:35.585,1.303,1.30308
2013.03.12 00:48:35.944,1.303,1.30307
2013.03.12 00:48:37.536,1.30296,1.30304
2013.03.12 00:48:37.736,1.30297,1.30305
2013.03.12 00:48:37.974,1.30299,1.30306
2013.03.12 00:48:38.514,1.30299,1.30306
2013.03.12 00:48:39.248,1.303,1.30306
2013.03.12 00:48:39.817,1.303,1.30306
2013.03.12 00:48:40.004,1.30303,1.30308
2013.03.12 00:48:40.305,1.30305,1.30313
2013.03.12 00:48:40.544,1.30304,1.30311
2013.03.12 00:48:41.083,1.30303,1.30311
2013.03.12 00:48:41.623,1.30306,1.30311
2013.03.12 00:48:44.163,1.30305,1.30311
2013.03.12 00:48:44.968,1.30305,1.30311
2013.03.12 00:48:46.303,1.30303,1.3031
2013.03.12 00:48:53.784,1.30304,1.3031
2013.03.12 00:48:54.323,1.30304,1.30311
2013.03.12 00:48:57.843,1.30305,1.30311
2013.03.12 00:49:00.904,1.30305,1.30311
2013.03.12 00:49:04.894,1.30305,1.30311
2013.03.12 00:49:05.014,1.30307,1.30313
2013.03.12 00:49:05.384,1.30308,1.30313
2013.03.12 00:49:05.565,1.30308,1.30315
2013.03.12 00:49:05.624,1.30309,1.30315
2013.03.12 00:49:05.684,1.30309,1.30313
2013.03.12 00:49:06.324,1.30309,1.30313
2013.03.12 00:49:07.074,1.30308,1.30313
2013.03.12 00:49:10.806,1.30308,1.30312
2013.03.12 00:49:11.356,1.30307,1.30313
2013.03.12 00:49:11.714,1.30306,1.30311
2013.03.12 00:49:12.254,1.30306,1.3031
2013.03.12 00:49:12.794,1.30305,1.3031
2013.03.12 00:49:13.354,1.30305,1.3031
2013.03.12 00:49:16.094,1.30305,1.30311
2013.03.12 00:49:17.354,1.30304,1.3031
2013.03.12 00:49:17.664,1.30305,1.30312
2013.03.12 00:49:18.204,1.30306,1.30312
2013.03.12 00:49:20.214,1.30307,1.30312
2013.03.12 00:49:25.014,1.30307,1.30312
2013.03.12 00:49:32.284,1.30306,1.30312
2013.03.12 00:49:42.913,1.30307,1.30312
2013.03.12 00:49:42.974,1.30307,1.30312
2013.03.12 00:49:45.064,1.30307,1.30312
2013.03.12 00:49:46.864,1.30309,1.30314
2013.03.12 00:49:47.044,1.30311,1.30315
2013.03.12 00:49:49.104,1.30309,1.30314
2013.03.12 00:49:50.103,1.30307,1.30314
2013.03.12 00:49:50.754,1.30307,1.30313
2013.03.12 00:49:50.934,1.30307,1.30313
2013.03.12 00:49:53.095,1.30306,1.30313
2013.03.12 00:49:55.186,1.30306,1.3031
2013.03.12 00:49:55.545,1.30302,1.30308
2013.03.12 00:49:55.665,1.30301,1.30308
2013.03.12 00:49:55.845,1.30301,1.30306
2013.03.12 00:49:56.025,1.30299,1.30305
2013.03.12 00:49:56.145,1.30297,1.30303
2013.03.12 00:49:56.684,1.30298,1.30302
2013.03.12 00:49:58.364,1.30298,1.30302
2013.03.12 00:49:58.724,1.30298,1.30303
2013.03.12 00:49:58.784,1.303,1.30304
2013.03.12 00:49:58.964,1.30301,1.30307
2013.03.12 00:49:59.514,1.30302,1.30305
2013.03.12 00:50:01.384,1.30302,1.30307
2013.03.12 00:50:02.134,1.30302,1.30307
2013.03.12 00:50:02.614,1.30304,1.30309
2013.03.12 00:50:02.734,1.30307,1.30309
2013.03.12 00:50:02.974,1.30307,1.30311
2013.03.12 00:50:04.073,1.30307,1.30311
2013.03.12 00:50:04.686,1.30306,1.30312
2013.03.12 00:50:05.205,1.30306,1.30311
2013.03.12 00:50:07.976,1.30308,1.30311
2013.03.12 00:50:08.103,1.30309,1.30313
2013.03.12 00:50:08.463,1.3031,1.30313
2013.03.12 00:50:08.764,1.3031,1.30313
2013.03.12 00:50:09.725,1.3031,1.30313
2013.03.12 00:50:10.264,1.3031,1.30315
2013.03.12 00:50:10.803,1.30311,1.30316
2013.03.12 00:50:11.665,1.3031,1.30316
2013.03.12 00:50:12.265,1.30309,1.30315
2013.03.12 00:50:12.623,1.30309,1.30315
2013.03.12 00:50:13.345,1.3031,1.30317
2013.03.12 00:50:14.185,1.30311,1.30317
2013.03.12 00:50:14.363,1.30311,1.30317
2013.03.12 00:50:15.025,1.30311,1.30317
2013.03.12 00:50:15.207,1.3031,1.30317
2013.03.12 00:50:15.705,1.30312,1.30317
2013.03.12 00:50:15.775,1.30312,1.30318
2013.03.12 00:50:15.834,1.30312,1.30318
2013.03.12 00:50:15.896,1.30312,1.30319
2013.03.12 00:50:16.254,1.30309,1.30318
2013.03.12 00:50:16.374,1.30309,1.30317
2013.03.12 00:50:16.675,1.30306,1.30314
2013.03.12 00:50:16.855,1.30304,1.30312
2013.03.12 00:50:17.455,1.30304,1.3031
2013.03.12 00:50:23.741,1.30304,1.3031
2013.03.12 00:50:24.164,1.30302,1.30309
2013.03.12 00:50:24.404,1.30298,1.30306
2013.03.12 00:50:24.883,1.30297,1.30304
2013.03.12 00:50:27.186,1.30297,1.30304
2013.03.12 00:50:27.318,1.30299,1.30306
2013.03.12 00:50:27.385,1.303,1.30307
2013.03.12 00:50:27.814,1.30303,1.30309
2013.03.12 00:50:28.415,1.30304,1.30311
2013.03.12 00:50:28.953,1.30306,1.30312
2013.03.12 00:50:31.533,1.30305,1.30312
2013.03.12 00:50:32.564,1.30304,1.30311
2013.03.12 00:50:33.103,1.30302,1.3031
2013.03.12 00:50:33.714,1.30303,1.3031
2013.03.12 00:50:33.955,1.30303,1.30311
2013.03.12 00:50:34.015,1.30302,1.30311
2013.03.12 00:50:34.755,1.30302,1.30309
2013.03.12 00:50:35.274,1.30304,1.3031
2013.03.12 00:50:36.893,1.30304,1.30311
2013.03.12 00:50:38.213,1.30303,1.30309
2013.03.12 00:50:40.745,1.30303,1.30309
2013.03.12 00:50:41.443,1.30303,1.30309
2013.03.12 00:50:42.924,1.30303,1.30309
2013.03.12 00:50:43.763,1.30305,1.30309
2013.03.12 00:50:43.883,1.30304,1.30309
2013.03.12 00:50:44.673,1.30304,1.3031
2013.03.12 00:50:45.214,1.30306,1.30311
2013.03.12 00:50:45.524,1.30307,1.30311
2013.03.12 00:50:45.645,1.30307,1.30313
2013.03.12 00:50:46.204,1.30308,1.30314
2013.03.12 00:50:46.743,1.30307,1.30314
2013.03.12 00:50:47.690,1.30308,1.30316
2013.03.12 00:50:47.815,1.30308,1.30317
2013.03.12 00:50:48.177,1.30312,1.30318
2013.03.12 00:50:48.485,1.30313,1.3032
2013.03.12 00:50:48.546,1.30314,1.3032
2013.03.12 00:50:49.093,1.30315,1.3032
2013.03.12 00:50:49.914,1.30314,1.3032
2013.03.12 00:50:49.977,1.30314,1.30319
2013.03.12 00:50:50.046,1.30313,1.30318
2013.03.12 00:50:50.226,1.30312,1.30318
2013.03.12 00:50:50.474,1.30312,1.30317
2013.03.12 00:50:50.983,1.30311,1.30317
2013.03.12 00:50:52.174,1.3031,1.30317
2013.03.12 00:50:52.414,1.3031,1.30316
2013.03.12 00:50:54.904,1.30309,1.30316
2013.03.12 00:50:55.205,1.30308,1.30315
2013.03.12 00:50:55.264,1.30307,1.30315
2013.03.12 00:50:55.804,1.30307,1.30313
2013.03.12 00:50:56.053,1.30306,1.30313
2013.03.12 00:50:56.235,1.30305,1.30312
2013.03.12 00:50:56.887,1.30302,1.30308
2013.03.12 00:50:57.374,1.30299,1.30306
2013.03.12 00:50:57.995,1.30298,1.30304
2013.03.12 00:50:58.534,1.30298,1.30304
2013.03.12 00:51:00.445,1.30298,1.30304
2013.03.12 00:51:00.806,1.30299,1.30305
2013.03.12 00:51:01.307,1.30299,1.30305
2013.03.12 00:51:02.926,1.30299,1.30305
2013.03.12 00:51:04.035,1.30296,1.30301
2013.03.12 00:51:05.064,1.30296,1.30302
2013.03.12 00:51:05.435,1.30296,1.30302
2013.03.12 00:51:05.494,1.30295,1.30302
2013.03.12 00:51:06.424,1.30297,1.30305
2013.03.12 00:51:06.955,1.30297,1.30303
2013.03.12 00:51:07.985,1.30298,1.30304
2013.03.12 00:51:08.165,1.30298,1.30305
2013.03.12 00:51:09.984,1.30298,1.30304
2013.03.12 00:51:10.466,1.30296,1.303
2013.03.12 00:51:10.707,1.30295,1.30302
2013.03.12 00:51:10.895,1.30295,1.30301
2013.03.12 00:51:11.435,1.30295,1.30301
2013.03.12 00:51:11.494,1.30295,1.30301
2013.03.12 00:51:11.797,1.30297,1.30304
2013.03.12 00:51:12.344,1.30298,1.30303
2013.03.12 00:51:13.725,1.303,1.30303
2013.03.12 00:51:13.904,1.30299,1.30305
2013.03.12 00:51:13.969,1.303,1.30306
2013.03.12 00:51:14.884,1.303,1.30307
2013.03.12 00:51:15.744,1.30302,1.30307
2013.03.12 00:51:15.821,1.30303,1.30308
2013.03.12 00:51:16.244,1.30303,1.3031
2013.03.12 00:51:16.947,1.30304,1.30311
2013.03.12 00:51:21.124,1.30307,1.30314
2013.03.12 00:51:21.246,1.30306,1.30311
2013.03.12 00:51:22.769,1.30306,1.30311
2013.03.12 00:51:23.295,1.30306,1.30311
2013.03.12 00:51:24.681,1.30302,1.30309
2013.03.12 00:51:24.749,1.30302,1.30309
2013.03.12 00:51:24.818,1.30301,1.30308
2013.03.12 00:51:24.886,1.303,1.30305
2013.03.12 00:51:24.956,1.30296,1.30304
2013.03.12 00:51:25.505,1.30296,1.30303
2013.03.12 00:51:25.565,1.30296,1.30303
2013.03.12 00:51:26.584,1.30296,1.30303
2013.03.12 00:51:26.914,1.30298,1.30304
2013.03.12 00:51:27.035,1.30298,1.30303
2013.03.12 00:51:27.426,1.30298,1.30305
2013.03.12 00:51:27.603,1.30299,1.30306
2013.03.12 00:51:27.904,1.30301,1.30305
2013.03.12 00:51:28.476,1.30302,1.30306
2013.03.12 00:51:28.834,1.30304,1.3031
2013.03.12 00:51:30.674,1.30307,1.30311
2013.03.12 00:51:31.224,1.30307,1.30311
2013.03.12 00:51:33.124,1.30308,1.30313
2013.03.12 00:51:33.845,1.30306,1.30311
2013.03.12 00:51:37.475,1.30305,1.30309
2013.03.12 00:51:39.434,1.30305,1.30308
2013.03.12 00:51:39.556,1.30304,1.30309
2013.03.12 00:51:39.626,1.30303,1.30306
2013.03.12 00:51:39.755,1.30298,1.30305
2013.03.12 00:51:39.815,1.30298,1.30303
2013.03.12 00:51:40.054,1.30298,1.30303
2013.03.12 00:51:40.955,1.30298,1.30303
2013.03.12 00:51:41.313,1.303,1.30304
2013.03.12 00:51:42.977,1.30302,1.30306
2013.03.12 00:51:46.005,1.30301,1.30306
2013.03.12 00:51:46.542,1.30301,1.30306
2013.03.12 00:51:46.855,1.30303,1.30309
2013.03.12 00:51:47.403,1.30305,1.30311
2013.03.12 00:51:49.729,1.30309,1.30312
2013.03.12 00:51:49.795,1.30309,1.30314
2013.03.12 00:51:50.275,1.30312,1.30317
2013.03.12 00:51:50.344,1.30312,1.30316
2013.03.12 00:51:50.524,1.30312,1.30317
2013.03.12 00:51:50.644,1.30311,1.30316
2013.03.12 00:51:51.550,1.30312,1.30316
2013.03.12 00:51:52.108,1.30309,1.30313
2013.03.12 00:51:52.176,1.30306,1.30312
2013.03.12 00:51:52.304,1.30305,1.30312
2013.03.12 00:51:52.364,1.30306,1.30312
2013.03.12 00:51:52.675,1.30307,1.30314
2013.03.12 00:51:53.176,1.30307,1.30314
2013.03.12 00:51:53.904,1.30307,1.30313
2013.03.12 00:51:54.443,1.30307,1.3031
2013.03.12 00:51:57.043,1.30307,1.30313
2013.03.12 00:51:58.674,1.30308,1.30312
2013.03.12 00:51:59.513,1.30308,1.30313
2013.03.12 00:52:01.837,1.30308,1.30312
2013.03.12 00:52:01.908,1.30307,1.30311
2013.03.12 00:52:02.995,1.30305,1.30312
2013.03.12 00:52:04.133,1.30304,1.30311
2013.03.12 00:52:04.686,1.30305,1.30309
2013.03.12 00:52:05.235,1.30304,1.30309
2013.03.12 00:52:06.844,1.30303,1.30308
2013.03.12 00:52:06.966,1.30301,1.30307
2013.03.12 00:52:07.529,1.30302,1.30306
2013.03.12 00:52:07.716,1.30302,1.30307
2013.03.12 00:52:09.613,1.30303,1.30308
2013.03.12 00:52:10.228,1.30307,1.30311
2013.03.12 00:52:10.854,1.30307,1.30311
2013.03.12 00:52:13.045,1.30308,1.30313
2013.03.12 00:52:13.613,1.30309,1.30314
2013.03.12 00:52:13.734,1.30309,1.30314
2013.03.12 00:52:14.487,1.3031,1.30314
2013.03.12 00:52:15.024,1.30311,1.30315
2013.03.12 00:52:19.707,1.30309,1.30315
2013.03.12 00:52:19.834,1.30308,1.30315
2013.03.12 00:52:21.786,1.30307,1.30315
2013.03.12 00:52:24.085,1.30306,1.30315
2013.03.12 00:52:25.393,1.30309,1.30316
2013.03.12 00:52:25.713,1.30307,1.30315
2013.03.12 00:52:27.735,1.30307,1.30313
2013.03.12 00:52:27.794,1.30307,1.30313
2013.03.12 00:52:29.524,1.30305,1.30308
2013.03.12 00:52:32.204,1.30304,1.30311
2013.03.12 00:52:32.266,1.30307,1.30314
2013.03.12 00:52:34.666,1.30305,1.30311
2013.03.12 00:52:34.735,1.30305,1.30311
2013.03.12 00:52:35.100,1.30305,1.3031
2013.03.12 00:52:35.705,1.30306,1.30308
2013.03.12 00:52:38.024,1.30307,1.30314
2013.03.12 00:52:38.563,1.30306,1.30314
2013.03.12 00:52:40.174,1.30306,1.3031
2013.03.12 00:52:40.535,1.30305,1.3031
2013.03.12 00:52:40.776,1.30305,1.30308
2013.03.12 00:52:41.205,1.30305,1.3031
2013.03.12 00:52:44.763,1.30306,1.30311
2013.03.12 00:52:45.775,1.30309,1.30314
2013.03.12 00:52:45.895,1.30309,1.30314
2013.03.12 00:52:47.074,1.30307,1.30311
2013.03.12 00:52:47.194,1.30307,1.30312
2013.03.12 00:52:47.440,1.30308,1.30312
2013.03.12 00:52:51.816,1.30306,1.30312
2013.03.12 00:52:52.175,1.30306,1.3031
2013.03.12 00:52:52.234,1.30307,1.3031
2013.03.12 00:52:53.144,1.30307,1.30311
2013.03.12 00:52:53.679,1.30307,1.30313
2013.03.12 00:52:55.037,1.30308,1.30314
2013.03.12 00:52:55.223,1.30308,1.30314
2013.03.12 00:52:55.764,1.30307,1.30314
2013.03.12 00:52:57.083,1.30308,1.30314
2013.03.12 00:52:57.383,1.30308,1.30315
2013.03.12 00:52:57.564,1.30309,1.30315
2013.03.12 00:52:59.526,1.30307,1.30315
2013.03.12 00:53:00.036,1.30308,1.30315
2013.03.12 00:53:00.604,1.30307,1.30313
2013.03.12 00:53:05.326,1.30305,1.30311
2013.03.12 00:53:05.624,1.30304,1.3031
2013.03.12 00:53:05.865,1.30304,1.3031
2013.03.12 00:53:06.055,1.30304,1.30308
2013.03.12 00:53:06.294,1.303,1.30307
2013.03.12 00:53:06.354,1.30299,1.30306
2013.03.12 00:53:06.714,1.30297,1.30303
2013.03.12 00:53:09.604,1.30297,1.30306
2013.03.12 00:53:14.814,1.30296,1.30304
2013.03.12 00:53:16.005,1.30296,1.30304
2013.03.12 00:53:16.683,1.30296,1.30304
2013.03.12 00:53:17.223,1.30298,1.30305
2013.03.12 00:53:17.714,1.30298,1.30306
2013.03.12 00:53:17.894,1.303,1.30304
2013.03.12 00:53:20.435,1.30302,1.30307
2013.03.12 00:53:20.555,1.30302,1.30307
2013.03.12 00:53:20.615,1.30304,1.30309
2013.03.12 00:53:20.674,1.30304,1.30311
2013.03.12 00:53:21.274,1.30307,1.30313
2013.03.12 00:53:21.813,1.30307,1.30313
2013.03.12 00:53:23.143,1.30307,1.30313
2013.03.12 00:53:23.744,1.30308,1.30313
2013.03.12 00:53:24.044,1.30307,1.30313
2013.03.12 00:53:29.265,1.30306,1.30312
2013.03.12 00:53:29.804,1.30306,1.30312
2013.03.12 00:53:31.296,1.30306,1.30312
2013.03.12 00:53:31.605,1.30307,1.30315
2013.03.12 00:53:32.146,1.30305,1.30312
2013.03.12 00:53:32.204,1.30304,1.30311
2013.03.12 00:53:32.386,1.30301,1.30309
2013.03.12 00:53:32.446,1.30301,1.30306
2013.03.12 00:53:33.654,1.30299,1.30304
2013.03.12 00:53:35.874,1.30301,1.30304
2013.03.12 00:53:35.934,1.30301,1.30307
2013.03.12 00:53:36.055,1.30302,1.3031
2013.03.12 00:53:36.176,1.30305,1.30312
2013.03.12 00:53:36.356,1.30305,1.30312
2013.03.12 00:53:36.909,1.30306,1.30313
2013.03.12 00:53:38.044,1.30306,1.30313
2013.03.12 00:53:38.584,1.30307,1.30313
2013.03.12 00:53:38.946,1.30307,1.30312
2013.03.12 00:53:39.244,1.30307,1.30313
2013.03.12 00:53:39.786,1.30307,1.30313
2013.03.12 00:53:43.005,1.30307,1.30312
2013.03.12 00:53:43.074,1.30307,1.30313
2013.03.12 00:53:43.554,1.30307,1.30312
2013.03.12 00:53:44.035,1.30306,1.30312
2013.03.12 00:53:44.514,1.30306,1.30311
2013.03.12 00:53:48.445,1.30305,1.3031
2013.03.12 00:53:48.564,1.30305,1.30308
2013.03.12 00:53:48.803,1.30301,1.30306
2013.03.12 00:53:49.915,1.30301,1.30304
2013.03.12 00:53:50.464,1.30301,1.30305
2013.03.12 00:53:58.464,1.30301,1.30305
2013.03.12 00:53:58.945,1.30297,1.30305
2013.03.12 00:53:59.127,1.30296,1.30302
2013.03.12 00:53:59.636,1.30294,1.30301
2013.03.12 00:54:00.156,1.30295,1.30301
2013.03.12 00:54:06.336,1.30295,1.30301
2013.03.12 00:54:06.404,1.30295,1.30301
2013.03.12 00:54:06.828,1.30293,1.30301
2013.03.12 00:54:07.374,1.30293,1.30301
2013.03.12 00:54:08.106,1.30295,1.30301
2013.03.12 00:54:08.655,1.30296,1.30302
2013.03.12 00:54:09.655,1.30298,1.30304
2013.03.12 00:54:10.494,1.30297,1.30303
2013.03.12 00:54:12.724,1.30298,1.30305
2013.03.12 00:54:14.234,1.30298,1.30304
2013.03.12 00:54:14.864,1.30299,1.30306
2013.03.12 00:54:15.474,1.30299,1.30306
2013.03.12 00:54:15.595,1.303,1.30308
2013.03.12 00:54:15.655,1.30301,1.30308
2013.03.12 00:54:15.775,1.30302,1.30309
2013.03.12 00:54:16.015,1.30304,1.3031
2013.03.12 00:54:18.207,1.30303,1.3031
2013.03.12 00:54:18.821,1.30304,1.3031
2013.03.12 00:54:25.905,1.30305,1.30311
2013.03.12 00:54:26.526,1.30305,1.30311
2013.03.12 00:54:27.064,1.30307,1.30313
2013.03.12 00:54:28.325,1.30309,1.30314
2013.03.12 00:54:28.386,1.30309,1.30315
2013.03.12 00:54:28.925,1.3031,1.30317
2013.03.12 00:54:29.474,1.3031,1.30317
2013.03.12 00:54:30.135,1.30312,1.30318
2013.03.12 00:54:32.415,1.3031,1.30317
2013.03.12 00:54:32.714,1.30309,1.30317
2013.03.12 00:54:35.145,1.3031,1.30317
2013.03.12 00:54:38.354,1.30313,1.3032
2013.03.12 00:54:38.415,1.30313,1.3032
2013.03.12 00:54:38.655,1.30316,1.30322
2013.03.12 00:54:39.085,1.30317,1.30323
2013.03.12 00:54:39.204,1.30317,1.30321
2013.03.12 00:54:40.615,1.30315,1.30322
2013.03.12 00:54:41.285,1.30314,1.30321
2013.03.12 00:54:47.424,1.30314,1.3032
2013.03.12 00:54:47.674,1.30313,1.3032
2013.03.12 00:54:47.917,1.30312,1.3032
2013.03.12 00:54:47.984,1.30312,1.30319
2013.03.12 00:54:48.525,1.30312,1.30318
2013.03.12 00:54:48.585,1.30311,1.30317
2013.03.12 00:54:48.647,1.30311,1.30316
2013.03.12 00:54:49.007,1.30306,1.30314
2013.03.12 00:54:49.564,1.30306,1.30313
2013.03.12 00:54:50.075,1.30306,1.30315
2013.03.12 00:54:50.135,1.30306,1.30315
2013.03.12 00:54:50.435,1.30309,1.30315
2013.03.12 00:54:50.974,1.30311,1.30318
2013.03.12 00:54:54.544,1.30308,1.30315
2013.03.12 00:54:54.617,1.30308,1.30315
2013.03.12 00:54:55.106,1.30307,1.30315
2013.03.12 00:54:55.465,1.30308,1.30312
2013.03.12 00:54:55.775,1.30305,1.30311
2013.03.12 00:54:55.839,1.30305,1.30311
2013.03.12 00:54:55.966,1.30306,1.30312
2013.03.12 00:54:56.327,1.30307,1.30313
2013.03.12 00:54:56.395,1.30308,1.30314
2013.03.12 00:54:56.455,1.30311,1.30317
2013.03.12 00:54:56.994,1.30311,1.30317
2013.03.12 00:54:57.975,1.30312,1.30318
2013.03.12 00:54:58.157,1.30316,1.3032
2013.03.12 00:54:58.466,1.30316,1.30322
2013.03.12 00:54:58.824,1.30314,1.30325
2013.03.12 00:54:59.185,1.30318,1.30323
2013.03.12 00:54:59.305,1.30319,1.30326
2013.03.12 00:54:59.845,1.3032,1.30326
2013.03.12 00:55:00.144,1.30318,1.30325
2013.03.12 00:55:00.504,1.30318,1.30325
2013.03.12 00:55:00.685,1.30319,1.30325
2013.03.12 00:55:00.984,1.3032,1.30326
2013.03.12 00:55:01.524,1.3032,1.30326
2013.03.12 00:55:02.065,1.3032,1.30325
2013.03.12 00:55:03.275,1.3032,1.30326
2013.03.12 00:55:06.694,1.3032,1.30326
2013.03.12 00:55:07.243,1.3032,1.30326
2013.03.12 00:55:07.844,1.3032,1.30325
2013.03.12 00:55:08.145,1.30318,1.30324
2013.03.12 00:55:08.744,1.30316,1.30323
2013.03.12 00:55:09.778,1.30318,1.30324
2013.03.12 00:55:10.284,1.30319,1.30325
2013.03.12 00:55:11.874,1.30319,1.30325
2013.03.12 00:55:12.965,1.3032,1.30325
2013.03.12 00:55:14.396,1.30319,1.30326
2013.03.12 00:55:15.315,1.30321,1.30326
2013.03.12 00:55:16.675,1.30321,1.30326
2013.03.12 00:55:17.295,1.3032,1.30326
2013.03.12 00:55:18.245,1.30319,1.30326
2013.03.12 00:55:18.785,1.30318,1.30325
2013.03.12 00:55:19.324,1.30318,1.30325
2013.03.12 00:55:25.735,1.3032,1.30326
2013.03.12 00:55:26.036,1.30319,1.30326
2013.03.12 00:55:30.356,1.30319,1.30326
2013.03.12 00:55:30.909,1.3032,1.30327
2013.03.12 00:55:31.345,1.30321,1.30327
2013.03.12 00:55:32.366,1.30322,1.30328
2013.03.12 00:55:32.606,1.30323,1.30328
2013.03.12 00:55:33.084,1.30323,1.30331
2013.03.12 00:55:33.208,1.30324,1.30331
2013.03.12 00:55:33.715,1.30324,1.30331
2013.03.12 00:55:36.865,1.30324,1.30331
2013.03.12 00:55:36.925,1.30323,1.30331
2013.03.12 00:55:37.492,1.30323,1.30331
2013.03.12 00:55:37.578,1.30321,1.30328
2013.03.12 00:55:38.125,1.3032,1.30326
2013.03.12 00:55:38.365,1.30318,1.30324
2013.03.12 00:55:38.905,1.30318,1.30324
2013.03.12 00:55:39.206,1.30318,1.30324
2013.03.12 00:55:39.806,1.30318,1.30324
2013.03.12 00:55:40.364,1.30316,1.30323
2013.03.12 00:55:40.956,1.30316,1.30323
2013.03.12 00:55:44.944,1.30316,1.30324
2013.03.12 00:55:45.484,1.30317,1.30324
2013.03.12 00:55:47.175,1.30316,1.30324
2013.03.12 00:55:54.485,1.30316,1.30324
2013.03.12 00:55:55.426,1.30316,1.30323
2013.03.12 00:55:56.555,1.30315,1.30322
2013.03.12 00:56:02.736,1.30316,1.30323
2013.03.12 00:56:03.035,1.30314,1.3032
2013.03.12 00:56:03.215,1.3031,1.30318
2013.03.12 00:56:03.516,1.30308,1.30316
2013.03.12 00:56:03.578,1.30308,1.30315
2013.03.12 00:56:03.767,1.30308,1.30316
2013.03.12 00:56:03.826,1.30308,1.30314
2013.03.12 00:56:05.114,1.30308,1.30314
2013.03.12 00:56:05.558,1.30304,1.30312
2013.03.12 00:56:05.624,1.30304,1.30312
2013.03.12 00:56:06.114,1.30304,1.30312
2013.03.12 00:56:06.200,1.30304,1.30311
2013.03.12 00:56:06.275,1.30303,1.3031
2013.03.12 00:56:06.397,1.30303,1.30308
2013.03.12 00:56:06.648,1.30301,1.30308
2013.03.12 00:56:06.716,1.30299,1.30308
2013.03.12 00:56:07.144,1.30296,1.30304
2013.03.12 00:56:18.596,1.30296,1.30304
2013.03.12 00:56:18.716,1.30298,1.30304
2013.03.12 00:56:19.016,1.303,1.30305
2013.03.12 00:56:19.523,1.303,1.30307
2013.03.12 00:56:19.599,1.303,1.30309
2013.03.12 00:56:19.966,1.30302,1.3031
2013.03.12 00:56:20.325,1.30304,1.30312
2013.03.12 00:56:20.384,1.30304,1.30312
2013.03.12 00:56:20.925,1.30305,1.30312
2013.03.12 00:56:23.142,1.30306,1.30313
2013.03.12 00:56:27.824,1.30306,1.30314
2013.03.12 00:56:31.066,1.30306,1.30314
2013.03.12 00:56:31.307,1.3031,1.30316
2013.03.12 00:56:31.736,1.3031,1.30318
2013.03.12 00:56:34.026,1.30311,1.30318
2013.03.12 00:56:36.783,1.30311,1.30319
2013.03.12 00:56:37.155,1.30315,1.30322
2013.03.12 00:56:37.335,1.30317,1.30323
2013.03.12 00:56:37.574,1.30318,1.30325
2013.03.12 00:56:38.125,1.30318,1.30325
2013.03.12 00:56:40.386,1.30316,1.30323
2013.03.12 00:56:40.864,1.30317,1.30324
2013.03.12 00:56:43.944,1.30318,1.30324
2013.03.12 00:56:48.557,1.3032,1.30324
2013.03.12 00:56:48.685,1.30322,1.30327
2013.03.12 00:56:48.926,1.30323,1.30329
2013.03.12 00:56:49.166,1.30323,1.30329
2013.03.12 00:56:52.266,1.30323,1.30329
2013.03.12 00:56:53.055,1.30323,1.30329
2013.03.12 00:56:53.655,1.30323,1.30328
2013.03.12 00:56:54.165,1.30323,1.30328
2013.03.12 00:56:54.525,1.30322,1.30328
2013.03.12 00:56:54.645,1.30319,1.30327
2013.03.12 00:56:55.149,1.30319,1.30326
2013.03.12 00:56:56.875,1.30319,1.30325
2013.03.12 00:56:58.355,1.30319,1.30326
2013.03.12 00:57:01.217,1.30319,1.30326
2013.03.12 00:57:01.757,1.30324,1.30328
2013.03.12 00:57:01.997,1.30325,1.3033
2013.03.12 00:57:02.307,1.30324,1.30331
2013.03.12 00:57:02.426,1.30321,1.30328
2013.03.12 00:57:02.665,1.30322,1.30328
2013.03.12 00:57:03.204,1.3032,1.30328
2013.03.12 00:57:03.505,1.30322,1.3033
2013.03.12 00:57:04.067,1.30322,1.3033
2013.03.12 00:57:07.795,1.30322,1.3033
2013.03.12 00:57:07.915,1.30322,1.3033
2013.03.12 00:57:07.975,1.30321,1.30328
2013.03.12 00:57:08.095,1.30319,1.30326
2013.03.12 00:57:08.648,1.30319,1.30326
2013.03.12 00:57:10.135,1.30318,1.30326
2013.03.12 00:57:18.997,1.30318,1.30324
2013.03.12 00:57:19.794,1.30318,1.30324
2013.03.12 00:57:22.216,1.30318,1.30324
2013.03.12 00:57:22.717,1.30318,1.30324
2013.03.12 00:57:26.856,1.30318,1.30325
2013.03.12 00:57:27.396,1.30318,1.30325
2013.03.12 00:57:31.474,1.30317,1.30325
2013.03.12 00:57:38.415,1.30317,1.30325
2013.03.12 00:57:40.274,1.30316,1.30324
2013.03.12 00:57:43.454,1.30317,1.30323
2013.03.12 00:57:44.095,1.30317,1.30323
2013.03.12 00:57:45.686,1.30316,1.30323
2013.03.12 00:57:46.435,1.30316,1.30323
2013.03.12 00:57:49.145,1.30316,1.30321
2013.03.12 00:57:50.946,1.30316,1.30323
2013.03.12 00:57:51.545,1.30316,1.30323
2013.03.12 00:57:52.266,1.30316,1.30323
2013.03.12 00:57:53.306,1.30316,1.30323
2013.03.12 00:57:55.855,1.30316,1.30323
2013.03.12 00:58:02.635,1.30317,1.30323
2013.03.12 00:58:02.697,1.30317,1.30323
2013.03.12 00:58:03.234,1.30318,1.30323
2013.03.12 00:58:03.295,1.30318,1.30323
2013.03.12 00:58:06.545,1.30318,1.30323
2013.03.12 00:58:07.024,1.30318,1.30323
2013.03.12 00:58:07.356,1.30317,1.30321
2013.03.12 00:58:07.805,1.30314,1.3032
2013.03.12 00:58:07.865,1.30314,1.3032
2013.03.12 00:58:07.985,1.30311,1.30317
2013.03.12 00:58:08.168,1.30311,1.30315
2013.03.12 00:58:08.237,1.30307,1.30313
2013.03.12 00:58:08.605,1.30306,1.30312
2013.03.12 00:58:09.145,1.30306,1.30312
2013.03.12 00:58:12.719,1.30308,1.30312
2013.03.12 00:58:12.855,1.30308,1.30314
2013.03.12 00:58:13.797,1.30308,1.30314
2013.03.12 00:58:16.196,1.30308,1.30314
2013.03.12 00:58:16.918,1.30308,1.30314
2013.03.12 00:58:17.856,1.30308,1.30315
2013.03.12 00:58:18.034,1.30308,1.30315
2013.03.12 00:58:18.575,1.30309,1.30315
2013.03.12 00:58:18.935,1.30308,1.30314
2013.03.12 00:58:19.584,1.30309,1.30315
2013.03.12 00:58:22.786,1.30309,1.30315
2013.03.12 00:58:23.554,1.30309,1.30315
2013.03.12 00:58:27.526,1.30309,1.30317
2013.03.12 00:58:27.645,1.30311,1.3032
2013.03.12 00:58:27.706,1.30314,1.30321
2013.03.12 00:58:28.076,1.30315,1.30323
2013.03.12 00:58:28.486,1.30315,1.30323
2013.03.12 00:58:29.027,1.30315,1.30323
2013.03.12 00:58:29.275,1.30317,1.30323
2013.03.12 00:58:38.557,1.30318,1.30325
2013.03.12 00:58:39.104,1.30318,1.30324
2013.03.12 00:58:39.635,1.30318,1.30324
2013.03.12 00:58:40.594,1.30317,1.30324
2013.03.12 00:58:42.760,1.30318,1.30324
2013.03.12 00:58:50.047,1.30316,1.30323
2013.03.12 00:58:50.105,1.30316,1.30322
2013.03.12 00:58:50.288,1.30314,1.30318
2013.03.12 00:58:50.536,1.3031,1.30317
2013.03.12 00:58:51.066,1.30311,1.30317
2013.03.12 00:58:51.548,1.30308,1.30315
2013.03.12 00:58:51.675,1.30309,1.30314
2013.03.12 00:58:56.561,1.30308,1.30314
2013.03.12 00:58:57.492,1.30308,1.30314
2013.03.12 00:59:10.235,1.30306,1.30313
2013.03.12 00:59:10.775,1.30307,1.30313
2013.03.12 00:59:17.206,1.30308,1.30314
2013.03.12 00:59:24.005,1.30308,1.30314
2013.03.12 00:59:26.539,1.30307,1.30314
2013.03.12 00:59:29.347,1.30308,1.30314
2013.03.12 00:59:48.245,1.30308,1.30314
2013.03.12 01:00:09.376,1.30307,1.30314
2013.03.12 01:00:09.905,1.30307,1.30314
2013.03.12 01:00:11.085,1.30306,1.30312
2013.03.12 01:00:11.388,1.30303,1.30308
2013.03.12 01:00:11.457,1.30301,1.30306
2013.03.12 01:00:11.522,1.30301,1.30307
2013.03.12 01:00:12.066,1.30301,1.30308
2013.03.12 01:00:12.185,1.30301,1.30308
2013.03.12 01:00:12.754,1.30303,1.30308
2013.03.12 01:00:12.948,1.30306,1.30311
2013.03.12 01:00:13.016,1.30307,1.30313
2013.03.12 01:00:13.075,1.30307,1.30314
2013.03.12 01:00:13.614,1.30307,1.30313
2013.03.12 01:00:14.836,1.30307,1.30313
2013.03.12 01:00:15.380,1.3031,1.30316
