Time,Bid,Ask
2013.03.07 00:00:02.966,1.29777,1.29787
2013.03.07 00:00:03.026,1.29777,1.29787
2013.03.07 00:00:03.266,1.29778,1.29787
2013.03.07 00:00:04.496,1.29778,1.29787
2013.03.07 00:00:04.997,1.29778,1.29786
2013.03.07 00:00:05.516,1.29777,1.29786
2013.03.07 00:00:14.177,1.29778,1.29786
2013.03.07 00:00:14.356,1.29779,1.29786
2013.03.07 00:00:16.298,1.29779,1.29787
2013.03.07 00:00:16.597,1.29777,1.29786
2013.03.07 00:00:16.657,1.29777,1.29786
2013.03.07 00:00:25.438,1.29777,1.29786
2013.03.07 00:00:31.316,1.29777,1.29785
2013.03.07 00:00:31.376,1.29777,1.29785
2013.03.07 00:00:31.818,1.29778,1.29786
2013.03.07 00:00:31.937,1.29779,1.29787
2013.03.07 00:00:32.116,1.29781,1.29789
2013.03.07 00:00:32.597,1.29783,1.2979
2013.03.07 00:00:33.136,1.29783,1.29791
2013.03.07 00:00:35.497,1.29783,1.29791
2013.03.07 00:00:36.037,1.29783,1.29791
2013.03.07 00:00:36.588,1.29783,1.2979
2013.03.07 00:00:37.466,1.29782,1.29791
2013.03.07 00:00:37.527,1.29782,1.29789
2013.03.07 00:00:37.840,1.29781,1.29788
2013.03.07 00:00:38.147,1.29783,1.2979
2013.03.07 00:00:38.862,1.29783,1.2979
2013.03.07 00:00:39.928,1.29783,1.2979
2013.03.07 00:00:40.168,1.29783,1.29791
2013.03.07 00:00:40.707,1.29785,1.29793
2013.03.07 00:00:41.247,1.29785,1.29792
2013.03.07 00:00:42.117,1.29785,1.29792
2013.03.07 00:00:46.700,1.29785,1.29792
2013.03.07 00:00:57.147,1.29783,1.29791
2013.03.07 00:00:58.138,1.29786,1.29792
2013.03.07 00:00:58.198,1.29786,1.29794
2013.03.07 00:00:58.257,1.29786,1.29794
2013.03.07 00:00:58.797,1.29787,1.29794
2013.03.07 00:00:59.527,1.29786,1.29794
2013.03.07 00:01:00.707,1.29787,1.29792
2013.03.07 00:01:01.068,1.29785,1.29791
2013.03.07 00:01:01.307,1.29783,1.29792
2013.03.07 00:01:03.125,1.29784,1.29792
2013.03.07 00:01:05.347,1.29783,1.29792
2013.03.07 00:01:06.437,1.29783,1.29792
2013.03.07 00:01:06.947,1.29783,1.29792
2013.03.07 00:01:09.237,1.29785,1.29792
2013.03.07 00:01:09.539,1.29788,1.29795
2013.03.07 00:01:09.599,1.29792,1.29797
2013.03.07 00:01:15.441,1.29789,1.29796
2013.03.07 00:01:17.728,1.29788,1.29794
2013.03.07 00:01:17.789,1.29788,1.29794
2013.03.07 00:01:18.242,1.29784,1.2979
2013.03.07 00:01:18.608,1.29784,1.29791
2013.03.07 00:01:19.151,1.29785,1.29791
2013.03.07 00:01:19.338,1.29785,1.29792
2013.03.07 00:01:19.578,1.29786,1.29792
2013.03.07 00:01:19.939,1.29789,1.29793
2013.03.07 00:01:20.007,1.29791,1.29795
2013.03.07 00:01:20.547,1.29791,1.29797
2013.03.07 00:01:21.027,1.29791,1.29795
2013.03.07 00:01:29.168,1.29788,1.29795
2013.03.07 00:01:54.538,1.29791,1.29794
2013.03.07 00:01:55.087,1.29786,1.29794
2013.03.07 00:02:10.307,1.29787,1.29794
2013.03.07 00:02:15.648,1.29788,1.29794
2013.03.07 00:02:28.197,1.29789,1.29795
2013.03.07 00:02:31.968,1.29791,1.29796
2013.03.07 00:02:32.526,1.29788,1.29795
2013.03.07 00:02:33.068,1.29788,1.29795
2013.03.07 00:02:35.697,1.29788,1.29795
2013.03.07 00:02:35.817,1.29788,1.29796
2013.03.07 00:02:36.868,1.29788,1.29794
2013.03.07 00:02:37.408,1.29788,1.29794
2013.03.07 00:02:39.170,1.29788,1.29794
2013.03.07 00:02:39.478,1.29791,1.29799
2013.03.07 00:02:39.599,1.29791,1.29799
2013.03.07 00:02:39.658,1.29792,1.298
2013.03.07 00:02:41.258,1.29793,1.29799
2013.03.07 00:02:41.497,1.29788,1.29796
2013.03.07 00:02:41.797,1.29788,1.29795
2013.03.07 00:02:42.350,1.29788,1.29795
2013.03.07 00:02:44.737,1.2979,1.29795
2013.03.07 00:02:50.977,1.29788,1.29795
2013.03.07 00:03:07.020,1.29787,1.29794
2013.03.07 00:03:08.417,1.29785,1.29794
2013.03.07 00:03:11.717,1.29785,1.29794
2013.03.07 00:03:18.558,1.29785,1.29792
2013.03.07 00:03:18.800,1.29783,1.29791
2013.03.07 00:03:18.868,1.29783,1.29791
2013.03.07 00:03:21.027,1.29784,1.29789
2013.03.07 00:03:22.027,1.29783,1.29789
2013.03.07 00:03:25.126,1.29783,1.29789
2013.03.07 00:03:32.347,1.29783,1.29789
2013.03.07 00:03:34.758,1.29784,1.29791
2013.03.07 00:03:34.878,1.29784,1.29792
2013.03.07 00:03:35.057,1.29785,1.29792
2013.03.07 00:03:35.358,1.29786,1.29794
2013.03.07 00:03:35.900,1.29787,1.29794
2013.03.07 00:03:36.452,1.29786,1.29794
2013.03.07 00:03:41.576,1.29786,1.29792
2013.03.07 00:03:41.699,1.29784,1.29791
2013.03.07 00:03:41.818,1.29784,1.29791
2013.03.07 00:03:42.368,1.29784,1.2979
2013.03.07 00:03:45.907,1.29784,1.29789
2013.03.07 00:03:50.017,1.29784,1.29789
2013.03.07 00:03:52.237,1.29783,1.29789
2013.03.07 00:03:55.247,1.29782,1.29789
2013.03.07 00:03:56.388,1.29784,1.29789
2013.03.07 00:03:56.448,1.29784,1.2979
2013.03.07 00:03:56.508,1.29784,1.2979
2013.03.07 00:03:56.868,1.29788,1.29794
2013.03.07 00:03:57.227,1.29792,1.29799
2013.03.07 00:03:57.408,1.29792,1.29799
2013.03.07 00:03:58.499,1.29792,1.29799
2013.03.07 00:03:59.008,1.29792,1.29798
2013.03.07 00:03:59.389,1.2979,1.29797
2013.03.07 00:03:59.448,1.2979,1.29797
2013.03.07 00:03:59.512,1.29786,1.29796
2013.03.07 00:03:59.578,1.29786,1.29796
2013.03.07 00:03:59.938,1.29786,1.29794
2013.03.07 00:04:00.359,1.29788,1.29794
2013.03.07 00:04:01.427,1.29786,1.29794
2013.03.07 00:04:05.198,1.29786,1.29794
2013.03.07 00:04:08.603,1.29786,1.29794
2013.03.07 00:04:30.068,1.29784,1.29792
2013.03.07 00:04:30.508,1.29782,1.29789
2013.03.07 00:04:31.736,1.29782,1.29789
2013.03.07 00:04:33.017,1.29782,1.29789
2013.03.07 00:04:37.387,1.29782,1.29789
2013.03.07 00:04:37.592,1.29782,1.29791
2013.03.07 00:04:38.137,1.29784,1.29791
2013.03.07 00:04:38.719,1.29785,1.29792
2013.03.07 00:04:39.549,1.29785,1.29793
2013.03.07 00:04:39.607,1.29786,1.29794
2013.03.07 00:04:47.529,1.29787,1.29794
2013.03.07 00:04:54.688,1.29788,1.29795
2013.03.07 00:04:55.340,1.29793,1.298
2013.03.07 00:04:56.119,1.29795,1.29801
2013.03.07 00:05:03.067,1.29795,1.29803
2013.03.07 00:05:04.268,1.29795,1.29803
2013.03.07 00:05:24.378,1.29795,1.29803
2013.03.07 00:05:28.720,1.29795,1.29802
2013.03.07 00:05:28.898,1.29794,1.29801
2013.03.07 00:05:28.959,1.29794,1.29801
2013.03.07 00:05:29.077,1.29791,1.29799
2013.03.07 00:05:29.739,1.29794,1.29801
2013.03.07 00:05:30.277,1.29792,1.298
2013.03.07 00:05:32.888,1.29792,1.298
2013.03.07 00:05:32.948,1.29792,1.298
2013.03.07 00:05:33.248,1.29796,1.29801
2013.03.07 00:05:35.047,1.29795,1.29803
2013.03.07 00:05:37.478,1.29795,1.29801
2013.03.07 00:05:38.017,1.29795,1.29802
2013.03.07 00:06:37.300,1.29798,1.29804
2013.03.07 00:06:37.428,1.29798,1.29804
2013.03.07 00:06:37.609,1.298,1.29808
2013.03.07 00:06:37.729,1.29802,1.2981
2013.03.07 00:06:37.999,1.29803,1.2981
2013.03.07 00:06:38.418,1.29803,1.29811
2013.03.07 00:06:38.949,1.29802,1.2981
2013.03.07 00:06:43.107,1.29802,1.2981
2013.03.07 00:06:43.928,1.29802,1.2981
2013.03.07 00:06:45.412,1.29802,1.2981
2013.03.07 00:06:46.952,1.29802,1.2981
2013.03.07 00:06:49.188,1.29804,1.29811
2013.03.07 00:06:49.720,1.29804,1.29811
2013.03.07 00:06:50.077,1.29803,1.2981
2013.03.07 00:06:50.418,1.29804,1.29811
2013.03.07 00:06:50.968,1.29804,1.29811
2013.03.07 00:06:51.088,1.29803,1.29811
2013.03.07 00:06:51.208,1.29802,1.29811
2013.03.07 00:06:56.338,1.29802,1.29809
2013.03.07 00:07:05.111,1.29802,1.29811
2013.03.07 00:07:09.630,1.29802,1.29809
2013.03.07 00:07:15.737,1.29802,1.29808
2013.03.07 00:07:17.737,1.29802,1.2981
2013.03.07 00:07:30.949,1.29802,1.29808
2013.03.07 00:07:31.127,1.29802,1.29808
2013.03.07 00:07:31.309,1.29802,1.29811
2013.03.07 00:07:31.823,1.29805,1.29811
2013.03.07 00:07:50.538,1.29805,1.29811
2013.03.07 00:07:51.767,1.29805,1.29811
2013.03.07 00:08:12.088,1.29804,1.29811
2013.03.07 00:08:17.921,1.29804,1.29812
2013.03.07 00:08:21.867,1.29804,1.29811
2013.03.07 00:08:22.469,1.29804,1.2981
2013.03.07 00:08:26.448,1.29801,1.29808
2013.03.07 00:08:26.509,1.29801,1.29808
2013.03.07 00:08:26.969,1.29797,1.29803
2013.03.07 00:08:27.147,1.29797,1.29803
2013.03.07 00:08:27.688,1.29798,1.29802
2013.03.07 00:08:28.238,1.29798,1.29802
2013.03.07 00:08:30.547,1.29798,1.29801
2013.03.07 00:08:36.888,1.29797,1.29801
2013.03.07 00:08:37.323,1.29798,1.29805
2013.03.07 00:08:38.399,1.29801,1.29805
2013.03.07 00:08:38.519,1.29802,1.29809
2013.03.07 00:08:38.708,1.29805,1.29814
2013.03.07 00:08:38.828,1.29804,1.29811
2013.03.07 00:08:39.248,1.29803,1.29809
2013.03.07 00:08:39.428,1.29803,1.29811
2013.03.07 00:08:40.019,1.29803,1.29811
2013.03.07 00:08:42.738,1.29803,1.29811
2013.03.07 00:08:44.538,1.29802,1.29809
2013.03.07 00:08:44.779,1.298,1.29807
2013.03.07 00:08:44.959,1.298,1.29807
2013.03.07 00:08:45.423,1.29799,1.29803
2013.03.07 00:08:45.504,1.29796,1.29803
2013.03.07 00:08:46.095,1.29796,1.29801
2013.03.07 00:08:51.680,1.29796,1.29805
2013.03.07 00:08:52.675,1.29796,1.29805
2013.03.07 00:08:53.218,1.29802,1.29809
2013.03.07 00:08:53.340,1.29804,1.29811
2013.03.07 00:08:53.459,1.29804,1.29812
2013.03.07 00:08:53.829,1.29804,1.29812
2013.03.07 00:08:54.188,1.29806,1.29814
2013.03.07 00:08:56.008,1.29805,1.29813
2013.03.07 00:09:03.138,1.29805,1.29814
2013.03.07 00:09:04.099,1.29805,1.29813
2013.03.07 00:09:04.662,1.29805,1.29814
2013.03.07 00:09:07.368,1.29805,1.29814
2013.03.07 00:09:11.337,1.29805,1.29813
2013.03.07 00:09:16.429,1.29805,1.29813
2013.03.07 00:09:20.488,1.29804,1.29813
2013.03.07 00:09:21.798,1.29804,1.29812
2013.03.07 00:09:24.838,1.29804,1.29813
2013.03.07 00:09:29.198,1.29804,1.29812
2013.03.07 00:09:35.674,1.29804,1.29813
2013.03.07 00:09:40.488,1.29805,1.29813
2013.03.07 00:09:41.538,1.29805,1.29813
2013.03.07 00:09:45.009,1.29803,1.29811
2013.03.07 00:09:45.648,1.29803,1.29811
2013.03.07 00:09:46.649,1.29803,1.29812
2013.03.07 00:09:47.368,1.29805,1.29812
2013.03.07 00:09:48.139,1.29805,1.29814
2013.03.07 00:09:49.741,1.29805,1.29812
2013.03.07 00:09:49.931,1.29804,1.29809
2013.03.07 00:09:49.999,1.29803,1.29809
2013.03.07 00:09:50.059,1.29801,1.29807
2013.03.07 00:09:50.480,1.29801,1.29808
2013.03.07 00:09:50.778,1.29801,1.29808
2013.03.07 00:09:51.079,1.29802,1.29812
2013.03.07 00:09:52.189,1.29804,1.29813
2013.03.07 00:09:52.248,1.29804,1.29811
2013.03.07 00:09:52.373,1.29803,1.29811
2013.03.07 00:09:52.442,1.29803,1.29811
2013.03.07 00:09:52.750,1.29802,1.29808
2013.03.07 00:09:52.808,1.29803,1.29808
2013.03.07 00:09:52.870,1.29804,1.29811
2013.03.07 00:09:53.049,1.29804,1.29812
2013.03.07 00:09:54.390,1.29804,1.2981
2013.03.07 00:09:54.510,1.29801,1.29805
2013.03.07 00:09:54.579,1.29795,1.29805
2013.03.07 00:09:55.088,1.29795,1.29803
2013.03.07 00:09:56.548,1.29795,1.29803
2013.03.07 00:09:56.970,1.29794,1.298
2013.03.07 00:10:01.574,1.29792,1.298
2013.03.07 00:10:03.788,1.29792,1.29799
2013.03.07 00:10:09.227,1.29793,1.29801
2013.03.07 00:10:10.389,1.29795,1.29803
2013.03.07 00:10:12.338,1.29794,1.29799
2013.03.07 00:10:12.889,1.29794,1.29799
2013.03.07 00:10:13.438,1.29794,1.29801
2013.03.07 00:10:13.999,1.29796,1.298
2013.03.07 00:10:16.319,1.29794,1.298
2013.03.07 00:10:18.758,1.29794,1.29799
2013.03.07 00:10:20.748,1.29793,1.29798
2013.03.07 00:10:21.348,1.29794,1.29798
2013.03.07 00:10:23.088,1.29793,1.29798
2013.03.07 00:10:23.148,1.29793,1.29798
2013.03.07 00:10:23.388,1.29791,1.29796
2013.03.07 00:10:26.558,1.29791,1.29796
2013.03.07 00:10:26.740,1.29789,1.29793
2013.03.07 00:10:26.810,1.29785,1.29793
2013.03.07 00:10:27.049,1.29783,1.29791
2013.03.07 00:10:27.229,1.29784,1.29792
2013.03.07 00:10:28.038,1.29784,1.29792
2013.03.07 00:10:28.578,1.29785,1.29793
2013.03.07 00:10:29.138,1.29785,1.29793
2013.03.07 00:10:29.579,1.29785,1.29794
2013.03.07 00:10:29.758,1.29786,1.29794
2013.03.07 00:10:30.118,1.29786,1.29794
2013.03.07 00:10:30.658,1.29789,1.29795
2013.03.07 00:10:31.020,1.29792,1.29801
2013.03.07 00:10:31.079,1.29793,1.29801
2013.03.07 00:10:31.318,1.29793,1.298
2013.03.07 00:10:31.438,1.29793,1.298
2013.03.07 00:10:32.768,1.29792,1.29798
2013.03.07 00:10:37.468,1.2979,1.29797
2013.03.07 00:10:37.528,1.2979,1.29797
2013.03.07 00:10:38.258,1.2979,1.29796
2013.03.07 00:10:40.190,1.2979,1.29797
2013.03.07 00:10:43.068,1.2979,1.29797
2013.03.07 00:10:43.629,1.29791,1.29798
2013.03.07 00:10:45.189,1.29792,1.29798
2013.03.07 00:10:45.752,1.29793,1.29799
2013.03.07 00:10:48.368,1.29792,1.29798
2013.03.07 00:10:49.148,1.2979,1.29797
2013.03.07 00:10:50.109,1.2979,1.29796
2013.03.07 00:10:50.289,1.29787,1.29794
2013.03.07 00:10:50.472,1.29787,1.29794
2013.03.07 00:10:51.179,1.29786,1.29794
2013.03.07 00:10:51.910,1.29787,1.29794
2013.03.07 00:10:55.438,1.29786,1.29793
2013.03.07 00:11:05.785,1.29785,1.29792
2013.03.07 00:11:06.738,1.29785,1.29792
2013.03.07 00:11:07.281,1.29785,1.29792
2013.03.07 00:11:14.819,1.29786,1.29794
2013.03.07 00:11:15.789,1.29787,1.29795
2013.03.07 00:11:15.909,1.2979,1.29798
2013.03.07 00:11:16.030,1.29793,1.298
2013.03.07 00:11:16.149,1.29793,1.29801
2013.03.07 00:11:16.268,1.29793,1.29801
2013.03.07 00:11:16.628,1.29793,1.29801
2013.03.07 00:11:18.900,1.29792,1.29798
2013.03.07 00:11:39.958,1.29786,1.29794
2013.03.07 00:11:40.259,1.29786,1.29794
2013.03.07 00:11:40.498,1.29785,1.29792
2013.03.07 00:12:02.820,1.29783,1.2979
2013.03.07 00:12:02.938,1.29783,1.2979
2013.03.07 00:12:03.473,1.29782,1.2979
2013.03.07 00:12:03.853,1.29782,1.29789
2013.03.07 00:12:04.038,1.29785,1.29791
2013.03.07 00:12:05.829,1.29783,1.29791
2013.03.07 00:12:06.368,1.29785,1.29792
2013.03.07 00:12:06.954,1.29785,1.29792
2013.03.07 00:12:10.458,1.29785,1.29792
2013.03.07 00:12:13.779,1.29786,1.29792
2013.03.07 00:12:25.340,1.29786,1.29792
2013.03.07 00:12:25.470,1.29786,1.29792
2013.03.07 00:12:26.040,1.29786,1.29792
2013.03.07 00:12:26.548,1.29786,1.29792
2013.03.07 00:12:32.378,1.29785,1.29792
2013.03.07 00:12:38.510,1.29785,1.29792
2013.03.07 00:12:38.899,1.29785,1.29792
2013.03.07 00:12:45.318,1.29785,1.29791
2013.03.07 00:12:53.378,1.29786,1.29795
2013.03.07 00:12:53.439,1.29787,1.29794
2013.03.07 00:12:53.859,1.29791,1.29795
2013.03.07 00:12:53.979,1.29793,1.29798
2013.03.07 00:12:55.598,1.29794,1.29801
2013.03.07 00:12:56.068,1.29792,1.29799
2013.03.07 00:12:56.248,1.29792,1.29799
2013.03.07 00:12:58.198,1.29792,1.29797
2013.03.07 00:13:02.409,1.2979,1.29796
2013.03.07 00:13:02.708,1.29788,1.29794
2013.03.07 00:13:06.198,1.29788,1.29794
2013.03.07 00:13:06.438,1.29786,1.29792
2013.03.07 00:13:07.233,1.29786,1.29792
2013.03.07 00:13:09.748,1.29786,1.29793
2013.03.07 00:13:33.824,1.29786,1.29794
2013.03.07 00:13:48.770,1.2979,1.29794
2013.03.07 00:14:17.371,1.29787,1.29795
2013.03.07 00:14:26.828,1.29787,1.29795
2013.03.07 00:14:30.818,1.29787,1.29795
2013.03.07 00:14:32.868,1.29787,1.29795
2013.03.07 00:14:52.268,1.29786,1.29793
2013.03.07 00:14:52.522,1.29786,1.29794
2013.03.07 00:15:05.909,1.29787,1.29794
2013.03.07 00:15:09.209,1.29787,1.29794
2013.03.07 00:15:09.328,1.29786,1.29793
2013.03.07 00:15:09.389,1.29786,1.29793
2013.03.07 00:15:12.438,1.29786,1.29793
2013.03.07 00:15:13.289,1.29786,1.29793
2013.03.07 00:15:13.528,1.29786,1.29793
2013.03.07 00:15:13.888,1.29784,1.29793
2013.03.07 00:15:17.468,1.29784,1.29793
2013.03.07 00:15:46.259,1.29785,1.29792
2013.03.07 00:15:46.609,1.29785,1.29792
2013.03.07 00:15:47.019,1.29785,1.29793
2013.03.07 00:15:47.563,1.29787,1.29795
2013.03.07 00:15:48.202,1.29789,1.29795
2013.03.07 00:15:48.521,1.29794,1.29802
2013.03.07 00:15:48.591,1.29794,1.29804
2013.03.07 00:15:48.830,1.29795,1.29804
2013.03.07 00:15:49.135,1.29795,1.29804
2013.03.07 00:15:49.501,1.29799,1.29806
2013.03.07 00:15:50.260,1.29798,1.29806
2013.03.07 00:15:50.391,1.29798,1.29806
2013.03.07 00:15:50.520,1.29795,1.29803
2013.03.07 00:15:50.699,1.29795,1.29801
2013.03.07 00:15:50.819,1.29795,1.29801
2013.03.07 00:15:51.249,1.29795,1.29801
2013.03.07 00:15:51.430,1.29792,1.29799
2013.03.07 00:15:51.609,1.29791,1.29797
2013.03.07 00:15:51.849,1.2979,1.29797
2013.03.07 00:15:52.581,1.29785,1.29794
2013.03.07 00:15:52.648,1.29786,1.29794
2013.03.07 00:15:58.979,1.29785,1.2979
2013.03.07 00:15:59.039,1.29785,1.2979
2013.03.07 00:15:59.439,1.29782,1.2979
2013.03.07 00:16:01.591,1.29782,1.29789
2013.03.07 00:16:01.829,1.29779,1.29786
2013.03.07 00:16:02.012,1.29779,1.29783
2013.03.07 00:16:02.140,1.2977,1.29782
2013.03.07 00:16:02.441,1.29773,1.2978
2013.03.07 00:16:03.153,1.29778,1.29786
2013.03.07 00:16:03.224,1.29778,1.29786
2013.03.07 00:16:06.979,1.29779,1.29786
2013.03.07 00:16:07.139,1.29778,1.29785
2013.03.07 00:16:09.941,1.2978,1.29789
2013.03.07 00:16:10.060,1.2978,1.29788
2013.03.07 00:16:10.598,1.29783,1.29792
2013.03.07 00:16:12.508,1.29783,1.29791
2013.03.07 00:16:16.352,1.29783,1.29791
2013.03.07 00:16:26.750,1.29783,1.29792
2013.03.07 00:16:32.990,1.29783,1.29788
2013.03.07 00:16:33.169,1.2978,1.29786
2013.03.07 00:16:33.289,1.2978,1.29785
2013.03.07 00:16:33.472,1.29778,1.29785
2013.03.07 00:16:33.540,1.29777,1.29785
2013.03.07 00:16:35.489,1.29776,1.29783
2013.03.07 00:16:42.199,1.29776,1.29784
2013.03.07 00:16:42.260,1.29778,1.29785
2013.03.07 00:16:44.191,1.29778,1.29783
2013.03.07 00:16:45.091,1.29778,1.29785
2013.03.07 00:16:45.210,1.29775,1.29779
2013.03.07 00:16:45.389,1.29765,1.29775
2013.03.07 00:16:45.749,1.29766,1.29772
2013.03.07 00:16:45.809,1.29765,1.29772
2013.03.07 00:16:45.929,1.29765,1.29772
2013.03.07 00:16:46.418,1.29766,1.29773
2013.03.07 00:16:46.661,1.29771,1.29775
2013.03.07 00:16:46.780,1.29772,1.29781
2013.03.07 00:16:47.270,1.29773,1.2978
2013.03.07 00:16:47.828,1.29773,1.29781
2013.03.07 00:16:48.369,1.29773,1.29781
2013.03.07 00:16:49.438,1.29773,1.29781
2013.03.07 00:16:51.319,1.29774,1.29781
2013.03.07 00:16:51.500,1.29774,1.29781
2013.03.07 00:16:52.009,1.29775,1.29781
2013.03.07 00:16:52.819,1.29774,1.29782
2013.03.07 00:16:53.124,1.29767,1.29775
2013.03.07 00:16:53.189,1.29766,1.29774
2013.03.07 00:16:53.729,1.29764,1.2977
2013.03.07 00:16:53.849,1.29764,1.2977
2013.03.07 00:17:04.359,1.29761,1.29766
2013.03.07 00:17:04.480,1.29761,1.29766
2013.03.07 00:17:04.659,1.29756,1.29764
2013.03.07 00:17:04.779,1.29756,1.29763
2013.03.07 00:17:05.138,1.29757,1.29763
2013.03.07 00:17:06.090,1.29757,1.29767
2013.03.07 00:17:06.212,1.29759,1.29767
2013.03.07 00:17:11.339,1.29758,1.29765
2013.03.07 00:17:11.459,1.29757,1.29763
2013.03.07 00:17:13.939,1.29756,1.29764
2013.03.07 00:17:15.200,1.29756,1.29765
2013.03.07 00:17:15.758,1.29756,1.29764
2013.03.07 00:17:17.458,1.29756,1.29766
2013.03.07 00:17:17.518,1.29758,1.29766
2013.03.07 00:17:20.952,1.29761,1.29769
2013.03.07 00:17:22.441,1.29763,1.29769
2013.03.07 00:17:22.979,1.29762,1.29767
2013.03.07 00:17:24.899,1.29762,1.29767
2013.03.07 00:17:25.520,1.29762,1.29767
2013.03.07 00:17:27.799,1.2976,1.29768
2013.03.07 00:17:27.919,1.29756,1.29764
2013.03.07 00:17:27.980,1.29756,1.29764
2013.03.07 00:17:32.411,1.29758,1.29763
2013.03.07 00:17:32.770,1.29762,1.2977
2013.03.07 00:17:33.129,1.29762,1.29768
2013.03.07 00:17:33.880,1.29762,1.29768
2013.03.07 00:17:34.419,1.29762,1.29768
2013.03.07 00:17:37.351,1.29762,1.29768
2013.03.07 00:17:38.171,1.29764,1.29774
2013.03.07 00:17:38.230,1.29765,1.29775
2013.03.07 00:17:38.290,1.29766,1.29775
2013.03.07 00:17:38.650,1.2977,1.29778
2013.03.07 00:17:38.951,1.29771,1.29777
2013.03.07 00:17:39.139,1.29771,1.29777
2013.03.07 00:17:40.310,1.29771,1.29778
2013.03.07 00:17:40.821,1.29769,1.29774
2013.03.07 00:17:40.999,1.29765,1.29775
2013.03.07 00:17:41.119,1.29765,1.29773
2013.03.07 00:17:41.658,1.29764,1.29773
2013.03.07 00:17:46.601,1.2977,1.29776
2013.03.07 00:17:46.660,1.29771,1.29777
2013.03.07 00:17:46.721,1.29772,1.29777
2013.03.07 00:17:46.899,1.29774,1.2978
2013.03.07 00:17:47.439,1.29774,1.29782
2013.03.07 00:17:48.101,1.29774,1.2978
2013.03.07 00:17:57.608,1.29773,1.2978
2013.03.07 00:18:00.988,1.29774,1.29781
2013.03.07 00:18:01.870,1.29776,1.29782
2013.03.07 00:18:02.228,1.29775,1.29782
2013.03.07 00:18:07.084,1.29774,1.29781
2013.03.07 00:18:07.391,1.29772,1.29782
2013.03.07 00:18:08.007,1.29773,1.2978
2013.03.07 00:18:20.729,1.29772,1.2978
2013.03.07 00:18:21.030,1.29766,1.29773
2013.03.07 00:18:22.739,1.29766,1.29775
2013.03.07 00:18:24.001,1.29766,1.29774
2013.03.07 00:18:36.509,1.29764,1.29772
2013.03.07 00:18:37.039,1.29764,1.29772
2013.03.07 00:18:44.659,1.29764,1.29772
2013.03.07 00:18:44.839,1.29764,1.29772
2013.03.07 00:18:52.930,1.29764,1.29772
2013.03.07 00:18:56.089,1.29764,1.29772
2013.03.07 00:18:58.058,1.29766,1.29772
2013.03.07 00:18:59.420,1.29766,1.29772
2013.03.07 00:19:01.330,1.29766,1.29774
2013.03.07 00:19:02.379,1.29766,1.29773
2013.03.07 00:19:06.759,1.29766,1.29773
2013.03.07 00:19:09.400,1.29766,1.29775
2013.03.07 00:19:11.479,1.29768,1.29774
2013.03.07 00:19:12.079,1.29766,1.29774
2013.03.07 00:19:14.259,1.29768,1.29775
2013.03.07 00:19:14.440,1.29767,1.29775
2013.03.07 00:19:14.559,1.29768,1.29776
2013.03.07 00:19:14.680,1.2977,1.29777
2013.03.07 00:19:14.920,1.29773,1.2978
2013.03.07 00:19:15.447,1.29773,1.2978
2013.03.07 00:19:15.770,1.29771,1.29779
2013.03.07 00:19:15.949,1.2977,1.29778
2013.03.07 00:19:16.190,1.29769,1.29777
2013.03.07 00:19:17.080,1.29768,1.29775
2013.03.07 00:19:24.618,1.29768,1.29776
2013.03.07 00:19:26.769,1.29768,1.29773
2013.03.07 00:19:26.830,1.29764,1.29772
2013.03.07 00:19:26.890,1.29764,1.29772
2013.03.07 00:19:26.949,1.29764,1.29771
2013.03.07 00:19:27.251,1.29761,1.29766
2013.03.07 00:19:27.369,1.29757,1.29765
2013.03.07 00:19:27.669,1.29757,1.29764
2013.03.07 00:19:28.410,1.29757,1.29764
2013.03.07 00:19:30.080,1.2976,1.29764
2013.03.07 00:19:30.140,1.29761,1.29764
2013.03.07 00:19:30.200,1.29761,1.29769
2013.03.07 00:19:30.319,1.29761,1.29768
2013.03.07 00:19:30.440,1.29761,1.29769
2013.03.07 00:19:30.799,1.29763,1.29771
2013.03.07 00:19:30.859,1.29764,1.29772
2013.03.07 00:19:32.788,1.29765,1.29773
2013.03.07 00:19:34.969,1.29764,1.29773
2013.03.07 00:19:35.031,1.29766,1.29773
2013.03.07 00:19:35.568,1.29765,1.29773
2013.03.07 00:19:36.608,1.29765,1.29772
2013.03.07 00:19:37.470,1.29765,1.29773
2013.03.07 00:19:38.378,1.29764,1.29772
2013.03.07 00:19:38.811,1.29764,1.29772
2013.03.07 00:19:39.348,1.29763,1.2977
2013.03.07 00:19:42.020,1.29765,1.29773
2013.03.07 00:19:42.879,1.29765,1.29773
2013.03.07 00:19:42.999,1.29766,1.29773
2013.03.07 00:19:43.179,1.29765,1.29773
2013.03.07 00:19:44.684,1.29765,1.29772
2013.03.07 00:19:45.599,1.29766,1.29772
2013.03.07 00:19:48.099,1.29766,1.29772
2013.03.07 00:19:55.439,1.29765,1.29773
2013.03.07 00:19:56.589,1.29765,1.29773
2013.03.07 00:20:01.677,1.29765,1.29773
2013.03.07 00:20:04.369,1.29766,1.29772
2013.03.07 00:20:04.430,1.29766,1.29771
2013.03.07 00:20:04.550,1.29764,1.29771
2013.03.07 00:20:04.969,1.29764,1.29771
2013.03.07 00:20:05.760,1.29764,1.29769
2013.03.07 00:20:06.438,1.29763,1.29769
2013.03.07 00:20:07.000,1.29762,1.29769
2013.03.07 00:20:07.421,1.2976,1.29767
2013.03.07 00:20:07.729,1.29758,1.29765
2013.03.07 00:20:10.789,1.2976,1.29765
2013.03.07 00:20:14.149,1.2976,1.29764
2013.03.07 00:20:14.210,1.29759,1.29764
2013.03.07 00:20:18.289,1.2976,1.29764
2013.03.07 00:20:19.020,1.29761,1.2977
2013.03.07 00:20:19.139,1.29764,1.29771
2013.03.07 00:20:19.679,1.29766,1.29772
2013.03.07 00:20:22.630,1.29766,1.29771
2013.03.07 00:20:23.249,1.29765,1.2977
2013.03.07 00:20:23.489,1.29764,1.29772
2013.03.07 00:20:23.669,1.29766,1.29774
2013.03.07 00:20:23.851,1.2977,1.29775
2013.03.07 00:20:23.970,1.29772,1.2978
2013.03.07 00:20:24.089,1.29773,1.2978
2013.03.07 00:20:24.209,1.29773,1.2978
2013.03.07 00:20:24.269,1.29774,1.2978
2013.03.07 00:20:24.570,1.29774,1.29781
2013.03.07 00:20:24.630,1.29775,1.29781
2013.03.07 00:20:30.209,1.29776,1.29781
2013.03.07 00:20:35.584,1.29776,1.29781
2013.03.07 00:20:39.731,1.29775,1.29781
2013.03.07 00:20:42.802,1.29775,1.29783
2013.03.07 00:20:49.239,1.29775,1.29781
2013.03.07 00:21:05.110,1.29777,1.29783
2013.03.07 00:21:13.279,1.29775,1.29781
2013.03.07 00:21:13.401,1.29773,1.29779
2013.03.07 00:21:13.460,1.29771,1.29779
2013.03.07 00:21:13.519,1.2977,1.29779
2013.03.07 00:21:19.545,1.29778,1.29784
2013.03.07 00:21:19.609,1.29777,1.29784
2013.03.07 00:21:20.149,1.29777,1.29784
2013.03.07 00:21:20.390,1.29776,1.29781
2013.03.07 00:21:20.510,1.29774,1.29779
2013.03.07 00:21:20.571,1.29774,1.29779
2013.03.07 00:21:20.630,1.29771,1.29779
2013.03.07 00:21:20.690,1.29771,1.29779
2013.03.07 00:21:20.809,1.29767,1.29776
2013.03.07 00:21:21.349,1.29767,1.29774
2013.03.07 00:21:23.950,1.29767,1.29774
2013.03.07 00:21:25.880,1.29767,1.29774
2013.03.07 00:21:26.361,1.29767,1.29773
2013.03.07 00:21:26.862,1.29765,1.29771
2013.03.07 00:21:27.950,1.29762,1.29767
2013.03.07 00:21:28.010,1.29759,1.29765
2013.03.07 00:21:28.069,1.29758,1.29765
2013.03.07 00:21:28.609,1.29758,1.29764
2013.03.07 00:21:28.910,1.29757,1.29763
2013.03.07 00:21:30.341,1.29762,1.29766
2013.03.07 00:21:30.460,1.29764,1.2977
2013.03.07 00:21:30.699,1.29766,1.29772
2013.03.07 00:21:31.327,1.29767,1.29771
2013.03.07 00:21:33.649,1.29767,1.29772
2013.03.07 00:21:34.271,1.29767,1.29772
2013.03.07 00:21:37.149,1.29767,1.29772
2013.03.07 00:21:37.929,1.29767,1.29775
2013.03.07 00:21:39.070,1.29767,1.29774
2013.03.07 00:21:39.609,1.29767,1.29772
2013.03.07 00:21:40.409,1.29767,1.2977
2013.03.07 00:21:40.529,1.29761,1.29769
2013.03.07 00:21:40.589,1.29759,1.29766
2013.03.07 00:21:41.130,1.29758,1.29764
2013.03.07 00:21:42.721,1.29761,1.29765
2013.03.07 00:21:42.780,1.29761,1.29766
2013.03.07 00:21:42.959,1.2976,1.29764
2013.03.07 00:21:43.019,1.29759,1.29764
2013.03.07 00:21:43.200,1.29764,1.29769
2013.03.07 00:21:43.740,1.29764,1.29771
2013.03.07 00:21:45.119,1.29764,1.29771
2013.03.07 00:21:49.520,1.29764,1.29772
2013.03.07 00:21:52.499,1.29765,1.29771
2013.03.07 00:21:52.680,1.29765,1.29772
2013.03.07 00:21:52.799,1.29765,1.29773
2013.03.07 00:21:52.862,1.29765,1.29773
2013.03.07 00:21:53.409,1.29766,1.29775
2013.03.07 00:21:57.379,1.29767,1.29775
2013.03.07 00:21:57.620,1.29769,1.29777
2013.03.07 00:21:57.922,1.29772,1.29781
2013.03.07 00:21:58.099,1.29773,1.29782
2013.03.07 00:21:58.220,1.29773,1.29782
2013.03.07 00:21:59.871,1.29776,1.29784
2013.03.07 00:21:59.940,1.29776,1.29784
2013.03.07 00:22:02.961,1.29776,1.29784
2013.03.07 00:22:03.022,1.29776,1.29783
2013.03.07 00:22:03.672,1.29774,1.29783
2013.03.07 00:22:06.021,1.29778,1.29783
2013.03.07 00:22:06.081,1.29778,1.29783
2013.03.07 00:22:06.260,1.2978,1.29787
2013.03.07 00:22:06.321,1.29783,1.29788
2013.03.07 00:22:06.561,1.29782,1.29788
2013.03.07 00:22:06.742,1.29781,1.29787
2013.03.07 00:22:06.806,1.29777,1.29785
2013.03.07 00:22:07.109,1.29776,1.29785
2013.03.07 00:22:07.169,1.29776,1.29785
2013.03.07 00:22:09.900,1.29775,1.29784
2013.03.07 00:22:10.649,1.29774,1.29783
2013.03.07 00:22:11.159,1.29773,1.29782
2013.03.07 00:22:12.048,1.29773,1.29779
2013.03.07 00:22:12.170,1.2977,1.29776
2013.03.07 00:22:12.290,1.29768,1.29776
2013.03.07 00:22:12.350,1.29766,1.29774
2013.03.07 00:22:12.711,1.29766,1.29774
2013.03.07 00:22:12.769,1.29766,1.29774
2013.03.07 00:22:14.069,1.29765,1.29774
2013.03.07 00:22:14.610,1.29765,1.29774
2013.03.07 00:22:15.184,1.29765,1.29774
2013.03.07 00:22:17.409,1.29767,1.29774
2013.03.07 00:22:17.529,1.29768,1.29776
2013.03.07 00:22:17.890,1.29768,1.29778
2013.03.07 00:22:17.949,1.29768,1.29778
2013.03.07 00:22:18.010,1.29768,1.29778
2013.03.07 00:22:18.549,1.2977,1.29775
2013.03.07 00:22:18.971,1.29774,1.29783
2013.03.07 00:22:19.091,1.29774,1.29782
2013.03.07 00:22:20.750,1.29774,1.29781
2013.03.07 00:22:20.870,1.29772,1.29779
2013.03.07 00:22:20.990,1.29772,1.29777
2013.03.07 00:22:21.110,1.29767,1.29775
2013.03.07 00:22:21.170,1.29766,1.29772
2013.03.07 00:22:21.290,1.29762,1.29769
2013.03.07 00:22:21.590,1.29761,1.29767
2013.03.07 00:22:21.651,1.29759,1.29765
2013.03.07 00:22:21.842,1.29759,1.29764
2013.03.07 00:22:22.022,1.29758,1.29763
2013.03.07 00:22:22.559,1.29758,1.29763
2013.03.07 00:22:23.350,1.2976,1.29765
2013.03.07 00:22:23.412,1.29761,1.29765
2013.03.07 00:22:23.484,1.29764,1.29769
2013.03.07 00:22:23.553,1.29765,1.29772
2013.03.07 00:22:23.621,1.29765,1.29772
2013.03.07 00:22:23.681,1.29764,1.29769
2013.03.07 00:22:23.801,1.29764,1.29767
2013.03.07 00:22:24.327,1.29763,1.29767
2013.03.07 00:22:24.394,1.29759,1.29767
2013.03.07 00:22:24.729,1.29759,1.29766
2013.03.07 00:22:24.790,1.29759,1.29764
2013.03.07 00:22:24.910,1.29756,1.29764
2013.03.07 00:22:25.150,1.29756,1.29762
2013.03.07 00:22:28.821,1.29755,1.29762
2013.03.07 00:22:29.121,1.29756,1.29764
2013.03.07 00:22:29.480,1.29756,1.29764
2013.03.07 00:22:29.671,1.29756,1.29764
2013.03.07 00:22:30.691,1.29756,1.29764
2013.03.07 00:22:30.811,1.29753,1.29761
2013.03.07 00:22:31.115,1.29752,1.2976
2013.03.07 00:22:31.240,1.29752,1.2976
2013.03.07 00:22:31.780,1.29753,1.29762
2013.03.07 00:22:32.199,1.29752,1.29761
2013.03.07 00:22:32.761,1.29751,1.29761
2013.03.07 00:22:33.059,1.29751,1.29761
2013.03.07 00:22:33.668,1.29751,1.29761
2013.03.07 00:22:36.569,1.29751,1.29761
2013.03.07 00:22:36.878,1.29751,1.29761
2013.03.07 00:22:38.261,1.29753,1.29763
2013.03.07 00:22:47.864,1.29754,1.29763
2013.03.07 00:22:50.115,1.29754,1.29759
2013.03.07 00:22:50.180,1.29753,1.29758
2013.03.07 00:22:50.420,1.29752,1.29757
2013.03.07 00:22:50.540,1.29746,1.29757
2013.03.07 00:22:51.089,1.29748,1.29756
2013.03.07 00:22:51.390,1.29751,1.29756
2013.03.07 00:22:51.449,1.29751,1.29758
2013.03.07 00:22:51.569,1.29752,1.2976
2013.03.07 00:22:51.929,1.29755,1.29762
2013.03.07 00:22:52.350,1.29755,1.29765
2013.03.07 00:22:52.470,1.29757,1.29765
2013.03.07 00:22:52.531,1.2976,1.29766
2013.03.07 00:22:52.712,1.29763,1.29768
2013.03.07 00:22:52.772,1.29763,1.2977
2013.03.07 00:22:52.900,1.29765,1.29772
2013.03.07 00:22:53.021,1.29764,1.29772
2013.03.07 00:22:53.259,1.29765,1.29773
2013.03.07 00:22:56.670,1.29764,1.29774
2013.03.07 00:22:56.730,1.29764,1.29774
2013.03.07 00:22:57.089,1.29764,1.29774
2013.03.07 00:23:11.450,1.29764,1.29771
2013.03.07 00:23:11.690,1.29761,1.29769
2013.03.07 00:23:21.792,1.29761,1.29771
2013.03.07 00:23:29.380,1.29762,1.29771
2013.03.07 00:23:29.440,1.29762,1.29771
2013.03.07 00:23:32.169,1.29763,1.29773
2013.03.07 00:23:38.180,1.29765,1.29775
2013.03.07 00:23:38.646,1.2977,1.29776
2013.03.07 00:23:38.723,1.29774,1.29781
2013.03.07 00:23:38.980,1.29773,1.29783
2013.03.07 00:23:39.528,1.29773,1.29782
2013.03.07 00:23:43.710,1.29772,1.29783
2013.03.07 00:23:43.889,1.29771,1.29778
2013.03.07 00:23:44.070,1.29769,1.29777
2013.03.07 00:23:44.613,1.29766,1.29775
2013.03.07 00:23:49.499,1.29766,1.29775
2013.03.07 00:23:52.562,1.29765,1.29774
2013.03.07 00:23:55.089,1.29764,1.29773
2013.03.07 00:23:55.209,1.29764,1.29772
2013.03.07 00:23:55.769,1.29762,1.29772
2013.03.07 00:24:03.929,1.29761,1.29771
2013.03.07 00:24:07.593,1.29761,1.29771
2013.03.07 00:24:14.031,1.2976,1.29769
2013.03.07 00:24:14.150,1.29759,1.29765
2013.03.07 00:24:14.509,1.29757,1.29765
2013.03.07 00:24:17.600,1.29759,1.29768
2013.03.07 00:24:17.660,1.29761,1.29768
2013.03.07 00:24:17.720,1.29759,1.29766
2013.03.07 00:24:17.900,1.29759,1.29766
2013.03.07 00:24:28.072,1.29759,1.29766
2013.03.07 00:24:28.490,1.29761,1.29769
2013.03.07 00:24:28.730,1.29767,1.29773
2013.03.07 00:24:28.790,1.29767,1.29773
2013.03.07 00:24:29.150,1.29768,1.29773
2013.03.07 00:24:30.023,1.29767,1.29774
2013.03.07 00:24:44.220,1.29767,1.29775
2013.03.07 00:24:44.760,1.29771,1.29775
2013.03.07 00:24:45.119,1.29772,1.29779
2013.03.07 00:24:45.359,1.29773,1.29782
2013.03.07 00:24:46.261,1.29775,1.29782
2013.03.07 00:24:46.570,1.29779,1.29785
2013.03.07 00:24:46.814,1.29779,1.29785
2013.03.07 00:24:48.499,1.29777,1.29788
2013.03.07 00:24:48.859,1.29786,1.29793
2013.03.07 00:24:49.419,1.29784,1.29793
2013.03.07 00:24:50.511,1.29787,1.29793
2013.03.07 00:24:50.870,1.29789,1.29793
2013.03.07 00:24:51.651,1.29787,1.29794
2013.03.07 00:24:52.175,1.29787,1.29795
2013.03.07 00:24:52.809,1.29787,1.29795
2013.03.07 00:24:53.109,1.29785,1.29793
2013.03.07 00:24:53.753,1.29786,1.29793
2013.03.07 00:24:59.121,1.29786,1.29793
2013.03.07 00:24:59.181,1.29786,1.29793
2013.03.07 00:24:59.781,1.2978,1.29788
2013.03.07 00:24:59.900,1.29779,1.29786
2013.03.07 00:25:00.441,1.29777,1.29786
2013.03.07 00:25:00.970,1.29777,1.29786
2013.03.07 00:25:01.299,1.29776,1.29786
2013.03.07 00:25:02.690,1.29775,1.29785
2013.03.07 00:25:03.050,1.29772,1.29779
2013.03.07 00:25:03.170,1.2977,1.29779
2013.03.07 00:25:03.289,1.29768,1.29778
2013.03.07 00:25:03.709,1.2977,1.29779
2013.03.07 00:25:04.190,1.29769,1.29779
2013.03.07 00:25:04.800,1.2977,1.29779
2013.03.07 00:25:05.220,1.29773,1.29781
2013.03.07 00:25:05.780,1.29774,1.29782
2013.03.07 00:25:21.900,1.29775,1.29783
2013.03.07 00:25:22.079,1.29775,1.29783
2013.03.07 00:25:22.919,1.29775,1.29783
2013.03.07 00:25:34.000,1.29776,1.29786
2013.03.07 00:25:36.769,1.29777,1.29786
2013.03.07 00:25:36.890,1.29781,1.29788
2013.03.07 00:25:37.071,1.29783,1.29792
2013.03.07 00:25:37.432,1.29786,1.29795
2013.03.07 00:25:43.249,1.29786,1.29795
2013.03.07 00:25:45.223,1.29786,1.29791
2013.03.07 00:25:45.580,1.29785,1.29791
2013.03.07 00:25:45.890,1.29783,1.29791
2013.03.07 00:25:52.064,1.29783,1.29789
2013.03.07 00:25:52.192,1.29778,1.29783
2013.03.07 00:25:52.311,1.29778,1.29788
2013.03.07 00:25:52.430,1.2978,1.29789
2013.03.07 00:25:52.670,1.29782,1.29791
2013.03.07 00:25:52.850,1.29782,1.29791
2013.03.07 00:25:53.427,1.29782,1.29792
2013.03.07 00:25:53.983,1.29782,1.29793
2013.03.07 00:25:56.239,1.29782,1.29792
2013.03.07 00:25:56.420,1.29782,1.2979
2013.03.07 00:25:56.480,1.2978,1.29789
2013.03.07 00:25:56.600,1.2978,1.29788
2013.03.07 00:25:56.960,1.29778,1.29786
2013.03.07 00:25:57.262,1.29776,1.29784
2013.03.07 00:26:00.062,1.29776,1.29785
2013.03.07 00:26:12.286,1.29779,1.29788
2013.03.07 00:26:12.590,1.29783,1.2979
2013.03.07 00:26:12.650,1.29783,1.29793
2013.03.07 00:26:31.360,1.29785,1.29793
2013.03.07 00:27:08.943,1.29785,1.29794
2013.03.07 00:27:09.145,1.29786,1.29794
2013.03.07 00:27:09.569,1.29784,1.29794
2013.03.07 00:27:12.539,1.29784,1.29795
2013.03.07 00:27:16.260,1.29785,1.29795
2013.03.07 00:27:16.690,1.29787,1.29795
2013.03.07 00:27:23.399,1.29784,1.29795
2013.03.07 00:27:28.799,1.29784,1.29794
2013.03.07 00:27:57.399,1.29784,1.29795
2013.03.07 00:28:06.452,1.29786,1.29795
2013.03.07 00:28:14.759,1.29784,1.29795
2013.03.07 00:28:32.069,1.29783,1.29793
2013.03.07 00:28:32.310,1.29783,1.29792
2013.03.07 00:28:33.442,1.29782,1.29791
2013.03.07 00:28:34.489,1.2978,1.29788
2013.03.07 00:28:38.210,1.2978,1.29787
2013.03.07 00:28:38.392,1.29776,1.2978
2013.03.07 00:28:38.461,1.29772,1.2978
2013.03.07 00:28:39.000,1.2977,1.29778
2013.03.07 00:28:39.577,1.29769,1.29777
2013.03.07 00:28:40.781,1.29771,1.29778
2013.03.07 00:28:41.320,1.29771,1.29778
2013.03.07 00:28:43.040,1.2977,1.29779
2013.03.07 00:28:50.970,1.2977,1.29777
2013.03.07 00:28:51.509,1.29771,1.29777
2013.03.07 00:28:52.051,1.29771,1.29777
2013.03.07 00:28:56.181,1.29769,1.29775
2013.03.07 00:28:56.480,1.29765,1.29774
2013.03.07 00:28:56.600,1.29765,1.29773
2013.03.07 00:28:57.771,1.29766,1.29772
2013.03.07 00:28:57.950,1.29768,1.29775
2013.03.07 00:29:02.660,1.29768,1.29775
2013.03.07 00:29:03.201,1.29765,1.29773
2013.03.07 00:29:05.160,1.29767,1.29774
2013.03.07 00:29:05.639,1.29767,1.29774
2013.03.07 00:29:05.761,1.29765,1.29772
2013.03.07 00:29:06.830,1.29762,1.29771
2013.03.07 00:29:10.960,1.29762,1.29771
2013.03.07 00:29:12.290,1.29762,1.29771
2013.03.07 00:29:12.590,1.29763,1.29772
2013.03.07 00:29:13.559,1.29762,1.29772
2013.03.07 00:29:16.500,1.29762,1.29772
2013.03.07 00:29:17.761,1.29763,1.29772
2013.03.07 00:29:18.319,1.29763,1.29772
2013.03.07 00:29:19.629,1.29763,1.29772
2013.03.07 00:29:20.450,1.29763,1.29772
2013.03.07 00:29:21.459,1.29763,1.29772
2013.03.07 00:29:22.740,1.29763,1.29772
2013.03.07 00:29:25.550,1.29763,1.29772
2013.03.07 00:29:27.382,1.29767,1.29773
2013.03.07 00:29:27.681,1.29765,1.29772
2013.03.07 00:29:27.742,1.29765,1.29772
2013.03.07 00:29:27.981,1.29763,1.29769
2013.03.07 00:29:28.341,1.29762,1.29769
2013.03.07 00:29:28.581,1.29762,1.29772
2013.03.07 00:29:28.641,1.29762,1.29769
2013.03.07 00:29:28.940,1.29765,1.29774
2013.03.07 00:29:29.361,1.29765,1.29773
2013.03.07 00:29:29.480,1.29765,1.29773
2013.03.07 00:29:32.290,1.29764,1.29773
2013.03.07 00:29:32.470,1.29765,1.29773
2013.03.07 00:29:32.530,1.29766,1.29773
2013.03.07 00:29:33.070,1.29767,1.29773
2013.03.07 00:29:33.591,1.29766,1.29775
2013.03.07 00:29:36.340,1.29767,1.29776
2013.03.07 00:29:36.880,1.29766,1.29775
2013.03.07 00:29:39.500,1.29766,1.29776
2013.03.07 00:29:40.080,1.29767,1.29776
2013.03.07 00:29:40.381,1.29771,1.29776
2013.03.07 00:29:40.740,1.29776,1.29784
2013.03.07 00:29:40.859,1.29776,1.29785
2013.03.07 00:29:41.409,1.29776,1.29784
2013.03.07 00:29:41.588,1.29776,1.29785
2013.03.07 00:29:43.360,1.29776,1.29784
2013.03.07 00:29:51.970,1.29776,1.29785
2013.03.07 00:29:53.960,1.29776,1.29784
2013.03.07 00:30:03.363,1.29772,1.29781
2013.03.07 00:30:03.495,1.29772,1.2978
2013.03.07 00:30:03.802,1.29766,1.29775
2013.03.07 00:30:04.340,1.29766,1.29775
2013.03.07 00:30:04.741,1.29765,1.29774
2013.03.07 00:30:05.160,1.29764,1.29773
2013.03.07 00:30:05.521,1.29764,1.29773
2013.03.07 00:30:05.643,1.29764,1.29773
2013.03.07 00:30:05.771,1.29764,1.29773
2013.03.07 00:30:06.011,1.29764,1.29773
2013.03.07 00:30:07.050,1.29764,1.29772
2013.03.07 00:30:07.351,1.29765,1.29775
2013.03.07 00:30:07.410,1.29768,1.29778
2013.03.07 00:30:07.473,1.29768,1.29778
2013.03.07 00:30:07.780,1.29773,1.29782
2013.03.07 00:30:10.970,1.29771,1.29782
2013.03.07 00:30:11.330,1.29772,1.29782
2013.03.07 00:30:12.311,1.29774,1.29782
2013.03.07 00:30:12.834,1.29774,1.29784
2013.03.07 00:30:17.231,1.29778,1.29787
2013.03.07 00:30:18.633,1.29778,1.29788
2013.03.07 00:30:19.212,1.29776,1.29788
2013.03.07 00:30:23.501,1.29776,1.29787
2013.03.07 00:30:23.928,1.29776,1.29787
2013.03.07 00:30:27.730,1.29776,1.29787
2013.03.07 00:30:34.270,1.29776,1.29787
2013.03.07 00:30:34.390,1.29777,1.29787
2013.03.07 00:30:34.451,1.29777,1.29784
2013.03.07 00:30:34.571,1.29777,1.29782
2013.03.07 00:30:34.873,1.29769,1.29778
2013.03.07 00:30:35.182,1.29768,1.29778
2013.03.07 00:30:35.720,1.29767,1.29775
2013.03.07 00:30:37.711,1.29767,1.29775
2013.03.07 00:30:38.681,1.29767,1.29777
2013.03.07 00:30:39.791,1.29767,1.29777
2013.03.07 00:30:40.789,1.2977,1.29779
2013.03.07 00:30:40.868,1.29772,1.29782
2013.03.07 00:30:41.592,1.29771,1.29779
2013.03.07 00:30:41.651,1.2977,1.29778
2013.03.07 00:30:41.709,1.2977,1.29777
2013.03.07 00:30:41.770,1.2977,1.29776
2013.03.07 00:30:42.071,1.2977,1.29775
2013.03.07 00:30:43.251,1.29768,1.29775
2013.03.07 00:30:44.301,1.29769,1.29778
2013.03.07 00:30:44.361,1.29769,1.29778
2013.03.07 00:30:57.840,1.29771,1.29781
2013.03.07 00:30:57.901,1.29773,1.29781
2013.03.07 00:30:57.961,1.29773,1.29781
2013.03.07 00:30:58.879,1.29774,1.29784
2013.03.07 00:31:00.740,1.29776,1.29784
2013.03.07 00:31:01.262,1.29776,1.29784
2013.03.07 00:31:03.861,1.29775,1.29784
2013.03.07 00:31:04.400,1.29773,1.29783
2013.03.07 00:31:04.700,1.29773,1.29782
2013.03.07 00:31:06.592,1.29775,1.29783
2013.03.07 00:31:06.950,1.29776,1.29783
2013.03.07 00:31:07.492,1.29775,1.29784
2013.03.07 00:31:08.070,1.29776,1.29784
2013.03.07 00:31:08.913,1.29774,1.29784
2013.03.07 00:31:10.125,1.29774,1.29783
2013.03.07 00:31:10.970,1.29772,1.29779
2013.03.07 00:31:11.094,1.29771,1.29779
2013.03.07 00:31:11.221,1.29768,1.29778
2013.03.07 00:31:13.890,1.29768,1.29777
2013.03.07 00:31:14.070,1.29768,1.29777
2013.03.07 00:31:14.630,1.2977,1.2978
2013.03.07 00:31:15.170,1.2977,1.2978
2013.03.07 00:31:15.731,1.2977,1.29778
2013.03.07 00:31:16.603,1.29769,1.29774
2013.03.07 00:31:16.672,1.29767,1.29774
2013.03.07 00:31:16.730,1.29767,1.29774
2013.03.07 00:31:16.851,1.29767,1.29774
2013.03.07 00:31:17.401,1.29764,1.29774
2013.03.07 00:31:19.761,1.29764,1.29774
2013.03.07 00:31:20.300,1.29766,1.29774
2013.03.07 00:31:20.421,1.29767,1.29775
2013.03.07 00:31:20.781,1.29769,1.29777
2013.03.07 00:31:25.632,1.29768,1.29776
2013.03.07 00:31:36.031,1.2977,1.29777
2013.03.07 00:31:36.271,1.29772,1.29779
2013.03.07 00:31:38.611,1.29774,1.29783
2013.03.07 00:31:39.193,1.29775,1.29783
2013.03.07 00:31:44.500,1.29774,1.29783
2013.03.07 00:32:03.800,1.29772,1.29781
2013.03.07 00:32:04.311,1.29772,1.2978
2013.03.07 00:32:07.161,1.29769,1.29777
2013.03.07 00:32:07.221,1.29768,1.29776
2013.03.07 00:32:07.460,1.29764,1.29774
2013.03.07 00:32:12.960,1.29769,1.29776
2013.03.07 00:32:13.021,1.2977,1.29778
2013.03.07 00:32:13.261,1.29771,1.29781
2013.03.07 00:32:13.562,1.29771,1.29781
2013.03.07 00:32:13.920,1.29771,1.29776
2013.03.07 00:32:14.160,1.29765,1.29774
2013.03.07 00:32:18.440,1.29764,1.29772
2013.03.07 00:32:18.742,1.29762,1.29768
2013.03.07 00:32:18.811,1.29759,1.29766
2013.03.07 00:32:19.351,1.29756,1.29764
2013.03.07 00:32:20.110,1.29756,1.29764
2013.03.07 00:32:20.561,1.29758,1.29765
2013.03.07 00:32:20.922,1.29762,1.29769
2013.03.07 00:32:21.160,1.29764,1.29773
2013.03.07 00:32:25.461,1.29764,1.29772
2013.03.07 00:32:26.561,1.29763,1.2977
2013.03.07 00:32:27.070,1.29762,1.29769
2013.03.07 00:32:27.430,1.29764,1.29772
2013.03.07 00:32:27.973,1.29764,1.29772
2013.03.07 00:32:28.589,1.29764,1.2977
2013.03.07 00:32:29.101,1.29764,1.29772
2013.03.07 00:32:36.301,1.29765,1.29771
2013.03.07 00:32:36.543,1.29761,1.29768
2013.03.07 00:32:37.155,1.2976,1.29768
2013.03.07 00:32:37.521,1.29762,1.29769
2013.03.07 00:32:43.040,1.29764,1.29773
2013.03.07 00:32:43.162,1.2977,1.29774
2013.03.07 00:32:43.281,1.2977,1.29778
2013.03.07 00:32:43.341,1.2977,1.29777
2013.03.07 00:32:43.641,1.29766,1.29775
2013.03.07 00:32:43.821,1.29765,1.29773
2013.03.07 00:32:44.360,1.29764,1.29772
2013.03.07 00:32:48.820,1.29764,1.29771
2013.03.07 00:32:48.940,1.29763,1.29771
2013.03.07 00:32:52.264,1.29763,1.29773
2013.03.07 00:33:04.671,1.29764,1.29774
2013.03.07 00:33:08.610,1.29763,1.29773
2013.03.07 00:33:17.000,1.29762,1.29771
2013.03.07 00:33:17.301,1.29762,1.29771
2013.03.07 00:33:18.620,1.29762,1.2977
2013.03.07 00:33:20.073,1.29762,1.29771
2013.03.07 00:33:31.250,1.29762,1.29771
2013.03.07 00:33:39.591,1.2976,1.29767
2013.03.07 00:33:39.657,1.29757,1.29766
2013.03.07 00:33:40.200,1.29756,1.29766
2013.03.07 00:33:42.001,1.29756,1.29765
2013.03.07 00:33:46.201,1.29757,1.29765
2013.03.07 00:33:46.321,1.29759,1.29766
2013.03.07 00:33:46.442,1.29762,1.29769
2013.03.07 00:33:46.502,1.29762,1.29769
2013.03.07 00:33:46.561,1.29762,1.2977
2013.03.07 00:33:47.100,1.29764,1.29774
2013.03.07 00:33:47.471,1.29766,1.29774
2013.03.07 00:33:47.830,1.29769,1.29776
2013.03.07 00:33:48.191,1.29773,1.2978
2013.03.07 00:33:48.490,1.29773,1.2978
2013.03.07 00:33:48.791,1.29769,1.29777
2013.03.07 00:33:49.034,1.29772,1.29778
2013.03.07 00:33:49.161,1.2977,1.29778
2013.03.07 00:33:49.280,1.29769,1.29777
2013.03.07 00:33:49.822,1.29767,1.29776
2013.03.07 00:33:50.327,1.29769,1.29777
2013.03.07 00:33:52.679,1.29768,1.29776
2013.03.07 00:33:53.211,1.29767,1.29775
2013.03.07 00:33:53.571,1.29766,1.29772
2013.03.07 00:33:53.750,1.29764,1.29771
2013.03.07 00:33:53.870,1.29764,1.29772
2013.03.07 00:33:54.590,1.29764,1.29773
2013.03.07 00:34:02.449,1.29765,1.29773
2013.03.07 00:34:07.850,1.29766,1.29773
2013.03.07 00:34:08.407,1.29767,1.29775
2013.03.07 00:34:08.940,1.29767,1.29775
2013.03.07 00:34:09.000,1.29767,1.29774
2013.03.07 00:34:10.290,1.29767,1.29774
2013.03.07 00:34:10.350,1.29767,1.29774
2013.03.07 00:34:18.941,1.29767,1.29774
2013.03.07 00:34:19.242,1.29769,1.29777
2013.03.07 00:34:19.363,1.29769,1.29777
2013.03.07 00:34:19.551,1.29775,1.29779
2013.03.07 00:34:19.670,1.29775,1.29782
2013.03.07 00:34:21.180,1.29775,1.29782
2013.03.07 00:34:21.301,1.29774,1.29779
2013.03.07 00:34:21.483,1.2977,1.29778
2013.03.07 00:34:21.540,1.29768,1.29777
2013.03.07 00:34:21.780,1.29767,1.29775
2013.03.07 00:34:28.101,1.29768,1.29775
2013.03.07 00:34:35.790,1.29767,1.29775
2013.03.07 00:34:44.412,1.29767,1.29774
2013.03.07 00:34:44.942,1.29767,1.29775
2013.03.07 00:34:46.764,1.29767,1.29775
2013.03.07 00:34:53.921,1.29766,1.29775
2013.03.07 00:34:54.041,1.29766,1.29775
2013.03.07 00:34:56.941,1.29767,1.29775
2013.03.07 00:35:01.427,1.29768,1.29775
2013.03.07 00:35:04.163,1.2977,1.29779
2013.03.07 00:35:04.464,1.29774,1.29781
2013.03.07 00:35:04.531,1.29775,1.29782
2013.03.07 00:35:05.131,1.29774,1.29781
2013.03.07 00:35:08.912,1.29772,1.29777
2013.03.07 00:35:09.031,1.29768,1.29777
2013.03.07 00:35:09.841,1.29768,1.29777
2013.03.07 00:35:11.521,1.29768,1.29777
2013.03.07 00:35:11.581,1.29768,1.29776
2013.03.07 00:35:13.070,1.29768,1.29774
2013.03.07 00:35:13.191,1.29768,1.29773
2013.03.07 00:35:13.814,1.29766,1.29773
2013.03.07 00:35:14.520,1.29768,1.29775
2013.03.07 00:35:17.052,1.29769,1.29776
2013.03.07 00:35:17.411,1.29774,1.29781
2013.03.07 00:35:17.771,1.29775,1.29781
2013.03.07 00:35:19.080,1.29775,1.29781
2013.03.07 00:35:19.681,1.29774,1.29779
2013.03.07 00:35:19.860,1.29769,1.29777
2013.03.07 00:35:19.920,1.29768,1.29777
2013.03.07 00:35:21.031,1.29767,1.29775
2013.03.07 00:35:21.091,1.29767,1.29774
2013.03.07 00:35:21.450,1.29765,1.29772
2013.03.07 00:35:22.271,1.29765,1.29774
2013.03.07 00:35:32.480,1.29765,1.29774
2013.03.07 00:35:32.601,1.29765,1.29773
2013.03.07 00:35:32.671,1.29764,1.29773
2013.03.07 00:35:34.190,1.29765,1.29773
2013.03.07 00:35:34.491,1.29766,1.29776
2013.03.07 00:35:34.550,1.29767,1.29776
2013.03.07 00:35:39.470,1.29769,1.29777
2013.03.07 00:35:39.591,1.29769,1.29777
2013.03.07 00:35:43.081,1.2977,1.29778
2013.03.07 00:35:43.861,1.29771,1.29779
2013.03.07 00:35:44.220,1.29773,1.29781
2013.03.07 00:35:45.730,1.29773,1.29781
2013.03.07 00:35:46.031,1.29775,1.29783
2013.03.07 00:35:48.271,1.29774,1.29781
2013.03.07 00:35:48.709,1.29773,1.29781
2013.03.07 00:35:56.771,1.29772,1.29781
2013.03.07 00:36:00.942,1.2977,1.29778
2013.03.07 00:36:01.001,1.2977,1.29778
2013.03.07 00:36:01.301,1.29771,1.2978
2013.03.07 00:36:01.840,1.29772,1.2978
2013.03.07 00:36:11.022,1.29769,1.29778
2013.03.07 00:36:11.081,1.29768,1.29775
2013.03.07 00:36:11.261,1.29768,1.29775
2013.03.07 00:36:11.571,1.29769,1.29777
2013.03.07 00:36:11.931,1.29772,1.29779
2013.03.07 00:36:12.501,1.29774,1.29781
2013.03.07 00:36:13.050,1.29774,1.29783
2013.03.07 00:36:24.840,1.29776,1.29783
2013.03.07 00:36:25.141,1.29778,1.29785
2013.03.07 00:36:26.161,1.29778,1.29785
2013.03.07 00:36:26.640,1.2978,1.29787
2013.03.07 00:36:26.701,1.2978,1.29787
2013.03.07 00:36:27.262,1.2978,1.29787
2013.03.07 00:36:30.610,1.29779,1.29787
2013.03.07 00:36:30.791,1.29779,1.29785
2013.03.07 00:36:32.511,1.29779,1.29786
2013.03.07 00:36:34.336,1.29775,1.29784
2013.03.07 00:36:35.690,1.29775,1.29784
2013.03.07 00:36:39.024,1.29782,1.29788
2013.03.07 00:36:39.161,1.29782,1.29789
2013.03.07 00:36:39.762,1.29782,1.2979
2013.03.07 00:36:40.851,1.29782,1.2979
2013.03.07 00:36:41.461,1.29782,1.29787
2013.03.07 00:36:41.642,1.29781,1.29788
2013.03.07 00:36:41.822,1.29779,1.29786
2013.03.07 00:36:42.361,1.29778,1.29787
2013.03.07 00:36:42.952,1.29777,1.29785
2013.03.07 00:36:43.071,1.29779,1.29786
2013.03.07 00:36:44.392,1.29777,1.29785
2013.03.07 00:36:44.511,1.29778,1.29787
2013.03.07 00:36:46.182,1.29778,1.29787
2013.03.07 00:36:54.373,1.29777,1.29785
2013.03.07 00:36:54.910,1.29777,1.29785
2013.03.07 00:36:55.981,1.29777,1.29784
2013.03.07 00:36:56.340,1.29777,1.29784
2013.03.07 00:36:56.941,1.29776,1.29785
2013.03.07 00:36:57.000,1.29776,1.29785
2013.03.07 00:36:57.061,1.29776,1.29785
2013.03.07 00:37:01.143,1.29777,1.29785
2013.03.07 00:37:02.343,1.29777,1.29785
2013.03.07 00:37:09.171,1.29777,1.29785
2013.03.07 00:37:09.291,1.29777,1.29784
2013.03.07 00:37:18.481,1.29776,1.29785
2013.03.07 00:37:19.021,1.29775,1.29784
2013.03.07 00:37:20.835,1.29775,1.29783
2013.03.07 00:37:20.905,1.29775,1.29783
2013.03.07 00:37:25.762,1.29776,1.29781
2013.03.07 00:37:26.251,1.29776,1.29784
2013.03.07 00:37:26.430,1.29774,1.29784
2013.03.07 00:37:26.732,1.29776,1.29784
2013.03.07 00:37:27.781,1.29778,1.29786
2013.03.07 00:37:29.086,1.29778,1.29786
2013.03.07 00:37:29.590,1.29778,1.29786
2013.03.07 00:37:31.411,1.29778,1.29786
2013.03.07 00:37:32.012,1.29778,1.29785
2013.03.07 00:37:43.438,1.29778,1.29786
2013.03.07 00:37:43.950,1.29778,1.29786
2013.03.07 00:37:45.750,1.29778,1.29786
2013.03.07 00:37:47.000,1.29778,1.29786
2013.03.07 00:37:50.111,1.29777,1.29786
2013.03.07 00:37:50.171,1.29775,1.29784
2013.03.07 00:37:50.231,1.29775,1.29784
2013.03.07 00:37:50.771,1.29775,1.29784
2013.03.07 00:37:50.832,1.29777,1.29785
2013.03.07 00:37:50.893,1.29777,1.29785
2013.03.07 00:37:53.351,1.29775,1.29785
2013.03.07 00:37:53.911,1.29775,1.29785
2013.03.07 00:37:54.591,1.29775,1.29784
2013.03.07 00:37:58.742,1.29775,1.29783
2013.03.07 00:37:58.922,1.2977,1.29778
2013.03.07 00:37:59.164,1.29768,1.29777
2013.03.07 00:37:59.291,1.29768,1.29775
2013.03.07 00:37:59.351,1.29766,1.29774
2013.03.07 00:37:59.897,1.29764,1.29773
2013.03.07 00:38:05.909,1.29766,1.29774
2013.03.07 00:38:06.030,1.29767,1.29776
2013.03.07 00:38:06.761,1.29769,1.29777
2013.03.07 00:38:06.881,1.29769,1.29777
2013.03.07 00:38:07.553,1.2977,1.2978
2013.03.07 00:38:07.682,1.29772,1.29781
2013.03.07 00:38:07.862,1.29774,1.29782
2013.03.07 00:38:08.166,1.29772,1.29781
2013.03.07 00:38:14.070,1.29774,1.29781
2013.03.07 00:38:14.390,1.29774,1.29781
2013.03.07 00:38:20.461,1.29773,1.29782
2013.03.07 00:38:20.581,1.29772,1.2978
2013.03.07 00:38:20.762,1.29772,1.29781
2013.03.07 00:38:21.841,1.29774,1.29782
2013.03.07 00:38:22.660,1.29773,1.29781
2013.03.07 00:38:29.111,1.29772,1.2978
2013.03.07 00:38:29.171,1.29772,1.2978
2013.03.07 00:38:29.423,1.29771,1.29781
2013.03.07 00:38:29.492,1.29772,1.29781
2013.03.07 00:38:30.701,1.29773,1.29782
2013.03.07 00:38:31.852,1.29774,1.29781
2013.03.07 00:38:39.441,1.29774,1.29782
2013.03.07 00:38:41.711,1.29776,1.29782
2013.03.07 00:38:41.771,1.29776,1.29782
2013.03.07 00:38:41.892,1.29775,1.29782
2013.03.07 00:38:42.071,1.29776,1.29784
2013.03.07 00:38:42.373,1.29779,1.29786
2013.03.07 00:38:42.434,1.29782,1.29786
2013.03.07 00:38:42.492,1.29782,1.29786
2013.03.07 00:38:42.793,1.29782,1.29789
2013.03.07 00:38:42.851,1.29782,1.29789
2013.03.07 00:38:43.031,1.29782,1.29789
2013.03.07 00:38:56.441,1.29778,1.29786
2013.03.07 00:38:56.621,1.29778,1.29785
2013.03.07 00:38:57.171,1.29774,1.29784
2013.03.07 00:39:02.271,1.29774,1.29781
2013.03.07 00:39:02.572,1.29773,1.29779
2013.03.07 00:39:02.692,1.29773,1.29779
2013.03.07 00:39:02.991,1.29769,1.29777
2013.03.07 00:39:03.051,1.29769,1.29777
2013.03.07 00:39:03.591,1.29768,1.29776
2013.03.07 00:39:04.131,1.29768,1.29776
2013.03.07 00:39:04.253,1.2977,1.29777
2013.03.07 00:39:04.790,1.29771,1.2978
2013.03.07 00:39:04.850,1.29773,1.2978
2013.03.07 00:39:05.031,1.29773,1.29781
2013.03.07 00:39:05.589,1.29774,1.29783
2013.03.07 00:39:07.361,1.29774,1.29784
2013.03.07 00:39:20.093,1.29775,1.29783
2013.03.07 00:39:20.271,1.29773,1.2978
2013.03.07 00:39:20.331,1.29772,1.2978
2013.03.07 00:39:20.391,1.2977,1.29778
2013.03.07 00:39:20.700,1.2977,1.29777
2013.03.07 00:39:21.871,1.2977,1.29777
2013.03.07 00:39:21.931,1.2977,1.29777
2013.03.07 00:39:22.291,1.29771,1.29779
2013.03.07 00:39:22.782,1.29771,1.29779
2013.03.07 00:39:23.021,1.29769,1.29776
2013.03.07 00:39:23.561,1.29768,1.29778
2013.03.07 00:39:24.113,1.29768,1.29775
2013.03.07 00:39:30.051,1.29768,1.29775
2013.03.07 00:39:30.391,1.29767,1.29775
2013.03.07 00:39:33.101,1.29767,1.29776
2013.03.07 00:39:33.221,1.2977,1.29776
2013.03.07 00:39:33.402,1.29771,1.29779
2013.03.07 00:39:33.461,1.29771,1.2978
2013.03.07 00:39:33.821,1.29775,1.29783
2013.03.07 00:39:34.002,1.29775,1.29784
2013.03.07 00:39:40.982,1.29776,1.29785
2013.03.07 00:39:46.943,1.29775,1.29784
2013.03.07 00:39:57.231,1.29774,1.29783
2013.03.07 00:40:00.203,1.29775,1.29784
2013.03.07 00:40:01.811,1.29774,1.29783
2013.03.07 00:40:03.408,1.29775,1.29784
2013.03.07 00:40:10.651,1.29775,1.29784
2013.03.07 00:40:10.952,1.29773,1.29779
2013.03.07 00:40:11.131,1.29771,1.29779
2013.03.07 00:40:11.371,1.29772,1.29778
2013.03.07 00:40:11.672,1.29775,1.29783
2013.03.07 00:40:11.732,1.29773,1.29782
2013.03.07 00:40:12.031,1.29775,1.29784
2013.03.07 00:40:31.701,1.29773,1.29783
2013.03.07 00:40:32.242,1.29773,1.29781
2013.03.07 00:40:33.831,1.29773,1.29781
2013.03.07 00:40:34.080,1.29771,1.2978
2013.03.07 00:40:34.321,1.29773,1.29781
2013.03.07 00:40:34.621,1.29775,1.29784
2013.03.07 00:40:39.470,1.29775,1.29784
2013.03.07 00:40:43.321,1.29772,1.2978
2013.03.07 00:40:43.860,1.29772,1.2978
2013.03.07 00:40:45.691,1.29772,1.29781
2013.03.07 00:40:46.229,1.29771,1.29778
2013.03.07 00:40:47.330,1.29771,1.29778
2013.03.07 00:40:47.851,1.29771,1.29778
2013.03.07 00:40:48.150,1.29774,1.29781
2013.03.07 00:40:58.971,1.29774,1.29783
2013.03.07 00:40:59.032,1.29774,1.29783
2013.03.07 00:41:02.521,1.29775,1.29783
2013.03.07 00:41:06.762,1.29775,1.29783
2013.03.07 00:41:06.821,1.29775,1.29783
2013.03.07 00:41:09.212,1.29775,1.29779
2013.03.07 00:41:09.340,1.29771,1.29779
2013.03.07 00:41:09.462,1.29771,1.29777
2013.03.07 00:41:09.522,1.29768,1.29774
2013.03.07 00:41:10.161,1.29772,1.29777
2013.03.07 00:41:10.236,1.29772,1.29782
2013.03.07 00:41:10.613,1.29775,1.29783
2013.03.07 00:41:12.621,1.29773,1.29783
2013.03.07 00:41:14.798,1.29774,1.29783
2013.03.07 00:41:24.861,1.29773,1.29783
2013.03.07 00:41:25.100,1.29777,1.29785
2013.03.07 00:41:27.231,1.29777,1.29786
2013.03.07 00:41:27.291,1.29778,1.29786
2013.03.07 00:41:27.892,1.29778,1.29787
2013.03.07 00:41:28.430,1.29778,1.29787
2013.03.07 00:41:30.380,1.29779,1.29788
2013.03.07 00:41:30.975,1.29778,1.29787
2013.03.07 00:41:31.521,1.29778,1.29785
2013.03.07 00:41:32.881,1.29778,1.29785
2013.03.07 00:41:34.718,1.29776,1.29783
2013.03.07 00:41:34.796,1.29774,1.29783
2013.03.07 00:41:45.432,1.29773,1.29781
2013.03.07 00:41:45.971,1.29769,1.29778
2013.03.07 00:41:46.031,1.29769,1.29779
2013.03.07 00:41:47.975,1.29769,1.29779
2013.03.07 00:41:48.052,1.29769,1.29777
2013.03.07 00:42:02.092,1.29766,1.29774
2013.03.07 00:42:02.211,1.29764,1.29772
2013.03.07 00:42:02.271,1.29764,1.29772
2013.03.07 00:42:02.821,1.29764,1.29771
2013.03.07 00:42:04.182,1.29762,1.29771
2013.03.07 00:42:04.867,1.29762,1.29771
2013.03.07 00:42:10.771,1.29762,1.29771
2013.03.07 00:42:11.131,1.29765,1.29775
2013.03.07 00:42:26.602,1.2977,1.29778
2013.03.07 00:42:26.721,1.29771,1.2978
2013.03.07 00:42:26.782,1.29772,1.2978
2013.03.07 00:42:28.904,1.29773,1.2978
2013.03.07 00:42:29.031,1.29769,1.29776
2013.03.07 00:42:29.091,1.29768,1.29776
2013.03.07 00:42:29.153,1.29766,1.29774
2013.03.07 00:42:29.213,1.29764,1.29772
2013.03.07 00:42:29.750,1.29764,1.29772
2013.03.07 00:42:36.971,1.29764,1.29772
2013.03.07 00:42:37.150,1.29764,1.29772
2013.03.07 00:42:40.140,1.29764,1.29772
2013.03.07 00:42:46.161,1.29764,1.29773
2013.03.07 00:42:55.581,1.29763,1.29772
2013.03.07 00:43:08.782,1.29762,1.29771
2013.03.07 00:43:09.081,1.29762,1.29771
2013.03.07 00:43:09.155,1.29762,1.29771
2013.03.07 00:43:09.698,1.29763,1.29771
2013.03.07 00:43:14.051,1.29763,1.29771
2013.03.07 00:43:14.741,1.29763,1.29771
2013.03.07 00:43:15.223,1.2976,1.29768
2013.03.07 00:43:15.581,1.29757,1.29765
2013.03.07 00:43:15.941,1.29757,1.29764
2013.03.07 00:43:16.871,1.29757,1.29765
2013.03.07 00:43:17.110,1.29757,1.29765
2013.03.07 00:43:23.314,1.29759,1.29768
2013.03.07 00:43:24.101,1.29759,1.29767
2013.03.07 00:43:24.402,1.29756,1.29764
2013.03.07 00:43:25.191,1.29756,1.29765
2013.03.07 00:43:25.731,1.29756,1.29766
2013.03.07 00:43:28.341,1.29756,1.29766
2013.03.07 00:43:28.581,1.29758,1.29768
2013.03.07 00:43:28.892,1.29762,1.2977
2013.03.07 00:43:29.022,1.29762,1.29771
2013.03.07 00:43:29.570,1.29764,1.29772
2013.03.07 00:43:34.400,1.29764,1.29771
2013.03.07 00:43:34.461,1.29764,1.29769
2013.03.07 00:43:34.702,1.29761,1.29768
2013.03.07 00:43:34.761,1.29761,1.29768
2013.03.07 00:43:35.001,1.29758,1.29766
2013.03.07 00:43:35.541,1.29758,1.29766
2013.03.07 00:43:40.251,1.2976,1.29767
2013.03.07 00:43:40.371,1.2976,1.29769
2013.03.07 00:43:40.491,1.29761,1.2977
2013.03.07 00:43:40.611,1.29763,1.29771
2013.03.07 00:43:41.151,1.29764,1.29772
2013.03.07 00:43:42.641,1.29764,1.29772
2013.03.07 00:43:42.704,1.29766,1.29774
2013.03.07 00:43:43.246,1.29766,1.29775
2013.03.07 00:43:43.751,1.29766,1.29775
2013.03.07 00:43:44.100,1.29767,1.29777
2013.03.07 00:43:52.231,1.29769,1.29777
2013.03.07 00:43:52.351,1.29769,1.29777
2013.03.07 00:43:52.471,1.29769,1.29777
2013.03.07 00:44:01.802,1.29769,1.29777
2013.03.07 00:44:02.532,1.29769,1.29776
2013.03.07 00:44:08.116,1.29768,1.29776
2013.03.07 00:44:08.421,1.29765,1.29774
2013.03.07 00:44:10.441,1.29765,1.29774
2013.03.07 00:44:11.852,1.29764,1.29772
2013.03.07 00:44:12.452,1.29764,1.29772
2013.03.07 00:44:14.882,1.29764,1.2977
2013.03.07 00:44:15.002,1.29764,1.2977
2013.03.07 00:44:15.543,1.29762,1.29772
2013.03.07 00:44:21.342,1.29765,1.29773
2013.03.07 00:44:21.641,1.29765,1.29774
2013.03.07 00:44:22.671,1.29765,1.29774
2013.03.07 00:44:25.532,1.29765,1.29774
2013.03.07 00:44:31.101,1.29765,1.29775
2013.03.07 00:44:32.111,1.29765,1.29775
2013.03.07 00:44:35.541,1.29765,1.29775
2013.03.07 00:44:38.361,1.29765,1.29775
2013.03.07 00:44:42.601,1.29765,1.29775
2013.03.07 00:44:45.251,1.29767,1.29775
2013.03.07 00:44:45.613,1.29769,1.29777
2013.03.07 00:44:46.173,1.29771,1.2978
2013.03.07 00:44:46.253,1.29773,1.29784
2013.03.07 00:44:46.322,1.29775,1.29784
2013.03.07 00:44:47.281,1.29775,1.29785
2013.03.07 00:44:48.281,1.29776,1.29785
2013.03.07 00:44:50.021,1.29778,1.29786
2013.03.07 00:44:51.166,1.29778,1.29784
2013.03.07 00:44:51.471,1.29774,1.29782
2013.03.07 00:44:51.532,1.29774,1.29782
2013.03.07 00:44:52.072,1.29774,1.2978
2013.03.07 00:44:52.132,1.29774,1.2978
2013.03.07 00:44:52.251,1.29772,1.2978
2013.03.07 00:44:52.671,1.29768,1.29777
2013.03.07 00:44:53.872,1.29768,1.29777
2013.03.07 00:44:55.381,1.29768,1.29777
2013.03.07 00:44:55.591,1.29768,1.29778
2013.03.07 00:44:55.652,1.29768,1.29778
2013.03.07 00:44:56.191,1.29771,1.2978
2013.03.07 00:44:57.124,1.2977,1.29779
2013.03.07 00:44:58.672,1.29769,1.29779
2013.03.07 00:44:58.733,1.29769,1.29779
2013.03.07 00:44:59.271,1.29767,1.29775
2013.03.07 00:45:03.442,1.29767,1.29777
2013.03.07 00:45:04.946,1.29767,1.29773
2013.03.07 00:45:05.192,1.29761,1.29768
2013.03.07 00:45:05.312,1.29757,1.29763
2013.03.07 00:45:05.971,1.29757,1.29763
2013.03.07 00:45:06.270,1.29757,1.29765
2013.03.07 00:45:09.001,1.29757,1.29767
2013.03.07 00:45:13.001,1.29757,1.29766
2013.03.07 00:45:13.062,1.29756,1.29765
2013.03.07 00:45:13.123,1.29754,1.29764
2013.03.07 00:45:13.301,1.29754,1.29764
2013.03.07 00:45:15.906,1.29757,1.29764
2013.03.07 00:45:16.451,1.29757,1.29765
2013.03.07 00:45:16.752,1.29758,1.29767
2013.03.07 00:45:16.992,1.29761,1.29767
2013.03.07 00:45:17.052,1.29762,1.29769
2013.03.07 00:45:17.123,1.29762,1.29769
2013.03.07 00:45:17.302,1.29764,1.29773
2013.03.07 00:45:17.662,1.29762,1.2977
2013.03.07 00:45:17.963,1.29761,1.29769
2013.03.07 00:45:18.321,1.29759,1.29769
2013.03.07 00:45:20.922,1.29759,1.29766
2013.03.07 00:45:22.098,1.2976,1.29767
2013.03.07 00:45:24.441,1.29762,1.29768
2013.03.07 00:45:24.502,1.29762,1.29769
2013.03.07 00:45:24.804,1.29765,1.29773
2013.03.07 00:45:24.862,1.29766,1.29775
2013.03.07 00:45:25.233,1.29767,1.29775
2013.03.07 00:45:26.101,1.29766,1.29775
2013.03.07 00:45:35.204,1.29764,1.29773
2013.03.07 00:45:38.211,1.29766,1.29773
2013.03.07 00:45:55.641,1.29766,1.29774
2013.03.07 00:46:11.222,1.29766,1.29774
2013.03.07 00:46:12.285,1.29766,1.29776
2013.03.07 00:46:12.352,1.29772,1.29776
2013.03.07 00:46:12.731,1.29773,1.29781
2013.03.07 00:46:12.932,1.29773,1.29781
2013.03.07 00:46:13.052,1.29773,1.29781
2013.03.07 00:46:20.582,1.29773,1.29781
2013.03.07 00:46:20.642,1.29772,1.2978
2013.03.07 00:46:20.821,1.2977,1.29778
2013.03.07 00:46:41.631,1.29772,1.29777
2013.03.07 00:46:46.651,1.29772,1.29778
2013.03.07 00:46:46.959,1.29774,1.29779
2013.03.07 00:46:53.221,1.29772,1.2978
2013.03.07 00:46:53.634,1.29774,1.29781
2013.03.07 00:46:54.141,1.29776,1.29784
2013.03.07 00:46:54.804,1.29776,1.29784
2013.03.07 00:47:08.593,1.29774,1.29781
2013.03.07 00:47:08.834,1.29776,1.29783
2013.03.07 00:47:10.191,1.29776,1.29783
2013.03.07 00:47:17.273,1.29776,1.29783
2013.03.07 00:47:19.802,1.29776,1.29783
2013.03.07 00:47:23.812,1.29775,1.29783
2013.03.07 00:47:25.172,1.29773,1.29781
2013.03.07 00:47:25.353,1.29773,1.2978
2013.03.07 00:47:25.414,1.2977,1.29778
2013.03.07 00:47:25.472,1.2977,1.29777
2013.03.07 00:47:25.973,1.29768,1.29776
2013.03.07 00:47:27.134,1.29768,1.29774
2013.03.07 00:47:29.092,1.29765,1.29774
2013.03.07 00:47:31.002,1.29767,1.29775
2013.03.07 00:47:31.542,1.29767,1.29775
2013.03.07 00:47:32.112,1.29767,1.29775
2013.03.07 00:47:32.875,1.29767,1.29775
2013.03.07 00:47:35.763,1.29769,1.29775
2013.03.07 00:47:35.823,1.2977,1.29775
2013.03.07 00:47:36.692,1.29771,1.29778
2013.03.07 00:47:37.232,1.29773,1.29779
2013.03.07 00:47:38.003,1.29772,1.29778
2013.03.07 00:47:38.362,1.29772,1.29776
2013.03.07 00:47:40.782,1.29772,1.29778
2013.03.07 00:47:40.902,1.2977,1.29775
2013.03.07 00:47:41.622,1.2977,1.29777
2013.03.07 00:47:54.012,1.2977,1.29777
2013.03.07 00:47:54.191,1.29771,1.29779
2013.03.07 00:47:54.252,1.29774,1.2978
2013.03.07 00:47:54.551,1.29774,1.29781
2013.03.07 00:47:55.221,1.29774,1.29781
2013.03.07 00:47:57.102,1.29774,1.29781
2013.03.07 00:48:02.283,1.29773,1.29781
2013.03.07 00:48:05.561,1.29771,1.29778
2013.03.07 00:48:05.742,1.2977,1.29777
2013.03.07 00:48:06.282,1.2977,1.29778
2013.03.07 00:48:06.521,1.29771,1.29779
2013.03.07 00:48:06.861,1.29771,1.29779
2013.03.07 00:48:07.041,1.29771,1.29779
2013.03.07 00:48:07.822,1.29773,1.29781
2013.03.07 00:48:09.562,1.29773,1.2978
2013.03.07 00:48:10.235,1.29773,1.29781
2013.03.07 00:48:10.634,1.29773,1.2978
2013.03.07 00:48:12.639,1.29773,1.2978
2013.03.07 00:48:13.391,1.29774,1.2978
2013.03.07 00:48:13.752,1.29776,1.29782
2013.03.07 00:48:14.912,1.29776,1.29782
2013.03.07 00:48:21.973,1.29773,1.29782
2013.03.07 00:48:22.102,1.29774,1.29782
2013.03.07 00:48:25.883,1.29774,1.29782
2013.03.07 00:48:27.541,1.29773,1.29782
2013.03.07 00:48:30.132,1.29773,1.29782
2013.03.07 00:48:30.941,1.29773,1.29782
2013.03.07 00:48:32.451,1.29773,1.29782
2013.03.07 00:48:34.142,1.29773,1.29782
2013.03.07 00:48:35.921,1.29773,1.29781
2013.03.07 00:48:35.981,1.29773,1.29781
2013.03.07 00:48:36.041,1.29773,1.29782
2013.03.07 00:48:36.401,1.29773,1.29782
2013.03.07 00:48:37.364,1.29773,1.29782
2013.03.07 00:48:56.102,1.29772,1.2978
2013.03.07 00:49:06.071,1.29773,1.29781
2013.03.07 00:49:09.633,1.29772,1.29781
2013.03.07 00:49:10.821,1.29773,1.29781
2013.03.07 00:49:11.364,1.29773,1.2978
2013.03.07 00:49:17.561,1.29773,1.2978
2013.03.07 00:49:46.211,1.29774,1.2978
2013.03.07 00:49:46.721,1.29774,1.2978
2013.03.07 00:49:56.413,1.29776,1.29781
2013.03.07 00:50:01.531,1.29776,1.2978
2013.03.07 00:50:27.571,1.29775,1.29781
2013.03.07 00:50:31.632,1.29777,1.29782
2013.03.07 00:50:40.632,1.29775,1.29782
2013.03.07 00:50:41.375,1.29776,1.29782
2013.03.07 00:50:43.673,1.29777,1.29783
2013.03.07 00:50:44.492,1.29777,1.29782
2013.03.07 00:50:52.563,1.29776,1.29782
2013.03.07 00:50:52.623,1.29776,1.29782
2013.03.07 00:50:57.282,1.29776,1.29782
2013.03.07 00:50:58.543,1.29777,1.29782
2013.03.07 00:50:59.773,1.29777,1.29782
2013.03.07 00:51:00.683,1.29777,1.29782
2013.03.07 00:51:01.232,1.29776,1.29781
2013.03.07 00:51:04.972,1.29776,1.29782
2013.03.07 00:51:10.183,1.29776,1.29782
2013.03.07 00:51:15.836,1.29777,1.29784
2013.03.07 00:51:16.352,1.29777,1.29784
2013.03.07 00:51:16.713,1.29778,1.29785
2013.03.07 00:51:17.612,1.29781,1.29785
2013.03.07 00:51:18.662,1.29782,1.29786
2013.03.07 00:51:18.843,1.29782,1.29789
2013.03.07 00:51:19.023,1.29782,1.29789
2013.03.07 00:51:19.538,1.29783,1.2979
2013.03.07 00:51:22.272,1.29784,1.29791
2013.03.07 00:51:26.911,1.29784,1.29791
2013.03.07 00:51:27.032,1.29784,1.29789
2013.03.07 00:51:27.273,1.29779,1.29787
2013.03.07 00:51:27.693,1.29779,1.29785
2013.03.07 00:51:28.092,1.29777,1.29783
2013.03.07 00:51:28.152,1.29776,1.29781
2013.03.07 00:51:28.333,1.29774,1.29781
2013.03.07 00:51:28.451,1.29774,1.29781
2013.03.07 00:51:28.635,1.29773,1.2978
2013.03.07 00:51:29.297,1.29774,1.29781
2013.03.07 00:51:29.362,1.29774,1.2978
2013.03.07 00:51:29.482,1.29774,1.29781
2013.03.07 00:51:29.663,1.29775,1.29783
2013.03.07 00:51:29.843,1.29776,1.29784
2013.03.07 00:51:29.902,1.29777,1.29786
2013.03.07 00:51:30.146,1.29778,1.29786
2013.03.07 00:51:30.692,1.29778,1.29786
2013.03.07 00:51:31.293,1.29778,1.29785
2013.03.07 00:51:31.653,1.29774,1.29782
2013.03.07 00:51:31.772,1.29775,1.29781
2013.03.07 00:51:31.953,1.29773,1.2978
2013.03.07 00:51:32.073,1.29774,1.2978
2013.03.07 00:51:32.802,1.29774,1.29781
2013.03.07 00:51:39.223,1.29773,1.29781
2013.03.07 00:51:39.762,1.29773,1.29779
2013.03.07 00:51:40.302,1.29773,1.29779
2013.03.07 00:51:58.623,1.29773,1.2978
2013.03.07 00:51:59.173,1.29774,1.2978
2013.03.07 00:52:01.488,1.29772,1.29781
2013.03.07 00:52:04.523,1.29771,1.29779
2013.03.07 00:52:04.884,1.2977,1.29776
2013.03.07 00:52:05.752,1.29771,1.29775
2013.03.07 00:52:05.812,1.2977,1.29778
2013.03.07 00:52:05.932,1.29772,1.29778
2013.03.07 00:52:05.992,1.29772,1.2978
2013.03.07 00:52:06.172,1.29773,1.2978
2013.03.07 00:52:07.972,1.29773,1.2978
2013.03.07 00:52:12.414,1.29773,1.2978
2013.03.07 00:52:16.512,1.29773,1.2978
2013.03.07 00:52:31.739,1.29773,1.29778
2013.03.07 00:52:31.922,1.29773,1.2978
2013.03.07 00:52:34.976,1.29773,1.2978
2013.03.07 00:52:35.523,1.29772,1.29776
2013.03.07 00:52:35.882,1.29769,1.29775
2013.03.07 00:52:37.913,1.2977,1.29775
2013.03.07 00:52:38.452,1.2977,1.29777
2013.03.07 00:52:42.092,1.29771,1.29779
2013.03.07 00:52:42.272,1.29772,1.29779
2013.03.07 00:52:42.811,1.29773,1.2978
2013.03.07 00:52:43.912,1.29773,1.29779
2013.03.07 00:52:47.153,1.29772,1.29779
2013.03.07 00:52:49.061,1.29774,1.29781
2013.03.07 00:52:52.982,1.29773,1.29781
2013.03.07 00:52:53.402,1.29769,1.29776
2013.03.07 00:52:53.702,1.29768,1.29774
2013.03.07 00:52:57.292,1.29768,1.29775
2013.03.07 00:52:58.003,1.29769,1.29778
2013.03.07 00:52:58.183,1.29771,1.29779
2013.03.07 00:53:01.504,1.29771,1.29779
2013.03.07 00:53:04.443,1.2977,1.29778
2013.03.07 00:53:04.804,1.29771,1.29776
2013.03.07 00:53:04.993,1.2977,1.29776
2013.03.07 00:53:05.532,1.2977,1.29778
2013.03.07 00:53:05.903,1.29772,1.29779
2013.03.07 00:53:06.382,1.29767,1.29774
2013.03.07 00:53:06.892,1.29765,1.29773
2013.03.07 00:53:25.883,1.29768,1.29775
2013.03.07 00:53:26.213,1.29768,1.29775
2013.03.07 00:53:27.712,1.29767,1.29775
2013.03.07 00:53:44.682,1.29766,1.29775
2013.03.07 00:53:47.282,1.29766,1.29776
2013.03.07 00:53:47.902,1.29766,1.29775
2013.03.07 00:53:51.773,1.29766,1.29775
2013.03.07 00:53:52.393,1.29766,1.29775
2013.03.07 00:53:52.932,1.29766,1.29775
2013.03.07 00:53:54.791,1.29767,1.29775
2013.03.07 00:54:04.544,1.29766,1.29773
2013.03.07 00:54:05.083,1.29766,1.29773
2013.03.07 00:54:07.872,1.29765,1.29773
2013.03.07 00:54:09.842,1.29764,1.29773
2013.03.07 00:54:10.384,1.29765,1.29769
2013.03.07 00:54:19.333,1.29764,1.29771
2013.03.07 00:54:19.633,1.29761,1.29767
2013.03.07 00:54:19.828,1.29759,1.29766
2013.03.07 00:54:19.964,1.29759,1.29765
2013.03.07 00:54:20.083,1.29759,1.29765
2013.03.07 00:54:22.122,1.29757,1.29764
2013.03.07 00:54:25.952,1.29757,1.29764
2013.03.07 00:54:27.993,1.29757,1.29765
2013.03.07 00:54:28.053,1.29758,1.29765
2013.03.07 00:54:32.852,1.29758,1.29765
2013.03.07 00:54:33.372,1.29758,1.29765
2013.03.07 00:54:33.492,1.29757,1.29765
2013.03.07 00:54:46.042,1.29757,1.29765
2013.03.07 00:54:46.583,1.29755,1.29761
2013.03.07 00:54:46.643,1.29757,1.29763
2013.03.07 00:54:46.762,1.29755,1.29763
2013.03.07 00:54:46.944,1.29755,1.29762
2013.03.07 00:54:47.509,1.29753,1.29758
2013.03.07 00:54:47.813,1.2975,1.29756
2013.03.07 00:54:48.473,1.2975,1.29757
2013.03.07 00:54:48.593,1.29753,1.29758
2013.03.07 00:54:49.683,1.29749,1.29756
2013.03.07 00:54:49.991,1.29749,1.29756
2013.03.07 00:54:50.182,1.29749,1.29756
2013.03.07 00:54:50.363,1.29748,1.29753
2013.03.07 00:54:50.423,1.29748,1.29753
2013.03.07 00:54:51.033,1.29748,1.29752
2013.03.07 00:54:51.344,1.29748,1.29753
2013.03.07 00:54:53.313,1.29748,1.29753
2013.03.07 00:54:53.434,1.29748,1.29755
2013.03.07 00:54:53.553,1.2975,1.29755
2013.03.07 00:54:53.793,1.29752,1.2976
2013.03.07 00:54:54.093,1.2975,1.29758
2013.03.07 00:54:54.152,1.2975,1.29759
2013.03.07 00:54:54.749,1.29751,1.29757
2013.03.07 00:54:55.183,1.29754,1.29761
2013.03.07 00:54:55.302,1.29754,1.29761
2013.03.07 00:54:55.604,1.29756,1.29764
2013.03.07 00:54:56.158,1.29757,1.29764
2013.03.07 00:54:59.564,1.29757,1.29764
2013.03.07 00:55:00.285,1.29757,1.29765
2013.03.07 00:55:00.835,1.29759,1.29766
2013.03.07 00:55:01.133,1.29759,1.29768
2013.03.07 00:55:01.559,1.29762,1.29771
2013.03.07 00:55:01.744,1.29768,1.29778
2013.03.07 00:55:01.802,1.29768,1.29778
2013.03.07 00:55:04.354,1.2977,1.29776
2013.03.07 00:55:04.894,1.29768,1.29777
2013.03.07 00:55:05.012,1.29768,1.29777
2013.03.07 00:55:05.133,1.29768,1.29775
2013.03.07 00:55:05.494,1.29769,1.29776
2013.03.07 00:55:06.032,1.29768,1.29776
2013.03.07 00:55:06.558,1.29768,1.29776
2013.03.07 00:55:06.863,1.29773,1.2978
2013.03.07 00:55:06.924,1.29774,1.29781
2013.03.07 00:55:07.163,1.29772,1.29779
2013.03.07 00:55:07.402,1.29771,1.29777
2013.03.07 00:55:07.464,1.29768,1.29777
2013.03.07 00:55:08.022,1.2977,1.29777
2013.03.07 00:55:11.143,1.2977,1.29778
2013.03.07 00:55:12.863,1.29772,1.29779
2013.03.07 00:55:13.464,1.29773,1.29781
2013.03.07 00:55:13.583,1.29774,1.29781
2013.03.07 00:55:13.703,1.29775,1.29781
2013.03.07 00:55:15.793,1.29775,1.2978
2013.03.07 00:55:15.857,1.29775,1.29779
2013.03.07 00:55:15.927,1.29772,1.29779
2013.03.07 00:55:15.995,1.29772,1.29779
2013.03.07 00:55:16.593,1.29772,1.2978
2013.03.07 00:55:16.653,1.29771,1.29779
2013.03.07 00:55:16.953,1.2977,1.29779
2013.03.07 00:55:17.193,1.29773,1.29779
2013.03.07 00:55:19.781,1.29772,1.29779
2013.03.07 00:55:21.873,1.29772,1.2978
2013.03.07 00:55:22.592,1.29772,1.29779
2013.03.07 00:55:23.013,1.29771,1.29777
2013.03.07 00:55:23.677,1.2977,1.29776
2013.03.07 00:55:25.743,1.29767,1.29775
2013.03.07 00:55:25.808,1.29767,1.29774
2013.03.07 00:55:26.350,1.29767,1.29774
2013.03.07 00:55:28.536,1.29766,1.29773
2013.03.07 00:55:29.893,1.29766,1.29771
2013.03.07 00:55:30.434,1.29764,1.29771
2013.03.07 00:55:30.855,1.29764,1.29771
2013.03.07 00:55:30.937,1.29769,1.29774
2013.03.07 00:55:31.123,1.29769,1.29774
2013.03.07 00:55:31.364,1.2977,1.29777
2013.03.07 00:55:31.724,1.29773,1.29777
2013.03.07 00:55:31.785,1.29773,1.29778
2013.03.07 00:55:32.205,1.29774,1.29782
2013.03.07 00:55:32.324,1.29776,1.29782
2013.03.07 00:55:34.139,1.29772,1.29781
2013.03.07 00:55:34.443,1.29772,1.29779
2013.03.07 00:55:34.623,1.29771,1.29777
2013.03.07 00:55:34.863,1.29769,1.29776
2013.03.07 00:55:35.103,1.29769,1.29776
2013.03.07 00:55:35.955,1.29769,1.29775
2013.03.07 00:55:36.552,1.29767,1.29775
2013.03.07 00:56:00.382,1.29766,1.29773
2013.03.07 00:56:01.973,1.29766,1.29773
2013.03.07 00:56:02.303,1.29766,1.29775
2013.03.07 00:56:04.556,1.29766,1.29775
2013.03.07 00:56:05.313,1.29766,1.29775
2013.03.07 00:56:06.690,1.29766,1.29774
2013.03.07 00:56:06.753,1.29766,1.29773
2013.03.07 00:56:06.934,1.29764,1.2977
2013.03.07 00:56:07.474,1.29763,1.29769
2013.03.07 00:56:11.871,1.29763,1.29768
2013.03.07 00:56:14.153,1.29763,1.2977
2013.03.07 00:56:14.335,1.29763,1.2977
2013.03.07 00:56:14.731,1.29763,1.2977
2013.03.07 00:56:18.813,1.29765,1.29772
2013.03.07 00:56:22.803,1.29766,1.29772
2013.03.07 00:56:26.453,1.29765,1.29771
2013.03.07 00:56:27.886,1.29766,1.29772
2013.03.07 00:56:27.954,1.29766,1.29772
2013.03.07 00:56:28.135,1.29766,1.29775
2013.03.07 00:56:28.623,1.29768,1.29776
2013.03.07 00:56:29.004,1.29767,1.29776
2013.03.07 00:56:29.573,1.29768,1.29776
2013.03.07 00:56:29.883,1.29768,1.29776
2013.03.07 00:56:34.640,1.29768,1.29776
2013.03.07 00:56:36.154,1.29771,1.29776
2013.03.07 00:56:36.906,1.29771,1.29777
2013.03.07 00:56:38.826,1.29768,1.29776
2013.03.07 00:56:38.896,1.29768,1.29776
2013.03.07 00:56:39.014,1.29768,1.29776
2013.03.07 00:56:40.784,1.29768,1.29775
2013.03.07 00:56:42.038,1.29768,1.29774
2013.03.07 00:56:47.383,1.29768,1.29774
2013.03.07 00:56:52.563,1.29768,1.29774
2013.03.07 00:56:56.331,1.29766,1.29772
2013.03.07 00:56:58.943,1.29766,1.29772
2013.03.07 00:57:01.754,1.29766,1.29772
2013.03.07 00:57:06.563,1.29766,1.29774
2013.03.07 00:57:08.107,1.29766,1.29774
2013.03.07 00:57:18.903,1.29766,1.29774
2013.03.07 00:57:23.074,1.29766,1.29774
2013.03.07 00:57:32.619,1.29766,1.29773
2013.03.07 00:57:33.164,1.29766,1.29772
2013.03.07 00:57:40.174,1.29766,1.29772
2013.03.07 00:57:55.573,1.29767,1.29773
2013.03.07 00:57:55.874,1.2977,1.29778
2013.03.07 00:57:55.994,1.2977,1.2978
2013.03.07 00:57:56.054,1.29771,1.29779
2013.03.07 00:57:56.115,1.29773,1.2978
2013.03.07 00:57:56.473,1.29773,1.2978
2013.03.07 00:57:56.833,1.29772,1.29778
2013.03.07 00:57:57.013,1.2977,1.29778
2013.03.07 00:57:57.493,1.29768,1.29776
2013.03.07 00:57:57.853,1.29768,1.29775
2013.03.07 00:57:59.484,1.29766,1.29774
2013.03.07 00:57:59.666,1.29766,1.29772
2013.03.07 00:57:59.735,1.29764,1.29771
2013.03.07 00:58:00.394,1.29765,1.29771
2013.03.07 00:58:00.634,1.29765,1.2977
2013.03.07 00:58:00.993,1.29765,1.29773
2013.03.07 00:58:01.053,1.29765,1.29773
2013.03.07 00:58:01.413,1.29765,1.29771
2013.03.07 00:58:01.916,1.29765,1.2977
2013.03.07 00:58:06.034,1.2976,1.29769
2013.03.07 00:58:06.215,1.2976,1.29767
2013.03.07 00:58:06.394,1.29757,1.29764
2013.03.07 00:58:06.575,1.29756,1.29764
2013.03.07 00:58:06.634,1.29756,1.29764
2013.03.07 00:58:06.934,1.29754,1.29761
2013.03.07 00:58:07.493,1.29754,1.2976
2013.03.07 00:58:09.743,1.29754,1.29761
2013.03.07 00:58:09.984,1.29756,1.29763
2013.03.07 00:58:10.224,1.29754,1.29761
2013.03.07 00:58:10.524,1.29754,1.29762
2013.03.07 00:58:10.646,1.29756,1.29764
2013.03.07 00:58:10.823,1.29757,1.29764
2013.03.07 00:58:11.134,1.29757,1.29765
2013.03.07 00:58:11.433,1.29757,1.29765
2013.03.07 00:58:14.947,1.29757,1.29765
2013.03.07 00:58:15.086,1.29757,1.29765
2013.03.07 00:58:15.156,1.29758,1.29765
2013.03.07 00:58:15.516,1.29759,1.29765
2013.03.07 00:58:17.091,1.2976,1.29765
2013.03.07 00:58:18.175,1.29761,1.29768
2013.03.07 00:58:18.233,1.29763,1.29772
2013.03.07 00:58:18.595,1.29758,1.29767
2013.03.07 00:58:19.073,1.29758,1.29765
2013.03.07 00:58:19.554,1.29761,1.29768
2013.03.07 00:58:19.961,1.29763,1.2977
2013.03.07 00:58:20.107,1.29761,1.29769
2013.03.07 00:58:20.945,1.29763,1.2977
2013.03.07 00:58:26.524,1.29763,1.29769
2013.03.07 00:58:26.703,1.29761,1.29768
2013.03.07 00:58:27.213,1.2976,1.29768
2013.03.07 00:58:27.834,1.2976,1.29768
2013.03.07 00:58:28.942,1.2976,1.29766
2013.03.07 00:58:29.663,1.29761,1.29769
2013.03.07 00:58:30.932,1.29761,1.29769
2013.03.07 00:58:31.174,1.29766,1.29773
2013.03.07 00:58:31.713,1.29766,1.29773
2013.03.07 00:58:32.285,1.29766,1.29773
2013.03.07 00:58:32.976,1.29765,1.29772
2013.03.07 00:58:37.443,1.29765,1.29771
2013.03.07 00:58:40.533,1.29765,1.29772
2013.03.07 00:58:43.296,1.29769,1.29774
2013.03.07 00:58:43.364,1.29769,1.29775
2013.03.07 00:58:43.483,1.29767,1.29774
2013.03.07 00:58:43.544,1.29765,1.29772
2013.03.07 00:58:43.844,1.29764,1.29772
2013.03.07 00:58:47.743,1.29764,1.29771
2013.03.07 00:58:48.154,1.29764,1.29771
2013.03.07 00:58:50.283,1.29765,1.29771
2013.03.07 00:58:50.783,1.29765,1.29771
2013.03.07 00:58:51.094,1.29767,1.29773
2013.03.07 00:58:51.693,1.29768,1.29775
2013.03.07 00:59:00.143,1.29768,1.29775
2013.03.07 00:59:04.683,1.29768,1.29775
2013.03.07 00:59:07.547,1.29768,1.29775
2013.03.07 00:59:09.314,1.29767,1.29774
2013.03.07 00:59:15.233,1.29768,1.29776
2013.03.07 00:59:17.125,1.29769,1.29776
2013.03.07 00:59:21.137,1.2977,1.29777
2013.03.07 00:59:21.205,1.29769,1.29776
2013.03.07 00:59:21.337,1.29768,1.29775
2013.03.07 00:59:21.704,1.29768,1.29775
2013.03.07 00:59:22.004,1.29769,1.29776
2013.03.07 00:59:22.375,1.29769,1.29776
2013.03.07 00:59:23.983,1.29769,1.29777
2013.03.07 00:59:24.047,1.29769,1.29776
2013.03.07 00:59:24.115,1.29768,1.29775
2013.03.07 00:59:24.685,1.29767,1.29773
2013.03.07 00:59:27.957,1.29768,1.29775
2013.03.07 00:59:28.085,1.2977,1.29776
2013.03.07 00:59:28.264,1.2977,1.29777
2013.03.07 00:59:28.384,1.29773,1.2978
2013.03.07 00:59:28.564,1.29773,1.29781
2013.03.07 00:59:33.494,1.29774,1.2978
2013.03.07 00:59:33.553,1.29771,1.29779
2013.03.07 00:59:34.113,1.29771,1.29777
2013.03.07 00:59:40.284,1.2977,1.29777
2013.03.07 00:59:40.405,1.29767,1.29774
2013.03.07 00:59:40.824,1.29767,1.29773
2013.03.07 00:59:41.373,1.29766,1.29774
2013.03.07 00:59:41.734,1.29767,1.29775
2013.03.07 00:59:41.854,1.29768,1.29775
2013.03.07 00:59:43.173,1.29768,1.29776
2013.03.07 00:59:43.724,1.29769,1.29777
2013.03.07 00:59:44.243,1.2977,1.29777
2013.03.07 00:59:48.263,1.2977,1.29775
2013.03.07 00:59:48.505,1.29767,1.29774
2013.03.07 00:59:49.103,1.29768,1.29775
2013.03.07 00:59:52.153,1.2977,1.29775
2013.03.07 00:59:52.774,1.2977,1.29775
2013.03.07 00:59:52.893,1.2977,1.29775
2013.03.07 00:59:53.437,1.2977,1.29775
2013.03.07 00:59:53.983,1.2977,1.29776
2013.03.07 00:59:54.225,1.2977,1.29777
2013.03.07 00:59:54.764,1.2977,1.29778
2013.03.07 00:59:55.856,1.29772,1.29777
2013.03.07 00:59:55.915,1.29772,1.29778
2013.03.07 00:59:56.474,1.29771,1.29778
2013.03.07 00:59:56.655,1.2977,1.29774
2013.03.07 00:59:57.175,1.29767,1.29774
2013.03.07 00:59:58.576,1.29764,1.29773
2013.03.07 00:59:58.644,1.29764,1.29773
2013.03.07 00:59:58.705,1.29765,1.29772
2013.03.07 00:59:59.816,1.29765,1.29773
2013.03.07 01:00:00.954,1.29768,1.29775
2013.03.07 01:00:01.504,1.29769,1.29775
2013.03.07 01:00:06.214,1.29768,1.29775
2013.03.07 01:00:09.113,1.29768,1.29776
2013.03.07 01:00:09.874,1.29769,1.29776
2013.03.07 01:00:09.996,1.29771,1.29778
2013.03.07 01:00:10.536,1.29773,1.2978
2013.03.07 01:00:11.125,1.29773,1.2978
2013.03.07 01:00:14.764,1.29774,1.2978
2013.03.07 01:00:15.534,1.29774,1.2978
2013.03.07 01:00:15.734,1.29774,1.2978
2013.03.07 01:00:18.363,1.29774,1.29781
2013.03.07 01:00:20.544,1.29773,1.29778
2013.03.07 01:00:20.604,1.29771,1.29778
2013.03.07 01:00:21.084,1.29771,1.29778
2013.03.07 01:00:22.885,1.29771,1.29779
2013.03.07 01:00:23.183,1.29773,1.29781
2013.03.07 01:00:23.724,1.29774,1.2978
2013.03.07 01:00:24.741,1.29773,1.2978
2013.03.07 01:00:25.275,1.29774,1.2978
2013.03.07 01:00:26.400,1.29774,1.2978
2013.03.07 01:00:26.955,1.29774,1.29781
2013.03.07 01:00:30.868,1.29774,1.29781
2013.03.07 01:00:49.075,1.29775,1.29781
2013.03.07 01:01:10.305,1.29773,1.2978
2013.03.07 01:01:12.303,1.29773,1.2978
2013.03.07 01:01:12.424,1.29773,1.2978
2013.03.07 01:01:12.544,1.29773,1.29778
2013.03.07 01:01:12.844,1.29772,1.2978
2013.03.07 01:01:12.904,1.29772,1.2978
2013.03.07 01:01:13.204,1.29773,1.2978
2013.03.07 01:01:13.743,1.29774,1.29781
2013.03.07 01:01:26.304,1.29774,1.29781
2013.03.07 01:01:26.663,1.29774,1.29779
2013.03.07 01:01:26.723,1.29774,1.2978
2013.03.07 01:01:26.963,1.29774,1.29781
2013.03.07 01:01:29.814,1.29773,1.29781
2013.03.07 01:01:34.234,1.29773,1.29781
2013.03.07 01:01:35.903,1.29773,1.29781
2013.03.07 01:01:36.145,1.29777,1.29784
2013.03.07 01:01:36.205,1.2978,1.29784
2013.03.07 01:01:36.325,1.29781,1.29788
2013.03.07 01:01:36.384,1.29781,1.29788
2013.03.07 01:01:36.685,1.29785,1.29789
2013.03.07 01:01:37.159,1.29788,1.29795
2013.03.07 01:01:37.344,1.29788,1.29795
2013.03.07 01:01:37.657,1.29789,1.29796
2013.03.07 01:01:38.035,1.29792,1.29801
2013.03.07 01:01:38.094,1.29792,1.29801
2013.03.07 01:01:38.153,1.29793,1.29801
2013.03.07 01:01:38.455,1.29793,1.298
2013.03.07 01:01:38.574,1.2979,1.29799
2013.03.07 01:01:38.815,1.2979,1.29796
2013.03.07 01:01:38.934,1.29788,1.29794
2013.03.07 01:01:39.360,1.29786,1.29792
2013.03.07 01:01:39.684,1.29785,1.2979
2013.03.07 01:01:39.874,1.2978,1.29789
2013.03.07 01:01:39.994,1.2978,1.29788
2013.03.07 01:01:40.534,1.29781,1.29789
2013.03.07 01:01:40.655,1.29782,1.2979
2013.03.07 01:01:40.774,1.29784,1.29792
2013.03.07 01:01:41.134,1.29785,1.29792
2013.03.07 01:01:42.774,1.29785,1.29794
2013.03.07 01:01:43.325,1.29785,1.29794
2013.03.07 01:01:43.684,1.29785,1.29794
2013.03.07 01:01:44.954,1.29785,1.29794
2013.03.07 01:01:45.635,1.29785,1.29794
2013.03.07 01:01:49.554,1.29786,1.29794
2013.03.07 01:01:56.720,1.29788,1.29794
2013.03.07 01:01:58.674,1.29788,1.29794
2013.03.07 01:02:00.118,1.29788,1.29794
2013.03.07 01:02:19.087,1.29786,1.29793
2013.03.07 01:02:20.395,1.29786,1.29793
2013.03.07 01:02:21.664,1.29786,1.29793
2013.03.07 01:02:22.256,1.29787,1.29793
2013.03.07 01:02:24.575,1.29785,1.29793
2013.03.07 01:02:25.248,1.29785,1.29794
2013.03.07 01:02:32.405,1.29786,1.29791
2013.03.07 01:02:34.924,1.29785,1.29791
2013.03.07 01:02:34.987,1.29783,1.29788
2013.03.07 01:02:35.058,1.29783,1.29788
2013.03.07 01:02:35.188,1.29781,1.29786
2013.03.07 01:02:35.256,1.29779,1.29785
2013.03.07 01:02:35.327,1.29779,1.29783
2013.03.07 01:02:35.455,1.29773,1.29782
2013.03.07 01:02:35.695,1.29774,1.29781
2013.03.07 01:02:36.054,1.29774,1.29781
2013.03.07 01:02:36.355,1.29774,1.29781
2013.03.07 01:02:38.463,1.29774,1.29783
2013.03.07 01:02:38.645,1.29775,1.29783
2013.03.07 01:02:38.706,1.29779,1.29783
2013.03.07 01:02:39.074,1.29782,1.2979
2013.03.07 01:02:39.135,1.29783,1.2979
2013.03.07 01:02:39.668,1.29785,1.29789
2013.03.07 01:02:40.163,1.29783,1.29789
2013.03.07 01:02:50.124,1.29783,1.29791
2013.03.07 01:02:50.425,1.29778,1.29786
2013.03.07 01:02:50.544,1.29777,1.29784
2013.03.07 01:02:50.606,1.29777,1.29784
2013.03.07 01:03:11.546,1.29778,1.29784
2013.03.07 01:03:15.954,1.29778,1.29784
2013.03.07 01:03:18.115,1.29776,1.29783
2013.03.07 01:03:18.475,1.29775,1.29783
2013.03.07 01:03:19.485,1.29774,1.29783
2013.03.07 01:03:20.125,1.29774,1.29783
2013.03.07 01:03:24.634,1.29774,1.29783
2013.03.07 01:03:29.145,1.29774,1.2978
2013.03.07 01:03:29.484,1.29772,1.2978
2013.03.07 01:03:29.973,1.29772,1.2978
2013.03.07 01:03:30.033,1.29772,1.2978
2013.03.07 01:03:34.343,1.29772,1.2978
2013.03.07 01:03:35.635,1.29772,1.2978
2013.03.07 01:03:38.174,1.29774,1.2978
2013.03.07 01:03:39.134,1.29774,1.2978
2013.03.07 01:03:41.540,1.29774,1.2978
2013.03.07 01:03:46.164,1.29774,1.29781
2013.03.07 01:03:55.527,1.29776,1.29781
2013.03.07 01:03:56.094,1.29776,1.29781
2013.03.07 01:04:07.144,1.29774,1.29781
2013.03.07 01:04:08.356,1.29774,1.29781
2013.03.07 01:04:12.184,1.29777,1.29781
2013.03.07 01:04:12.835,1.29778,1.29781
2013.03.07 01:04:14.183,1.29777,1.29781
2013.03.07 01:04:19.897,1.29776,1.29781
2013.03.07 01:04:20.464,1.29776,1.29781
2013.03.07 01:04:20.874,1.29777,1.29781
2013.03.07 01:04:21.424,1.29776,1.29781
2013.03.07 01:04:21.904,1.29778,1.29784
2013.03.07 01:04:21.966,1.29778,1.29784
2013.03.07 01:04:22.037,1.29779,1.29786
2013.03.07 01:04:22.529,1.29783,1.2979
2013.03.07 01:04:22.654,1.29786,1.29793
2013.03.07 01:04:29.645,1.29785,1.29793
2013.03.07 01:04:31.873,1.29785,1.29793
2013.03.07 01:04:34.724,1.29785,1.29793
2013.03.07 01:04:39.154,1.29785,1.29791
2013.03.07 01:04:39.668,1.29785,1.29792
2013.03.07 01:04:40.965,1.29784,1.2979
2013.03.07 01:04:41.024,1.29784,1.2979
2013.03.07 01:04:41.265,1.2978,1.29789
2013.03.07 01:04:41.685,1.29781,1.29789
2013.03.07 01:04:41.804,1.29781,1.29789
2013.03.07 01:04:42.115,1.29778,1.29786
2013.03.07 01:04:42.295,1.29778,1.29785
2013.03.07 01:04:42.625,1.29778,1.29785
2013.03.07 01:04:46.315,1.29778,1.29786
2013.03.07 01:04:46.864,1.2978,1.29787
2013.03.07 01:04:47.393,1.2978,1.29787
2013.03.07 01:05:01.404,1.29782,1.29787
2013.03.07 01:05:01.945,1.29783,1.29791
2013.03.07 01:05:02.004,1.29783,1.29789
2013.03.07 01:05:02.365,1.29783,1.2979
2013.03.07 01:05:02.555,1.29785,1.29793
2013.03.07 01:05:02.795,1.29785,1.29793
2013.03.07 01:05:03.324,1.29786,1.29794
2013.03.07 01:05:08.744,1.29786,1.29793
2013.03.07 01:05:12.295,1.29787,1.29795
2013.03.07 01:05:12.914,1.29787,1.29795
2013.03.07 01:05:18.505,1.29786,1.29794
2013.03.07 01:05:18.624,1.29787,1.29795
2013.03.07 01:05:20.765,1.29789,1.29795
2013.03.07 01:05:21.065,1.29792,1.29797
2013.03.07 01:05:21.125,1.29792,1.29801
2013.03.07 01:05:21.255,1.29796,1.29803
2013.03.07 01:05:21.805,1.29796,1.29803
2013.03.07 01:05:25.816,1.29795,1.29802
2013.03.07 01:05:29.834,1.29795,1.29802
2013.03.07 01:05:35.730,1.29795,1.29802
2013.03.07 01:05:36.075,1.29795,1.29802
2013.03.07 01:05:36.788,1.29795,1.29802
2013.03.07 01:05:38.775,1.29797,1.29802
2013.03.07 01:05:38.894,1.29797,1.29803
2013.03.07 01:05:39.405,1.29797,1.29804
2013.03.07 01:05:39.594,1.29796,1.29804
2013.03.07 01:05:39.834,1.29796,1.29804
2013.03.07 01:05:45.548,1.29796,1.29804
2013.03.07 01:05:55.244,1.29796,1.29804
2013.03.07 01:05:59.596,1.29796,1.29804
2013.03.07 01:06:00.525,1.29797,1.29804
2013.03.07 01:06:00.708,1.29797,1.29805
2013.03.07 01:06:01.016,1.29802,1.29805
2013.03.07 01:06:01.075,1.29802,1.29812
2013.03.07 01:06:01.255,1.29803,1.29812
2013.03.07 01:06:01.435,1.29804,1.29809
2013.03.07 01:06:01.614,1.298,1.29807
2013.03.07 01:06:02.034,1.29799,1.29805
2013.03.07 01:06:02.725,1.29797,1.29804
2013.03.07 01:06:04.563,1.29797,1.29804
2013.03.07 01:06:05.784,1.29797,1.29804
2013.03.07 01:06:06.475,1.298,1.29807
2013.03.07 01:06:07.067,1.29801,1.29807
2013.03.07 01:06:07.140,1.29801,1.29808
2013.03.07 01:06:08.964,1.29806,1.2981
2013.03.07 01:06:09.085,1.29803,1.29811
2013.03.07 01:06:09.145,1.29803,1.29811
2013.03.07 01:06:09.685,1.29803,1.29811
2013.03.07 01:06:09.806,1.29803,1.29811
2013.03.07 01:06:09.946,1.29803,1.29811
2013.03.07 01:06:10.006,1.29803,1.29811
2013.03.07 01:06:10.255,1.29799,1.29806
2013.03.07 01:06:10.315,1.29799,1.29804
2013.03.07 01:06:10.854,1.29799,1.29806
2013.03.07 01:06:11.274,1.29799,1.29807
2013.03.07 01:06:11.394,1.298,1.29807
2013.03.07 01:06:11.515,1.29802,1.29811
2013.03.07 01:06:11.634,1.29803,1.29812
2013.03.07 01:06:11.877,1.29805,1.29814
2013.03.07 01:06:11.935,1.29806,1.29815
2013.03.07 01:06:12.474,1.29809,1.29815
2013.03.07 01:06:12.534,1.29809,1.29814
2013.03.07 01:06:12.595,1.29806,1.29814
2013.03.07 01:06:12.894,1.29806,1.29814
2013.03.07 01:06:14.844,1.29806,1.29814
2013.03.07 01:06:15.795,1.29805,1.29814
2013.03.07 01:06:15.914,1.29805,1.29815
2013.03.07 01:06:16.295,1.29805,1.29814
2013.03.07 01:06:16.355,1.29804,1.29813
2013.03.07 01:06:16.856,1.29804,1.29812
2013.03.07 01:06:16.915,1.29805,1.29814
2013.03.07 01:06:17.094,1.29804,1.29814
2013.03.07 01:06:17.465,1.29804,1.29814
2013.03.07 01:06:18.875,1.29804,1.29814
2013.03.07 01:06:34.825,1.29808,1.29815
2013.03.07 01:06:35.260,1.29808,1.29815
2013.03.07 01:06:35.826,1.29808,1.29815
2013.03.07 01:06:39.174,1.29808,1.29815
2013.03.07 01:06:39.535,1.29808,1.29816
2013.03.07 01:06:40.075,1.2981,1.29816
2013.03.07 01:06:40.555,1.29813,1.29819
2013.03.07 01:06:40.615,1.29813,1.29821
2013.03.07 01:06:41.155,1.29812,1.29821
2013.03.07 01:06:41.274,1.29812,1.29821
2013.03.07 01:06:43.407,1.29817,1.29822
2013.03.07 01:06:43.475,1.29819,1.29827
2013.03.07 01:06:43.655,1.29824,1.2983
2013.03.07 01:06:44.145,1.29826,1.29834
2013.03.07 01:06:44.205,1.29827,1.29836
2013.03.07 01:06:44.387,1.29831,1.29839
2013.03.07 01:06:44.516,1.29831,1.29839
2013.03.07 01:06:44.814,1.29831,1.29837
2013.03.07 01:06:44.995,1.29827,1.29835
2013.03.07 01:06:45.473,1.29825,1.29833
2013.03.07 01:06:45.546,1.29825,1.29832
2013.03.07 01:06:45.665,1.29825,1.29832
2013.03.07 01:06:46.204,1.29825,1.29832
2013.03.07 01:06:46.744,1.29826,1.29833
2013.03.07 01:06:47.494,1.29826,1.29833
2013.03.07 01:06:48.836,1.29826,1.29833
2013.03.07 01:06:52.826,1.29822,1.29828
2013.03.07 01:06:53.245,1.29819,1.29826
2013.03.07 01:06:55.714,1.29821,1.29826
2013.03.07 01:06:58.362,1.29819,1.29826
2013.03.07 01:07:00.305,1.29822,1.29829
2013.03.07 01:07:01.556,1.29818,1.29825
2013.03.07 01:07:01.615,1.29818,1.29825
2013.03.07 01:07:01.794,1.29818,1.29823
2013.03.07 01:07:01.855,1.29818,1.29823
2013.03.07 01:07:02.094,1.29818,1.29824
2013.03.07 01:07:04.265,1.29816,1.29824
2013.03.07 01:07:04.356,1.29818,1.29824
2013.03.07 01:07:07.215,1.29817,1.29823
2013.03.07 01:07:07.901,1.29816,1.29823
2013.03.07 01:07:11.064,1.29816,1.29823
2013.03.07 01:07:12.053,1.29816,1.29823
2013.03.07 01:07:12.354,1.29816,1.29823
2013.03.07 01:07:12.908,1.29816,1.29823
2013.03.07 01:07:13.374,1.29815,1.29822
2013.03.07 01:07:19.815,1.29815,1.29822
2013.03.07 01:07:21.805,1.29815,1.29822
2013.03.07 01:07:22.344,1.29816,1.29822
2013.03.07 01:07:22.857,1.29817,1.29822
2013.03.07 01:07:23.104,1.29819,1.29825
2013.03.07 01:07:23.406,1.29823,1.29828
2013.03.07 01:07:24.065,1.29823,1.29828
2013.03.07 01:07:24.543,1.29823,1.29828
2013.03.07 01:07:24.724,1.29823,1.29828
2013.03.07 01:07:28.444,1.29823,1.29828
2013.03.07 01:07:29.164,1.29823,1.29828
2013.03.07 01:07:30.637,1.29823,1.29829
2013.03.07 01:07:31.154,1.29823,1.2983
2013.03.07 01:07:32.413,1.29825,1.29829
2013.03.07 01:07:36.004,1.29823,1.29828
2013.03.07 01:07:36.125,1.29822,1.29828
2013.03.07 01:07:36.307,1.29817,1.29825
2013.03.07 01:07:36.376,1.29817,1.29825
2013.03.07 01:07:36.675,1.29817,1.29824
2013.03.07 01:07:39.154,1.29815,1.29824
2013.03.07 01:07:39.534,1.29814,1.29822
2013.03.07 01:07:39.835,1.29814,1.29823
2013.03.07 01:07:39.895,1.29814,1.29822
2013.03.07 01:07:40.014,1.29815,1.29825
2013.03.07 01:07:40.135,1.29818,1.29825
2013.03.07 01:07:40.255,1.29819,1.29825
2013.03.07 01:07:40.797,1.2982,1.29826
2013.03.07 01:07:40.915,1.2982,1.29826
2013.03.07 01:07:41.095,1.29821,1.29829
2013.03.07 01:07:41.784,1.29818,1.29826
2013.03.07 01:07:41.846,1.29818,1.29826
2013.03.07 01:07:41.910,1.29817,1.29825
2013.03.07 01:07:42.454,1.29815,1.29823
2013.03.07 01:07:43.166,1.29815,1.29823
2013.03.07 01:07:43.747,1.29815,1.29823
2013.03.07 01:07:45.284,1.29816,1.29823
2013.03.07 01:07:45.345,1.29817,1.29823
2013.03.07 01:07:46.097,1.29817,1.29823
2013.03.07 01:07:48.055,1.29816,1.29823
2013.03.07 01:07:49.504,1.29817,1.29823
2013.03.07 01:07:50.486,1.29816,1.29823
2013.03.07 01:07:50.845,1.29814,1.29822
2013.03.07 01:07:53.674,1.29813,1.29821
2013.03.07 01:07:54.268,1.29813,1.29821
2013.03.07 01:07:58.236,1.29813,1.29821
2013.03.07 01:07:59.415,1.29813,1.29821
2013.03.07 01:08:00.184,1.29813,1.29822
2013.03.07 01:08:00.723,1.29816,1.29823
2013.03.07 01:08:00.844,1.29814,1.29821
2013.03.07 01:08:01.592,1.29814,1.29821
2013.03.07 01:08:02.875,1.29812,1.29819
2013.03.07 01:08:04.725,1.29812,1.29819
2013.03.07 01:08:05.984,1.29809,1.29816
2013.03.07 01:08:06.164,1.29807,1.29815
2013.03.07 01:08:06.404,1.29807,1.29814
2013.03.07 01:08:07.807,1.29806,1.29813
2013.03.07 01:08:07.875,1.29806,1.29813
2013.03.07 01:08:08.897,1.29805,1.29815
2013.03.07 01:08:16.894,1.29804,1.29811
2013.03.07 01:08:17.839,1.29804,1.29809
2013.03.07 01:08:17.908,1.29804,1.29813
2013.03.07 01:08:20.214,1.29804,1.29813
2013.03.07 01:08:25.155,1.29806,1.29814
2013.03.07 01:08:28.834,1.29806,1.29814
2013.03.07 01:08:29.525,1.29808,1.29815
2013.03.07 01:08:29.825,1.29811,1.29818
2013.03.07 01:08:30.065,1.29813,1.29821
2013.03.07 01:08:30.184,1.29813,1.29821
2013.03.07 01:08:44.346,1.29813,1.29821
2013.03.07 01:08:46.894,1.29813,1.2982
2013.03.07 01:08:47.255,1.29813,1.2982
2013.03.07 01:08:47.675,1.29814,1.29822
2013.03.07 01:08:50.647,1.29816,1.29821
2013.03.07 01:08:52.656,1.29816,1.29821
2013.03.07 01:08:53.950,1.29816,1.29822
2013.03.07 01:08:54.912,1.29816,1.29821
2013.03.07 01:08:56.844,1.29816,1.29822
2013.03.07 01:09:00.192,1.29816,1.29821
2013.03.07 01:09:01.624,1.29816,1.29823
2013.03.07 01:09:02.006,1.29816,1.29821
2013.03.07 01:09:04.364,1.29816,1.29821
2013.03.07 01:09:07.774,1.29815,1.29821
2013.03.07 01:09:11.234,1.29814,1.29821
2013.03.07 01:09:13.830,1.29815,1.29821
2013.03.07 01:09:14.966,1.29816,1.29823
2013.03.07 01:09:21.364,1.29816,1.29824
2013.03.07 01:09:23.673,1.29816,1.29823
2013.03.07 01:09:28.464,1.29816,1.29823
2013.03.07 01:09:28.524,1.29815,1.29822
2013.03.07 01:09:29.364,1.29815,1.29821
2013.03.07 01:09:30.317,1.29815,1.29819
2013.03.07 01:09:30.556,1.29813,1.29816
2013.03.07 01:09:30.675,1.2981,1.29816
2013.03.07 01:09:31.475,1.29807,1.29816
2013.03.07 01:09:31.546,1.29806,1.29814
2013.03.07 01:09:33.426,1.29806,1.29812
2013.03.07 01:09:33.546,1.29805,1.29812
2013.03.07 01:09:34.203,1.29805,1.29811
2013.03.07 01:09:38.627,1.29806,1.29813
2013.03.07 01:09:38.936,1.29809,1.29819
2013.03.07 01:09:39.055,1.29807,1.29817
2013.03.07 01:09:39.115,1.29808,1.29817
2013.03.07 01:09:39.236,1.29807,1.29814
2013.03.07 01:09:39.774,1.29806,1.29811
2013.03.07 01:09:40.027,1.29807,1.29816
2013.03.07 01:09:40.505,1.29809,1.29818
2013.03.07 01:09:40.805,1.2981,1.29819
2013.03.07 01:09:41.105,1.29811,1.2982
2013.03.07 01:09:41.285,1.29812,1.29821
2013.03.07 01:09:42.061,1.29812,1.29822
2013.03.07 01:09:50.354,1.29813,1.29822
2013.03.07 01:09:50.896,1.2981,1.29817
2013.03.07 01:09:51.195,1.29805,1.29814
2013.03.07 01:09:51.434,1.29805,1.29812
2013.03.07 01:09:51.796,1.29805,1.29813
2013.03.07 01:09:51.855,1.29806,1.29812
2013.03.07 01:09:51.916,1.29807,1.29815
2013.03.07 01:09:52.035,1.29809,1.2982
2013.03.07 01:09:52.156,1.29809,1.2982
2013.03.07 01:09:52.216,1.29811,1.29821
2013.03.07 01:09:52.694,1.29814,1.29821
2013.03.07 01:09:55.770,1.29817,1.29823
2013.03.07 01:09:55.896,1.29823,1.29829
2013.03.07 01:09:56.081,1.29824,1.29834
2013.03.07 01:09:56.326,1.2983,1.2984
2013.03.07 01:09:56.385,1.2983,1.29839
2013.03.07 01:09:56.805,1.2983,1.29838
2013.03.07 01:09:56.865,1.2983,1.29838
2013.03.07 01:09:57.043,1.29828,1.29836
2013.03.07 01:09:57.284,1.29828,1.29835
2013.03.07 01:09:57.358,1.29828,1.29835
2013.03.07 01:09:57.905,1.29827,1.29835
2013.03.07 01:09:59.405,1.29827,1.29837
2013.03.07 01:09:59.645,1.29827,1.29837
2013.03.07 01:10:00.014,1.29827,1.29837
2013.03.07 01:10:00.344,1.29827,1.29837
2013.03.07 01:10:00.404,1.29827,1.29837
2013.03.07 01:10:01.288,1.29831,1.29837
2013.03.07 01:10:01.854,1.29829,1.29837
2013.03.07 01:10:02.414,1.29829,1.29835
2013.03.07 01:10:05.784,1.29829,1.29834
2013.03.07 01:10:06.324,1.29829,1.29834
2013.03.07 01:10:06.875,1.29828,1.29834
2013.03.07 01:10:08.056,1.29828,1.29834
2013.03.07 01:10:10.294,1.29828,1.29834
2013.03.07 01:10:10.837,1.29827,1.29833
2013.03.07 01:10:11.015,1.29823,1.29828
2013.03.07 01:10:11.136,1.29821,1.29826
2013.03.07 01:10:11.196,1.29819,1.29825
2013.03.07 01:10:11.315,1.29819,1.29824
2013.03.07 01:10:11.615,1.2982,1.29827
2013.03.07 01:10:11.916,1.29819,1.29828
2013.03.07 01:10:12.574,1.29818,1.29826
2013.03.07 01:10:14.812,1.29818,1.29822
2013.03.07 01:10:14.882,1.29814,1.29821
2013.03.07 01:10:15.426,1.29814,1.29819
2013.03.07 01:10:15.964,1.29816,1.29821
2013.03.07 01:10:16.514,1.29816,1.29821
2013.03.07 01:10:17.654,1.29816,1.29821
2013.03.07 01:10:17.844,1.29817,1.29822
2013.03.07 01:10:18.324,1.29817,1.29824
2013.03.07 01:10:21.725,1.29818,1.29825
2013.03.07 01:10:22.144,1.29819,1.29824
2013.03.07 01:10:22.445,1.29819,1.29822
2013.03.07 01:10:22.504,1.29816,1.29822
2013.03.07 01:10:23.794,1.29816,1.29823
2013.03.07 01:10:24.334,1.29817,1.29823
2013.03.07 01:10:25.145,1.29817,1.29824
2013.03.07 01:10:30.395,1.29818,1.29825
2013.03.07 01:10:31.376,1.29823,1.29831
2013.03.07 01:10:31.495,1.29823,1.29831
2013.03.07 01:10:31.615,1.29823,1.29831
2013.03.07 01:10:32.091,1.29823,1.29831
2013.03.07 01:10:32.274,1.29823,1.29831
2013.03.07 01:10:33.215,1.29823,1.29831
2013.03.07 01:10:35.257,1.29822,1.29831
2013.03.07 01:10:38.678,1.29824,1.29832
2013.03.07 01:10:40.516,1.29823,1.29831
2013.03.07 01:10:41.824,1.29824,1.2983
2013.03.07 01:10:43.354,1.29822,1.29829
2013.03.07 01:10:48.896,1.29822,1.29829
2013.03.07 01:10:49.196,1.29822,1.29827
2013.03.07 01:10:49.318,1.29818,1.29825
2013.03.07 01:10:49.447,1.29816,1.29823
2013.03.07 01:10:49.990,1.29816,1.29821
2013.03.07 01:10:54.703,1.29819,1.29823
2013.03.07 01:10:57.315,1.29816,1.29823
2013.03.07 01:11:00.735,1.29815,1.29822
2013.03.07 01:11:00.856,1.29815,1.29822
2013.03.07 01:11:01.396,1.29815,1.29821
2013.03.07 01:11:01.755,1.29816,1.29821
2013.03.07 01:11:03.115,1.29816,1.29824
2013.03.07 01:11:03.187,1.29818,1.29824
2013.03.07 01:11:03.675,1.29818,1.29825
2013.03.07 01:11:05.456,1.29819,1.29825
2013.03.07 01:11:10.677,1.29819,1.29825
2013.03.07 01:11:10.856,1.29821,1.29829
2013.03.07 01:11:11.215,1.29821,1.29831
2013.03.07 01:11:17.605,1.29823,1.29831
2013.03.07 01:11:18.905,1.29822,1.29828
2013.03.07 01:11:19.506,1.29822,1.29828
2013.03.07 01:11:19.625,1.29822,1.2983
2013.03.07 01:11:24.875,1.29822,1.2983
2013.03.07 01:11:25.397,1.29822,1.2983
2013.03.07 01:11:26.073,1.29822,1.2983
2013.03.07 01:11:37.847,1.2982,1.29825
2013.03.07 01:11:38.156,1.29819,1.29825
2013.03.07 01:11:38.704,1.29819,1.29827
2013.03.07 01:11:40.085,1.29819,1.29827
2013.03.07 01:11:40.625,1.29819,1.29825
2013.03.07 01:11:49.136,1.29818,1.29825
2013.03.07 01:11:49.674,1.29817,1.29824
2013.03.07 01:11:50.176,1.29818,1.29825
2013.03.07 01:11:52.142,1.29817,1.29825
2013.03.07 01:11:52.265,1.29817,1.29824
2013.03.07 01:11:52.625,1.29813,1.2982
2013.03.07 01:11:52.986,1.29816,1.29822
2013.03.07 01:11:53.105,1.29816,1.29824
2013.03.07 01:11:53.465,1.29816,1.29825
2013.03.07 01:11:54.004,1.29816,1.29825
2013.03.07 01:11:55.181,1.29819,1.29825
2013.03.07 01:11:55.426,1.29823,1.2983
2013.03.07 01:11:56.066,1.29823,1.2983
2013.03.07 01:11:57.646,1.29823,1.2983
2013.03.07 01:11:57.945,1.29823,1.29831
2013.03.07 01:12:00.156,1.29824,1.29831
2013.03.07 01:12:00.395,1.29825,1.29834
2013.03.07 01:12:00.929,1.29827,1.29835
2013.03.07 01:12:01.115,1.29823,1.29832
2013.03.07 01:12:01.176,1.29823,1.29832
2013.03.07 01:12:01.656,1.29822,1.29832
2013.03.07 01:12:02.178,1.29824,1.29834
2013.03.07 01:12:02.365,1.29824,1.29832
2013.03.07 01:12:02.919,1.29821,1.29827
2013.03.07 01:12:02.997,1.29821,1.29828
2013.03.07 01:12:03.117,1.29821,1.29826
2013.03.07 01:12:03.625,1.29821,1.29825
2013.03.07 01:12:06.446,1.29821,1.29828
2013.03.07 01:12:06.626,1.29821,1.29829
2013.03.07 01:12:06.684,1.29821,1.2983
2013.03.07 01:12:07.227,1.29821,1.29829
2013.03.07 01:12:08.766,1.29821,1.29829
2013.03.07 01:12:10.494,1.29822,1.29828
2013.03.07 01:12:13.555,1.29822,1.29828
2013.03.07 01:12:14.995,1.29822,1.29828
2013.03.07 01:12:16.015,1.29822,1.29828
2013.03.07 01:12:16.534,1.29822,1.29828
2013.03.07 01:12:17.438,1.29823,1.2983
2013.03.07 01:12:17.968,1.2982,1.29825
2013.03.07 01:12:18.278,1.29816,1.29823
2013.03.07 01:12:18.535,1.29816,1.29823
2013.03.07 01:12:20.796,1.29819,1.29826
2013.03.07 01:12:20.856,1.2982,1.29827
2013.03.07 01:12:21.198,1.29822,1.29828
2013.03.07 01:12:21.268,1.29822,1.29831
2013.03.07 01:12:21.395,1.29822,1.29829
2013.03.07 01:12:22.314,1.29822,1.29829
2013.03.07 01:12:22.392,1.29822,1.2983
2013.03.07 01:12:22.984,1.29822,1.2983
2013.03.07 01:12:23.554,1.29822,1.29829
2013.03.07 01:12:24.094,1.29821,1.29829
2013.03.07 01:12:24.995,1.29823,1.2983
2013.03.07 01:12:26.676,1.29819,1.29827
2013.03.07 01:12:27.035,1.29818,1.29826
2013.03.07 01:12:27.096,1.29818,1.29826
2013.03.07 01:12:27.156,1.29819,1.29825
2013.03.07 01:12:29.355,1.29819,1.29825
2013.03.07 01:12:29.655,1.29819,1.29825
2013.03.07 01:12:29.837,1.29815,1.29824
2013.03.07 01:12:30.375,1.29817,1.29824
2013.03.07 01:12:31.075,1.29817,1.29825
2013.03.07 01:12:33.394,1.29817,1.29825
2013.03.07 01:12:34.554,1.29817,1.29825
2013.03.07 01:12:34.734,1.29819,1.29826
2013.03.07 01:12:35.045,1.29822,1.29826
2013.03.07 01:12:35.346,1.29822,1.2983
2013.03.07 01:12:35.828,1.29822,1.29831
2013.03.07 01:12:37.466,1.29822,1.2983
2013.03.07 01:12:37.525,1.29822,1.29829
2013.03.07 01:12:37.646,1.29819,1.29827
2013.03.07 01:12:38.486,1.29819,1.29824
2013.03.07 01:12:39.178,1.29819,1.29824
2013.03.07 01:12:40.266,1.29819,1.29824
2013.03.07 01:12:40.857,1.29818,1.29824
2013.03.07 01:12:43.867,1.29818,1.29824
2013.03.07 01:12:45.885,1.29818,1.29824
2013.03.07 01:12:46.744,1.29818,1.29824
2013.03.07 01:12:47.104,1.29816,1.29823
2013.03.07 01:12:47.644,1.29817,1.29824
2013.03.07 01:12:48.173,1.29817,1.29824
2013.03.07 01:12:58.435,1.2982,1.29823
2013.03.07 01:12:58.794,1.29822,1.29831
2013.03.07 01:12:59.035,1.29823,1.29832
2013.03.07 01:13:00.887,1.29824,1.29831
2013.03.07 01:13:01.478,1.29824,1.29831
2013.03.07 01:13:11.970,1.29825,1.29832
2013.03.07 01:13:12.905,1.29825,1.29832
2013.03.07 01:13:15.995,1.29824,1.29831
2013.03.07 01:13:17.796,1.29823,1.29833
2013.03.07 01:13:17.914,1.29824,1.29834
2013.03.07 01:13:17.974,1.29825,1.29834
2013.03.07 01:13:20.715,1.29826,1.29834
2013.03.07 01:13:28.430,1.29827,1.29836
2013.03.07 01:13:28.734,1.29824,1.29832
2013.03.07 01:13:32.105,1.29823,1.29831
2013.03.07 01:13:47.945,1.29824,1.29831
2013.03.07 01:13:48.426,1.29824,1.29831
2013.03.07 01:13:57.475,1.29823,1.29831
2013.03.07 01:13:59.025,1.29823,1.29831
2013.03.07 01:14:01.986,1.29823,1.29831
2013.03.07 01:14:02.544,1.29823,1.29831
2013.03.07 01:14:09.990,1.29823,1.29831
2013.03.07 01:14:19.695,1.29823,1.29831
2013.03.07 01:14:24.144,1.29823,1.29831
