Time,Bid,Ask
2013.03.27 00:00:02.076,1.28609,1.28613
2013.03.27 00:00:03.320,1.28609,1.28615
2013.03.27 00:00:03.626,1.28611,1.28615
2013.03.27 00:00:03.806,1.28612,1.28617
2013.03.27 00:00:04.346,1.28612,1.28617
2013.03.27 00:00:04.536,1.28613,1.28617
2013.03.27 00:00:05.100,1.28613,1.28617
2013.03.27 00:00:08.056,1.28613,1.28617
2013.03.27 00:00:09.766,1.28613,1.28617
2013.03.27 00:00:11.947,1.28613,1.28617
2013.03.27 00:00:12.328,1.28613,1.28615
2013.03.27 00:00:12.886,1.28611,1.28615
2013.03.27 00:00:13.996,1.28612,1.28615
2013.03.27 00:00:14.558,1.28612,1.28615
2013.03.27 00:00:21.036,1.28613,1.28617
2013.03.27 00:00:23.006,1.28613,1.28617
2013.03.27 00:00:25.305,1.28613,1.28618
2013.03.27 00:00:26.405,1.28613,1.28618
2013.03.27 00:00:27.645,1.28614,1.2862
2013.03.27 00:00:28.396,1.28614,1.28621
2013.03.27 00:00:28.956,1.28615,1.28621
2013.03.27 00:00:29.076,1.28616,1.28622
2013.03.27 00:00:29.646,1.28616,1.28622
2013.03.27 00:00:30.355,1.28616,1.28621
2013.03.27 00:00:30.990,1.28616,1.28621
2013.03.27 00:00:35.006,1.28616,1.2862
2013.03.27 00:00:35.556,1.28616,1.28622
2013.03.27 00:00:37.227,1.28616,1.28621
2013.03.27 00:00:37.766,1.28615,1.28621
2013.03.27 00:00:38.197,1.28615,1.28621
2013.03.27 00:00:41.098,1.28615,1.28621
2013.03.27 00:00:41.637,1.28617,1.28621
2013.03.27 00:00:41.819,1.28621,1.28624
2013.03.27 00:00:41.937,1.28622,1.28628
2013.03.27 00:00:42.179,1.28624,1.28629
2013.03.27 00:00:42.715,1.28625,1.28635
2013.03.27 00:00:49.658,1.28625,1.28631
2013.03.27 00:00:50.927,1.28624,1.28629
2013.03.27 00:00:53.457,1.28624,1.28629
2013.03.27 00:00:53.517,1.28624,1.28629
2013.03.27 00:00:54.074,1.28622,1.28628
2013.03.27 00:00:54.437,1.28621,1.28626
2013.03.27 00:00:54.557,1.28621,1.28626
2013.03.27 00:00:56.886,1.28621,1.28625
2013.03.27 00:00:57.247,1.28621,1.28628
2013.03.27 00:00:57.367,1.28622,1.28629
2013.03.27 00:00:58.087,1.28623,1.28629
2013.03.27 00:00:58.506,1.28622,1.28627
2013.03.27 00:00:59.056,1.28622,1.28627
2013.03.27 00:01:00.776,1.28623,1.2863
2013.03.27 00:01:01.317,1.28624,1.2863
2013.03.27 00:01:01.556,1.28624,1.28629
2013.03.27 00:01:01.797,1.28624,1.2863
2013.03.27 00:01:01.856,1.28626,1.28631
2013.03.27 00:01:02.428,1.28626,1.28632
2013.03.27 00:01:02.967,1.28627,1.28632
2013.03.27 00:01:03.337,1.28625,1.28632
2013.03.27 00:01:05.502,1.28625,1.28631
2013.03.27 00:01:06.028,1.28626,1.28631
2013.03.27 00:01:06.147,1.28627,1.28632
2013.03.27 00:01:06.689,1.28628,1.28634
2013.03.27 00:01:06.807,1.28629,1.28636
2013.03.27 00:01:06.929,1.28631,1.28637
2013.03.27 00:01:07.348,1.28634,1.28639
2013.03.27 00:01:07.887,1.28635,1.2864
2013.03.27 00:01:08.067,1.28636,1.2864
2013.03.27 00:01:08.248,1.28639,1.28644
2013.03.27 00:01:08.369,1.28639,1.28644
2013.03.27 00:01:08.618,1.2864,1.28644
2013.03.27 00:01:08.738,1.2864,1.28644
2013.03.27 00:01:09.278,1.28639,1.28643
2013.03.27 00:01:09.459,1.28636,1.28644
2013.03.27 00:01:10.552,1.28636,1.2864
2013.03.27 00:01:12.407,1.28635,1.28641
2013.03.27 00:01:12.947,1.28636,1.28642
2013.03.27 00:01:13.548,1.28635,1.28641
2013.03.27 00:01:14.337,1.28635,1.28638
2013.03.27 00:01:15.107,1.28635,1.28637
2013.03.27 00:01:15.183,1.28633,1.28638
2013.03.27 00:01:15.688,1.28632,1.28637
2013.03.27 00:01:17.157,1.28631,1.28636
2013.03.27 00:01:17.791,1.28628,1.28633
2013.03.27 00:01:18.326,1.28628,1.28632
2013.03.27 00:01:21.619,1.2863,1.28633
2013.03.27 00:01:21.938,1.2863,1.28635
2013.03.27 00:01:22.058,1.28631,1.28635
2013.03.27 00:01:23.069,1.28631,1.28636
2013.03.27 00:01:23.138,1.28632,1.28636
2013.03.27 00:01:23.257,1.28633,1.28636
2013.03.27 00:01:23.498,1.28633,1.28638
2013.03.27 00:01:23.678,1.28634,1.28638
2013.03.27 00:01:24.769,1.28635,1.28639
2013.03.27 00:01:24.898,1.28638,1.28642
2013.03.27 00:01:25.018,1.28637,1.28644
2013.03.27 00:01:25.447,1.28639,1.28644
2013.03.27 00:01:26.057,1.28639,1.28644
2013.03.27 00:01:27.750,1.28639,1.28643
2013.03.27 00:01:27.939,1.28638,1.28646
2013.03.27 00:01:28.008,1.28641,1.28644
2013.03.27 00:01:28.368,1.28641,1.28645
2013.03.27 00:01:29.071,1.28642,1.28645
2013.03.27 00:01:29.152,1.2864,1.28645
2013.03.27 00:01:29.517,1.28638,1.28644
2013.03.27 00:01:30.026,1.28639,1.28644
2013.03.27 00:01:36.387,1.28639,1.28644
2013.03.27 00:01:37.137,1.28639,1.28644
2013.03.27 00:01:38.457,1.28639,1.28645
2013.03.27 00:01:39.047,1.28638,1.28645
2013.03.27 00:01:39.778,1.28638,1.28644
2013.03.27 00:01:42.748,1.28638,1.28643
2013.03.27 00:01:44.228,1.28638,1.28643
2013.03.27 00:01:46.847,1.28637,1.28642
2013.03.27 00:01:52.077,1.28637,1.28643
2013.03.27 00:01:52.608,1.28637,1.28642
2013.03.27 00:01:55.947,1.28638,1.28642
2013.03.27 00:01:56.460,1.28638,1.28642
2013.03.27 00:01:56.768,1.28636,1.2864
2013.03.27 00:01:57.529,1.28636,1.2864
2013.03.27 00:01:57.948,1.28637,1.28642
2013.03.27 00:01:58.513,1.28637,1.28642
2013.03.27 00:02:01.589,1.28638,1.28643
2013.03.27 00:02:01.650,1.28641,1.28643
2013.03.27 00:02:01.900,1.28641,1.28645
2013.03.27 00:02:01.969,1.28642,1.28646
2013.03.27 00:02:02.329,1.28643,1.28646
2013.03.27 00:02:02.577,1.28642,1.28648
2013.03.27 00:02:02.758,1.28643,1.28648
2013.03.27 00:02:02.819,1.28644,1.28648
2013.03.27 00:02:03.329,1.28646,1.28652
2013.03.27 00:02:05.398,1.28646,1.28652
2013.03.27 00:02:05.516,1.28646,1.2865
2013.03.27 00:02:06.066,1.28646,1.2865
2013.03.27 00:02:10.578,1.28646,1.2865
2013.03.27 00:02:11.385,1.28645,1.2865
2013.03.27 00:02:14.170,1.28645,1.2865
2013.03.27 00:02:24.788,1.28645,1.2865
2013.03.27 00:02:25.289,1.28645,1.28649
2013.03.27 00:02:25.597,1.28646,1.2865
2013.03.27 00:02:30.267,1.28644,1.28649
2013.03.27 00:02:30.598,1.28644,1.28649
2013.03.27 00:02:31.329,1.28644,1.28649
2013.03.27 00:02:31.397,1.28643,1.28647
2013.03.27 00:02:31.578,1.28641,1.28645
2013.03.27 00:02:31.938,1.28641,1.28645
2013.03.27 00:02:32.357,1.2864,1.28645
2013.03.27 00:02:32.869,1.28639,1.28644
2013.03.27 00:02:33.180,1.28639,1.28644
2013.03.27 00:02:33.727,1.2864,1.28643
2013.03.27 00:02:33.848,1.2864,1.28644
2013.03.27 00:02:34.029,1.28642,1.28644
2013.03.27 00:02:34.098,1.28642,1.28644
2013.03.27 00:02:34.157,1.28644,1.28649
2013.03.27 00:02:34.277,1.28644,1.28649
2013.03.27 00:02:40.751,1.28644,1.28649
2013.03.27 00:02:40.997,1.28642,1.28648
2013.03.27 00:02:41.420,1.2864,1.28645
2013.03.27 00:02:41.538,1.2864,1.28645
2013.03.27 00:02:42.276,1.2864,1.28645
2013.03.27 00:02:42.828,1.28638,1.28643
2013.03.27 00:02:48.159,1.28638,1.28641
2013.03.27 00:02:48.229,1.28638,1.28641
2013.03.27 00:02:48.359,1.28636,1.2864
2013.03.27 00:02:48.538,1.28635,1.28639
2013.03.27 00:02:48.657,1.28634,1.28639
2013.03.27 00:02:54.048,1.28635,1.2864
2013.03.27 00:02:54.109,1.28636,1.28641
2013.03.27 00:02:54.629,1.28637,1.28642
2013.03.27 00:02:55.882,1.28637,1.28642
2013.03.27 00:02:56.574,1.28637,1.28642
2013.03.27 00:03:13.487,1.28637,1.28642
2013.03.27 00:03:16.452,1.28638,1.28643
2013.03.27 00:03:16.997,1.28638,1.28643
2013.03.27 00:03:17.437,1.28638,1.28643
2013.03.27 00:03:17.987,1.28638,1.28643
2013.03.27 00:03:20.078,1.28639,1.28643
2013.03.27 00:03:35.767,1.28639,1.28643
2013.03.27 00:03:47.591,1.28638,1.28642
2013.03.27 00:04:11.458,1.28639,1.28644
2013.03.27 00:04:11.699,1.28643,1.28647
2013.03.27 00:04:11.999,1.28643,1.28647
2013.03.27 00:04:12.067,1.28643,1.28649
2013.03.27 00:04:12.128,1.28643,1.28649
2013.03.27 00:04:12.248,1.28645,1.28649
2013.03.27 00:04:12.547,1.28646,1.28651
2013.03.27 00:04:12.858,1.28645,1.28651
2013.03.27 00:04:16.588,1.28646,1.28652
2013.03.27 00:04:17.008,1.28649,1.28654
2013.03.27 00:04:17.187,1.28649,1.28654
2013.03.27 00:04:17.747,1.28649,1.28654
2013.03.27 00:04:22.247,1.28649,1.28654
2013.03.27 00:04:25.757,1.28649,1.28653
2013.03.27 00:04:26.307,1.28649,1.28653
2013.03.27 00:04:33.818,1.28649,1.28653
2013.03.27 00:04:34.558,1.28649,1.28652
2013.03.27 00:04:36.080,1.28649,1.28653
2013.03.27 00:04:36.627,1.28649,1.28654
2013.03.27 00:04:43.017,1.28648,1.28653
2013.03.27 00:04:43.529,1.28648,1.28653
2013.03.27 00:04:44.136,1.28648,1.28653
2013.03.27 00:04:46.167,1.28648,1.28652
2013.03.27 00:04:46.230,1.28647,1.28651
2013.03.27 00:04:46.777,1.28647,1.28651
2013.03.27 00:04:47.068,1.28646,1.28651
2013.03.27 00:04:56.787,1.28647,1.2865
2013.03.27 00:05:10.537,1.28646,1.2865
2013.03.27 00:05:11.546,1.28645,1.2865
2013.03.27 00:05:12.096,1.28646,1.2865
2013.03.27 00:05:14.820,1.28646,1.2865
2013.03.27 00:05:15.609,1.28645,1.28649
2013.03.27 00:05:16.166,1.28646,1.28649
2013.03.27 00:05:27.681,1.28645,1.2865
2013.03.27 00:05:32.520,1.28645,1.2865
2013.03.27 00:05:33.048,1.28645,1.2865
2013.03.27 00:05:33.719,1.28645,1.2865
2013.03.27 00:05:34.479,1.28644,1.28649
2013.03.27 00:05:34.996,1.28644,1.28648
2013.03.27 00:05:48.659,1.28643,1.28648
2013.03.27 00:05:48.788,1.28642,1.28647
2013.03.27 00:05:49.027,1.28639,1.28647
2013.03.27 00:05:49.146,1.28639,1.28646
2013.03.27 00:05:49.746,1.28639,1.28644
2013.03.27 00:05:54.097,1.28638,1.28644
2013.03.27 00:05:54.518,1.28637,1.28644
2013.03.27 00:05:54.638,1.28636,1.28643
2013.03.27 00:05:59.417,1.28636,1.28641
2013.03.27 00:05:59.538,1.28637,1.28642
2013.03.27 00:06:00.062,1.28638,1.28644
2013.03.27 00:06:02.557,1.2864,1.28643
2013.03.27 00:06:02.919,1.2864,1.28645
2013.03.27 00:06:03.746,1.28641,1.28645
2013.03.27 00:06:07.387,1.28644,1.28648
2013.03.27 00:06:07.458,1.28644,1.28648
2013.03.27 00:06:09.667,1.28644,1.28649
2013.03.27 00:06:15.496,1.28644,1.28648
2013.03.27 00:06:16.081,1.28644,1.28648
2013.03.27 00:06:16.343,1.28647,1.28649
2013.03.27 00:06:16.410,1.28648,1.28652
2013.03.27 00:06:16.481,1.28648,1.28653
2013.03.27 00:06:17.027,1.28647,1.28653
2013.03.27 00:06:20.577,1.28648,1.28652
2013.03.27 00:06:20.876,1.28646,1.28652
2013.03.27 00:06:21.097,1.28647,1.28652
2013.03.27 00:06:22.106,1.28646,1.28652
2013.03.27 00:06:25.147,1.28646,1.28652
2013.03.27 00:06:26.837,1.28646,1.28652
2013.03.27 00:06:30.217,1.28647,1.28652
2013.03.27 00:06:30.337,1.28645,1.2865
2013.03.27 00:06:30.398,1.28644,1.2865
2013.03.27 00:06:31.087,1.28644,1.28648
2013.03.27 00:06:32.786,1.28643,1.28647
2013.03.27 00:06:33.148,1.28642,1.28647
2013.03.27 00:06:33.509,1.2864,1.28645
2013.03.27 00:06:34.237,1.28639,1.28644
2013.03.27 00:06:34.567,1.28641,1.28645
2013.03.27 00:06:34.872,1.28644,1.28648
2013.03.27 00:06:35.237,1.28645,1.2865
2013.03.27 00:06:40.916,1.28645,1.2865
2013.03.27 00:06:51.906,1.28646,1.2865
2013.03.27 00:06:52.207,1.28644,1.28649
2013.03.27 00:06:52.749,1.28644,1.28649
2013.03.27 00:06:59.037,1.28644,1.28649
2013.03.27 00:06:59.218,1.28644,1.28648
2013.03.27 00:06:59.792,1.28644,1.28648
2013.03.27 00:07:00.342,1.28644,1.28649
2013.03.27 00:07:06.027,1.28644,1.2865
2013.03.27 00:07:07.797,1.28645,1.2865
2013.03.27 00:07:10.021,1.28644,1.2865
2013.03.27 00:07:11.041,1.28645,1.2865
2013.03.27 00:07:14.056,1.28645,1.2865
2013.03.27 00:07:16.950,1.28645,1.2865
2013.03.27 00:07:19.889,1.28646,1.28651
2013.03.27 00:07:20.448,1.28645,1.28651
2013.03.27 00:07:25.497,1.28646,1.28651
2013.03.27 00:07:27.497,1.28645,1.28651
2013.03.27 00:07:28.157,1.28645,1.28651
2013.03.27 00:07:30.656,1.28645,1.28651
2013.03.27 00:07:35.540,1.28645,1.28651
2013.03.27 00:07:36.113,1.28647,1.28652
2013.03.27 00:07:37.528,1.28647,1.28651
2013.03.27 00:07:37.648,1.28647,1.28651
2013.03.27 00:07:39.777,1.28646,1.2865
2013.03.27 00:07:39.957,1.28645,1.28648
2013.03.27 00:07:40.256,1.28644,1.28648
2013.03.27 00:07:40.681,1.28644,1.28648
2013.03.27 00:07:40.928,1.28642,1.28646
2013.03.27 00:07:41.229,1.28641,1.28645
2013.03.27 00:07:54.799,1.28642,1.28646
2013.03.27 00:07:54.989,1.28644,1.28647
2013.03.27 00:07:55.302,1.28646,1.2865
2013.03.27 00:07:55.668,1.28649,1.28651
2013.03.27 00:07:56.267,1.28649,1.28653
2013.03.27 00:07:56.523,1.28649,1.28654
2013.03.27 00:08:02.179,1.28649,1.28653
2013.03.27 00:08:06.677,1.28648,1.28653
2013.03.27 00:08:06.857,1.28648,1.28653
2013.03.27 00:08:07.748,1.28648,1.28653
2013.03.27 00:08:09.457,1.28648,1.28652
2013.03.27 00:08:09.998,1.28648,1.28652
2013.03.27 00:08:13.739,1.28647,1.28652
2013.03.27 00:08:13.808,1.28646,1.28652
2013.03.27 00:08:14.408,1.28646,1.28651
2013.03.27 00:08:20.761,1.28646,1.28651
2013.03.27 00:08:28.036,1.28645,1.28651
2013.03.27 00:08:34.222,1.28645,1.2865
2013.03.27 00:08:34.972,1.28646,1.28651
2013.03.27 00:08:36.567,1.28646,1.28651
2013.03.27 00:08:37.138,1.28646,1.28651
2013.03.27 00:08:41.707,1.28647,1.28652
2013.03.27 00:08:46.297,1.28646,1.28651
2013.03.27 00:08:46.835,1.28647,1.28651
2013.03.27 00:08:48.847,1.28646,1.28651
2013.03.27 00:08:49.396,1.28646,1.2865
2013.03.27 00:08:52.798,1.28646,1.2865
2013.03.27 00:08:53.367,1.28646,1.2865
2013.03.27 00:08:59.447,1.28646,1.28651
2013.03.27 00:08:59.964,1.28646,1.2865
2013.03.27 00:09:00.687,1.28646,1.2865
2013.03.27 00:09:01.248,1.28645,1.2865
2013.03.27 00:09:05.907,1.28645,1.28648
2013.03.27 00:09:06.088,1.28641,1.28647
2013.03.27 00:09:06.149,1.28641,1.28647
2013.03.27 00:09:06.279,1.2864,1.28645
2013.03.27 00:09:06.787,1.28639,1.28645
2013.03.27 00:09:07.327,1.28639,1.28646
2013.03.27 00:09:07.507,1.2864,1.28646
2013.03.27 00:09:07.868,1.28641,1.28646
2013.03.27 00:09:07.987,1.28641,1.28648
2013.03.27 00:09:08.516,1.28642,1.28649
2013.03.27 00:09:10.739,1.28644,1.28649
2013.03.27 00:09:12.379,1.28646,1.28651
2013.03.27 00:09:17.568,1.28646,1.28651
2013.03.27 00:09:17.688,1.28647,1.28652
2013.03.27 00:09:17.807,1.28646,1.28651
2013.03.27 00:09:20.378,1.28647,1.28652
2013.03.27 00:09:22.677,1.28646,1.28651
2013.03.27 00:09:23.288,1.28646,1.28651
2013.03.27 00:09:24.998,1.28646,1.28651
2013.03.27 00:09:34.439,1.28647,1.28652
2013.03.27 00:09:34.618,1.28647,1.28651
2013.03.27 00:09:38.707,1.28649,1.28651
2013.03.27 00:09:38.767,1.28649,1.28654
2013.03.27 00:09:39.066,1.28649,1.28655
2013.03.27 00:09:39.607,1.2865,1.28655
2013.03.27 00:09:40.299,1.2865,1.28655
2013.03.27 00:09:44.567,1.28651,1.28655
2013.03.27 00:09:44.687,1.2865,1.28655
2013.03.27 00:09:45.237,1.2865,1.28655
2013.03.27 00:09:48.538,1.2865,1.28654
2013.03.27 00:09:49.076,1.2865,1.28654
2013.03.27 00:10:00.131,1.28649,1.28656
2013.03.27 00:10:00.200,1.28653,1.28657
2013.03.27 00:10:00.627,1.28655,1.2866
2013.03.27 00:10:01.167,1.28655,1.2866
2013.03.27 00:10:08.116,1.28656,1.28662
2013.03.27 00:10:08.177,1.28656,1.28662
2013.03.27 00:10:10.917,1.28656,1.28662
2013.03.27 00:10:11.427,1.28655,1.28661
2013.03.27 00:10:12.548,1.28655,1.2866
2013.03.27 00:10:13.388,1.28659,1.28662
2013.03.27 00:10:13.507,1.28659,1.28662
2013.03.27 00:10:14.047,1.28659,1.28663
2013.03.27 00:10:18.642,1.28659,1.28663
2013.03.27 00:10:23.552,1.28658,1.28662
2013.03.27 00:10:23.620,1.28658,1.28662
2013.03.27 00:10:23.806,1.28657,1.2866
2013.03.27 00:10:23.927,1.28656,1.2866
2013.03.27 00:10:24.168,1.28655,1.28658
2013.03.27 00:10:24.467,1.28653,1.28657
2013.03.27 00:10:24.707,1.28654,1.28659
2013.03.27 00:10:24.766,1.28654,1.28659
2013.03.27 00:10:25.327,1.28655,1.2866
2013.03.27 00:10:29.927,1.28655,1.2866
2013.03.27 00:10:30.437,1.28655,1.2866
2013.03.27 00:10:39.576,1.28656,1.2866
2013.03.27 00:10:42.737,1.28656,1.2866
2013.03.27 00:10:43.867,1.28655,1.2866
2013.03.27 00:10:44.170,1.28655,1.28658
2013.03.27 00:10:44.479,1.28655,1.28659
2013.03.27 00:10:44.996,1.28655,1.2866
2013.03.27 00:10:45.658,1.28656,1.28661
2013.03.27 00:10:45.718,1.28655,1.28662
2013.03.27 00:10:46.267,1.28657,1.28662
2013.03.27 00:10:59.027,1.28659,1.28663
2013.03.27 00:11:03.538,1.28658,1.28664
2013.03.27 00:11:04.087,1.28658,1.28662
2013.03.27 00:11:06.097,1.28658,1.28662
2013.03.27 00:11:11.777,1.28658,1.28662
2013.03.27 00:11:12.198,1.28658,1.28663
2013.03.27 00:11:13.577,1.28658,1.28663
2013.03.27 00:11:23.448,1.28657,1.28663
2013.03.27 00:11:50.797,1.28658,1.28664
2013.03.27 00:11:51.661,1.28658,1.28663
2013.03.27 00:11:56.537,1.28659,1.28664
2013.03.27 00:11:59.887,1.28659,1.28664
2013.03.27 00:12:05.247,1.28659,1.28664
2013.03.27 00:12:05.908,1.28658,1.28664
2013.03.27 00:12:12.046,1.28658,1.28663
2013.03.27 00:12:12.586,1.28658,1.28664
2013.03.27 00:12:13.192,1.28658,1.28664
2013.03.27 00:12:21.297,1.28658,1.28664
2013.03.27 00:12:22.297,1.28658,1.28663
2013.03.27 00:12:27.358,1.28659,1.28664
2013.03.27 00:12:27.938,1.28658,1.28662
2013.03.27 00:12:47.687,1.28659,1.28662
2013.03.27 00:12:48.109,1.28657,1.28662
2013.03.27 00:12:48.301,1.28655,1.28659
2013.03.27 00:12:49.352,1.28657,1.28664
2013.03.27 00:12:55.618,1.28658,1.28663
2013.03.27 00:12:59.248,1.28658,1.28663
2013.03.27 00:13:11.059,1.28657,1.28661
2013.03.27 00:13:11.607,1.28657,1.28661
2013.03.27 00:13:13.599,1.28657,1.28661
2013.03.27 00:13:21.588,1.28657,1.28661
2013.03.27 00:13:37.417,1.28657,1.28663
2013.03.27 00:13:40.849,1.28657,1.28662
2013.03.27 00:13:40.969,1.28655,1.28659
2013.03.27 00:13:41.099,1.28656,1.28658
2013.03.27 00:13:42.086,1.28657,1.28661
2013.03.27 00:13:42.159,1.28657,1.28663
2013.03.27 00:13:42.707,1.28658,1.28663
2013.03.27 00:13:49.768,1.28659,1.28663
2013.03.27 00:13:59.168,1.28658,1.28663
2013.03.27 00:14:02.038,1.28658,1.28663
2013.03.27 00:14:03.087,1.28658,1.28663
2013.03.27 00:14:18.158,1.2866,1.28664
2013.03.27 00:14:19.239,1.28658,1.28662
2013.03.27 00:14:19.597,1.28657,1.28664
2013.03.27 00:14:19.657,1.28657,1.28664
2013.03.27 00:14:20.187,1.28658,1.28664
2013.03.27 00:14:20.697,1.28658,1.28664
2013.03.27 00:14:27.448,1.2866,1.28663
2013.03.27 00:14:41.907,1.28658,1.28663
2013.03.27 00:14:41.967,1.28658,1.28663
2013.03.27 00:14:42.548,1.28658,1.28663
2013.03.27 00:14:45.418,1.28658,1.28663
2013.03.27 00:14:45.478,1.28658,1.28663
2013.03.27 00:14:46.017,1.28658,1.28663
2013.03.27 00:14:46.937,1.28659,1.28663
2013.03.27 00:14:51.567,1.2866,1.28665
2013.03.27 00:14:51.687,1.28662,1.2867
2013.03.27 00:14:51.808,1.28662,1.28666
2013.03.27 00:14:52.358,1.28665,1.28667
2013.03.27 00:14:54.297,1.28664,1.28666
2013.03.27 00:14:57.537,1.28664,1.28666
2013.03.27 00:14:59.708,1.28663,1.28666
2013.03.27 00:15:06.407,1.28661,1.28666
2013.03.27 00:15:09.464,1.28661,1.28666
2013.03.27 00:15:10.039,1.2866,1.28665
2013.03.27 00:15:11.227,1.2866,1.28665
2013.03.27 00:15:11.777,1.28661,1.28665
2013.03.27 00:15:12.409,1.28661,1.28666
2013.03.27 00:15:12.597,1.28663,1.28666
2013.03.27 00:15:13.138,1.28663,1.28667
2013.03.27 00:15:13.677,1.28663,1.28666
2013.03.27 00:15:16.087,1.28663,1.28666
2013.03.27 00:15:16.208,1.28661,1.28665
2013.03.27 00:15:16.627,1.2866,1.28665
2013.03.27 00:15:18.968,1.28661,1.28665
2013.03.27 00:15:19.207,1.28661,1.28665
2013.03.27 00:15:21.717,1.28661,1.28665
2013.03.27 00:15:26.387,1.2866,1.28665
2013.03.27 00:15:28.177,1.28659,1.28665
2013.03.27 00:15:28.701,1.2866,1.28665
2013.03.27 00:15:29.228,1.2866,1.28665
2013.03.27 00:15:32.567,1.28661,1.28665
2013.03.27 00:15:57.235,1.28662,1.28665
2013.03.27 00:15:57.868,1.28662,1.28666
2013.03.27 00:16:02.809,1.28663,1.28666
2013.03.27 00:16:08.618,1.28663,1.28665
2013.03.27 00:16:16.349,1.28661,1.28664
2013.03.27 00:16:16.529,1.2866,1.28664
2013.03.27 00:16:17.089,1.2866,1.28664
2013.03.27 00:16:34.539,1.2866,1.28665
2013.03.27 00:16:35.310,1.2866,1.28665
2013.03.27 00:16:39.777,1.28659,1.28665
2013.03.27 00:16:40.311,1.28659,1.28664
2013.03.27 00:16:40.940,1.28659,1.28664
2013.03.27 00:16:41.457,1.28658,1.28662
2013.03.27 00:16:41.780,1.28656,1.2866
2013.03.27 00:16:41.838,1.28655,1.2866
2013.03.27 00:16:42.388,1.28655,1.2866
2013.03.27 00:16:42.937,1.28655,1.28659
2013.03.27 00:16:45.449,1.28656,1.28659
2013.03.27 00:16:45.628,1.28656,1.28659
2013.03.27 00:16:45.748,1.28657,1.28662
2013.03.27 00:16:46.268,1.28657,1.28664
2013.03.27 00:16:49.857,1.28658,1.28664
2013.03.27 00:16:52.187,1.28659,1.28663
2013.03.27 00:16:52.370,1.28658,1.28661
2013.03.27 00:16:52.918,1.28658,1.28664
2013.03.27 00:16:53.994,1.28658,1.28663
2013.03.27 00:16:56.777,1.28658,1.28664
2013.03.27 00:16:57.476,1.28661,1.28664
2013.03.27 00:16:57.608,1.28661,1.28665
2013.03.27 00:16:58.149,1.28661,1.28665
2013.03.27 00:17:02.529,1.2866,1.28664
2013.03.27 00:17:03.343,1.2866,1.28664
2013.03.27 00:17:04.019,1.2866,1.28663
2013.03.27 00:17:04.318,1.28656,1.28662
2013.03.27 00:17:04.878,1.28656,1.28661
2013.03.27 00:17:05.438,1.28656,1.28661
2013.03.27 00:17:05.858,1.28656,1.28662
2013.03.27 00:17:18.658,1.28656,1.28662
2013.03.27 00:17:19.198,1.28656,1.28661
2013.03.27 00:17:24.578,1.28656,1.28662
2013.03.27 00:17:25.948,1.28655,1.28661
2013.03.27 00:17:26.163,1.28654,1.28658
2013.03.27 00:17:26.408,1.28654,1.28658
2013.03.27 00:17:26.588,1.28654,1.28659
2013.03.27 00:17:27.131,1.28652,1.28659
2013.03.27 00:17:27.498,1.28654,1.28659
2013.03.27 00:17:28.196,1.28654,1.28659
2013.03.27 00:17:29.468,1.28656,1.2866
2013.03.27 00:17:42.147,1.28656,1.2866
2013.03.27 00:17:42.868,1.28656,1.2866
2013.03.27 00:17:43.481,1.28656,1.2866
2013.03.27 00:17:47.654,1.28657,1.2866
2013.03.27 00:17:47.898,1.28657,1.28663
2013.03.27 00:17:53.859,1.28657,1.28663
2013.03.27 00:17:54.157,1.28657,1.28662
2013.03.27 00:17:59.347,1.28657,1.28662
2013.03.27 00:18:03.287,1.28657,1.28662
2013.03.27 00:18:06.580,1.28657,1.28662
2013.03.27 00:18:06.768,1.28657,1.28664
2013.03.27 00:18:07.288,1.28657,1.28664
2013.03.27 00:18:07.978,1.28657,1.28663
2013.03.27 00:18:11.800,1.28658,1.28663
2013.03.27 00:18:19.739,1.28657,1.28662
2013.03.27 00:18:20.627,1.28657,1.28662
2013.03.27 00:18:21.578,1.28657,1.2866
2013.03.27 00:18:22.192,1.28656,1.2866
2013.03.27 00:18:24.118,1.28656,1.28662
2013.03.27 00:18:25.409,1.28656,1.28662
2013.03.27 00:18:25.955,1.28656,1.28663
2013.03.27 00:18:27.079,1.28656,1.28662
2013.03.27 00:18:29.288,1.28656,1.28662
2013.03.27 00:18:30.059,1.28657,1.28663
2013.03.27 00:18:30.857,1.28658,1.28664
2013.03.27 00:18:31.718,1.28658,1.28664
2013.03.27 00:18:54.109,1.28658,1.28662
2013.03.27 00:18:55.859,1.28657,1.28661
2013.03.27 00:18:56.387,1.28655,1.28664
2013.03.27 00:18:57.068,1.28655,1.28664
2013.03.27 00:18:57.629,1.28657,1.28664
2013.03.27 00:18:58.228,1.28657,1.28663
2013.03.27 00:19:00.170,1.28657,1.28664
2013.03.27 00:19:00.727,1.28657,1.28665
2013.03.27 00:19:02.470,1.28657,1.28665
2013.03.27 00:19:02.659,1.28657,1.28664
2013.03.27 00:19:05.487,1.28659,1.28664
2013.03.27 00:19:10.828,1.28659,1.28664
2013.03.27 00:19:13.128,1.28658,1.28665
2013.03.27 00:19:13.369,1.28658,1.28665
2013.03.27 00:19:16.788,1.28659,1.28666
2013.03.27 00:19:21.067,1.2866,1.28666
2013.03.27 00:19:21.757,1.28659,1.28666
2013.03.27 00:19:23.978,1.28659,1.28666
2013.03.27 00:19:24.928,1.28659,1.28666
2013.03.27 00:19:47.028,1.28659,1.28665
2013.03.27 00:19:47.207,1.28659,1.28665
2013.03.27 00:19:48.388,1.28659,1.28664
2013.03.27 00:19:51.889,1.28658,1.28663
2013.03.27 00:19:52.427,1.28658,1.28663
2013.03.27 00:20:00.258,1.28658,1.28664
2013.03.27 00:20:08.450,1.28658,1.28664
2013.03.27 00:20:09.358,1.28657,1.28664
2013.03.27 00:20:12.218,1.28658,1.28662
2013.03.27 00:20:12.280,1.28657,1.28662
2013.03.27 00:20:12.348,1.28657,1.28661
2013.03.27 00:20:12.709,1.28657,1.28661
2013.03.27 00:20:13.278,1.28658,1.28663
2013.03.27 00:20:13.787,1.28659,1.28664
2013.03.27 00:20:16.547,1.28659,1.28664
2013.03.27 00:20:16.667,1.28659,1.28664
2013.03.27 00:20:19.707,1.2866,1.28664
2013.03.27 00:20:23.680,1.2866,1.28664
2013.03.27 00:20:23.750,1.28656,1.28661
2013.03.27 00:20:23.989,1.28658,1.28662
2013.03.27 00:20:24.049,1.2866,1.28663
2013.03.27 00:20:24.298,1.28659,1.28662
2013.03.27 00:20:25.090,1.2866,1.28665
2013.03.27 00:20:27.967,1.2866,1.28662
2013.03.27 00:20:29.037,1.28658,1.28661
2013.03.27 00:20:37.281,1.28659,1.28663
2013.03.27 00:20:38.977,1.28658,1.28662
2013.03.27 00:20:39.740,1.28658,1.28662
2013.03.27 00:20:45.458,1.28658,1.28662
2013.03.27 00:20:46.082,1.28658,1.28662
2013.03.27 00:20:46.638,1.28658,1.28662
2013.03.27 00:20:56.508,1.28658,1.28662
2013.03.27 00:20:56.570,1.28658,1.28663
2013.03.27 00:21:02.833,1.28659,1.28663
2013.03.27 00:21:17.879,1.2866,1.28665
2013.03.27 00:21:29.866,1.2866,1.28665
2013.03.27 00:21:30.500,1.2866,1.28665
2013.03.27 00:21:44.628,1.2866,1.28665
2013.03.27 00:21:47.669,1.2866,1.28665
2013.03.27 00:21:48.189,1.2866,1.28665
2013.03.27 00:21:49.649,1.2866,1.28665
2013.03.27 00:22:01.918,1.2866,1.28665
2013.03.27 00:22:12.998,1.2866,1.28665
2013.03.27 00:22:15.850,1.2866,1.28665
2013.03.27 00:22:19.068,1.28659,1.28665
2013.03.27 00:22:22.047,1.28659,1.28665
2013.03.27 00:22:25.747,1.28659,1.28665
2013.03.27 00:22:34.539,1.28659,1.28665
2013.03.27 00:22:44.549,1.2866,1.28665
2013.03.27 00:22:48.508,1.28659,1.28665
2013.03.27 00:23:13.607,1.28659,1.28665
2013.03.27 00:23:14.157,1.28659,1.28665
2013.03.27 00:23:29.797,1.2866,1.28665
2013.03.27 00:23:58.238,1.28659,1.28665
2013.03.27 00:23:58.777,1.28659,1.28665
2013.03.27 00:24:34.358,1.28659,1.28664
2013.03.27 00:24:46.387,1.28659,1.28665
2013.03.27 00:24:54.148,1.28659,1.28665
2013.03.27 00:24:56.247,1.28658,1.28664
2013.03.27 00:24:56.307,1.28658,1.28665
2013.03.27 00:24:56.817,1.28658,1.28664
2013.03.27 00:24:58.408,1.28658,1.28663
2013.03.27 00:24:58.468,1.28658,1.28664
2013.03.27 00:25:00.229,1.28659,1.28664
2013.03.27 00:25:01.558,1.28657,1.2866
2013.03.27 00:25:02.374,1.28656,1.28663
2013.03.27 00:25:04.151,1.28657,1.28662
2013.03.27 00:25:06.158,1.28657,1.28661
2013.03.27 00:25:06.520,1.28657,1.28661
2013.03.27 00:25:12.208,1.28657,1.2866
2013.03.27 00:25:19.069,1.28656,1.28661
2013.03.27 00:25:20.149,1.28656,1.28662
2013.03.27 00:25:20.271,1.28655,1.28662
2013.03.27 00:25:21.080,1.28655,1.28662
2013.03.27 00:25:21.630,1.28655,1.28662
2013.03.27 00:25:22.451,1.28655,1.28659
2013.03.27 00:25:23.560,1.28657,1.28661
2013.03.27 00:25:26.191,1.28656,1.2866
2013.03.27 00:25:27.269,1.28655,1.28659
2013.03.27 00:25:28.588,1.28655,1.28658
2013.03.27 00:25:29.451,1.28655,1.28658
2013.03.27 00:25:29.699,1.28653,1.28658
2013.03.27 00:25:30.316,1.28653,1.28658
2013.03.27 00:25:31.098,1.28654,1.28658
2013.03.27 00:25:31.698,1.28654,1.28659
2013.03.27 00:25:32.278,1.28654,1.28658
2013.03.27 00:25:33.748,1.28654,1.28658
2013.03.27 00:25:39.079,1.28654,1.28659
2013.03.27 00:25:40.009,1.28654,1.28658
2013.03.27 00:25:41.667,1.28654,1.28658
2013.03.27 00:25:42.665,1.28653,1.28657
2013.03.27 00:25:43.210,1.28653,1.28657
2013.03.27 00:25:43.468,1.28653,1.28657
2013.03.27 00:25:45.847,1.28653,1.28658
2013.03.27 00:25:49.658,1.28653,1.28658
2013.03.27 00:25:51.508,1.28653,1.28658
2013.03.27 00:25:52.158,1.28653,1.28658
2013.03.27 00:25:53.658,1.28653,1.28658
2013.03.27 00:26:00.758,1.28653,1.28657
2013.03.27 00:26:06.239,1.28653,1.28656
2013.03.27 00:26:06.359,1.28651,1.28655
2013.03.27 00:26:06.927,1.28651,1.28655
2013.03.27 00:26:07.462,1.28651,1.28654
2013.03.27 00:26:08.544,1.28651,1.28654
2013.03.27 00:26:10.650,1.2865,1.28654
2013.03.27 00:26:11.069,1.28645,1.28654
2013.03.27 00:26:11.610,1.28648,1.28653
2013.03.27 00:26:13.119,1.28648,1.28653
2013.03.27 00:26:14.368,1.28648,1.28653
2013.03.27 00:26:16.798,1.28648,1.28653
2013.03.27 00:26:17.348,1.28648,1.28653
2013.03.27 00:26:20.809,1.28648,1.28652
2013.03.27 00:26:21.358,1.28648,1.28652
2013.03.27 00:26:27.779,1.28648,1.28652
2013.03.27 00:26:28.498,1.28648,1.28652
2013.03.27 00:26:29.016,1.28648,1.28653
2013.03.27 00:26:30.870,1.28649,1.28653
2013.03.27 00:26:31.168,1.2865,1.28655
2013.03.27 00:26:31.876,1.28652,1.28655
2013.03.27 00:26:32.849,1.28651,1.28656
2013.03.27 00:26:33.509,1.28649,1.28655
2013.03.27 00:26:37.731,1.28649,1.28654
2013.03.27 00:26:41.368,1.28649,1.28653
2013.03.27 00:26:41.908,1.28648,1.28652
2013.03.27 00:26:43.560,1.28648,1.28652
2013.03.27 00:26:44.809,1.28648,1.28652
2013.03.27 00:26:45.409,1.28648,1.28652
2013.03.27 00:26:45.969,1.28648,1.28652
2013.03.27 00:26:46.680,1.28648,1.28652
2013.03.27 00:26:49.649,1.28647,1.28651
2013.03.27 00:26:50.188,1.28646,1.28651
2013.03.27 00:26:53.458,1.28646,1.28651
2013.03.27 00:26:53.998,1.28648,1.28651
2013.03.27 00:26:55.018,1.28647,1.28652
2013.03.27 00:26:56.269,1.28648,1.28652
2013.03.27 00:26:56.709,1.28647,1.28652
2013.03.27 00:26:56.829,1.28647,1.28652
2013.03.27 00:26:57.359,1.28647,1.28652
2013.03.27 00:26:58.519,1.28647,1.28652
2013.03.27 00:26:58.641,1.28646,1.28651
2013.03.27 00:26:59.248,1.28646,1.2865
2013.03.27 00:26:59.980,1.28647,1.2865
2013.03.27 00:27:00.531,1.28648,1.28651
2013.03.27 00:27:03.269,1.28648,1.28653
2013.03.27 00:27:07.020,1.2865,1.28653
2013.03.27 00:27:13.769,1.2865,1.28652
2013.03.27 00:27:15.879,1.28648,1.28653
2013.03.27 00:27:25.153,1.28648,1.28651
2013.03.27 00:27:25.659,1.28648,1.28651
2013.03.27 00:27:27.879,1.28648,1.28653
2013.03.27 00:27:28.240,1.28649,1.28653
2013.03.27 00:27:28.790,1.2865,1.28655
2013.03.27 00:27:33.349,1.2865,1.28655
2013.03.27 00:27:36.720,1.2865,1.28655
2013.03.27 00:27:40.428,1.28648,1.28653
2013.03.27 00:27:41.072,1.28648,1.28653
2013.03.27 00:27:52.399,1.28648,1.28653
2013.03.27 00:27:52.974,1.28648,1.28653
2013.03.27 00:27:55.249,1.28648,1.28653
2013.03.27 00:27:55.370,1.28649,1.28655
2013.03.27 00:27:55.908,1.2865,1.28653
2013.03.27 00:27:56.449,1.28648,1.28653
2013.03.27 00:27:58.292,1.2865,1.28654
2013.03.27 00:27:59.711,1.2865,1.28654
2013.03.27 00:28:06.079,1.28648,1.28653
2013.03.27 00:28:06.379,1.28648,1.28651
2013.03.27 00:28:06.740,1.28646,1.28651
2013.03.27 00:28:07.307,1.28645,1.28651
2013.03.27 00:28:09.629,1.28644,1.28647
2013.03.27 00:28:09.750,1.28642,1.28647
2013.03.27 00:28:09.871,1.28642,1.28647
2013.03.27 00:28:09.929,1.28641,1.28645
2013.03.27 00:28:10.409,1.2864,1.28644
2013.03.27 00:28:11.363,1.2864,1.28644
2013.03.27 00:28:11.609,1.28638,1.28643
2013.03.27 00:28:13.088,1.28638,1.28643
2013.03.27 00:28:13.389,1.28636,1.28639
2013.03.27 00:28:14.001,1.28635,1.28639
2013.03.27 00:28:14.188,1.28635,1.28641
2013.03.27 00:28:14.868,1.28637,1.28642
2013.03.27 00:28:15.508,1.28638,1.28643
2013.03.27 00:28:16.549,1.28639,1.28643
2013.03.27 00:28:16.669,1.2864,1.28645
2013.03.27 00:28:16.729,1.2864,1.28644
2013.03.27 00:28:20.289,1.28642,1.28645
2013.03.27 00:28:20.410,1.28645,1.28647
2013.03.27 00:28:20.469,1.28645,1.28648
2013.03.27 00:28:20.650,1.28646,1.2865
2013.03.27 00:28:20.890,1.28648,1.28653
2013.03.27 00:28:21.189,1.28647,1.28653
2013.03.27 00:28:21.548,1.28647,1.28653
2013.03.27 00:28:21.609,1.28647,1.28653
2013.03.27 00:28:24.048,1.2865,1.28653
2013.03.27 00:28:24.288,1.28652,1.28655
2013.03.27 00:28:24.469,1.28651,1.28654
2013.03.27 00:28:24.989,1.28652,1.28656
2013.03.27 00:28:25.569,1.2865,1.28656
2013.03.27 00:28:25.689,1.2865,1.28655
2013.03.27 00:28:26.228,1.28648,1.28655
2013.03.27 00:28:27.498,1.28648,1.28651
2013.03.27 00:28:28.038,1.28647,1.28651
2013.03.27 00:28:32.968,1.28647,1.28652
2013.03.27 00:28:45.719,1.28647,1.28652
2013.03.27 00:28:46.453,1.28647,1.28652
2013.03.27 00:29:04.189,1.28647,1.28652
2013.03.27 00:29:07.099,1.28647,1.28651
2013.03.27 00:29:13.148,1.28648,1.28653
2013.03.27 00:29:13.388,1.28647,1.28652
2013.03.27 00:29:13.969,1.28647,1.28652
2013.03.27 00:29:14.518,1.28647,1.28652
2013.03.27 00:29:15.059,1.28647,1.28651
2013.03.27 00:29:15.360,1.28645,1.2865
2013.03.27 00:29:15.719,1.28645,1.28649
2013.03.27 00:29:16.079,1.28644,1.28648
2013.03.27 00:29:20.434,1.28644,1.28647
2013.03.27 00:29:21.810,1.28643,1.28645
2013.03.27 00:29:22.169,1.28645,1.28647
2013.03.27 00:29:22.648,1.28647,1.28651
2013.03.27 00:29:22.950,1.28648,1.28651
2013.03.27 00:29:23.489,1.28647,1.28653
2013.03.27 00:29:23.970,1.28647,1.28653
2013.03.27 00:29:24.488,1.28647,1.28653
2013.03.27 00:29:26.529,1.28648,1.28654
2013.03.27 00:29:27.179,1.28648,1.28654
2013.03.27 00:29:28.528,1.28649,1.28654
2013.03.27 00:29:31.740,1.28649,1.28654
2013.03.27 00:29:32.399,1.28646,1.28653
2013.03.27 00:29:32.900,1.28646,1.28651
2013.03.27 00:29:35.950,1.28646,1.28651
2013.03.27 00:29:43.709,1.28646,1.28651
2013.03.27 00:29:43.829,1.28646,1.28651
2013.03.27 00:29:43.888,1.28646,1.28651
2013.03.27 00:29:53.258,1.28646,1.28652
2013.03.27 00:29:53.814,1.28648,1.28652
2013.03.27 00:29:54.419,1.28648,1.28652
2013.03.27 00:29:57.381,1.28648,1.28652
2013.03.27 00:29:58.171,1.28648,1.28652
2013.03.27 00:30:00.769,1.28646,1.28651
2013.03.27 00:30:00.950,1.28646,1.2865
2013.03.27 00:30:01.733,1.28645,1.2865
2013.03.27 00:30:02.238,1.28645,1.28648
2013.03.27 00:30:02.771,1.28641,1.28645
2013.03.27 00:30:03.309,1.28641,1.28645
2013.03.27 00:30:06.180,1.28641,1.28646
2013.03.27 00:30:08.092,1.28641,1.28645
2013.03.27 00:30:10.009,1.2864,1.28645
2013.03.27 00:30:10.608,1.2864,1.28644
2013.03.27 00:30:11.282,1.2864,1.28645
2013.03.27 00:30:13.099,1.2864,1.28645
2013.03.27 00:30:13.649,1.2864,1.28645
2013.03.27 00:30:13.909,1.2864,1.28645
2013.03.27 00:30:14.500,1.2864,1.28645
2013.03.27 00:30:15.261,1.2864,1.28645
2013.03.27 00:30:16.158,1.2864,1.28645
2013.03.27 00:30:18.569,1.2864,1.28645
2013.03.27 00:30:20.180,1.28641,1.28645
2013.03.27 00:30:30.221,1.2864,1.28645
2013.03.27 00:30:31.739,1.28641,1.28645
2013.03.27 00:30:32.800,1.28639,1.28643
2013.03.27 00:30:32.919,1.28639,1.28642
2013.03.27 00:30:33.099,1.28637,1.28641
2013.03.27 00:30:33.786,1.28637,1.28642
2013.03.27 00:30:34.290,1.28636,1.2864
2013.03.27 00:30:38.719,1.28636,1.28642
2013.03.27 00:30:39.489,1.28637,1.28642
2013.03.27 00:30:40.178,1.28637,1.28642
2013.03.27 00:30:41.967,1.28637,1.28642
2013.03.27 00:30:42.149,1.28636,1.28641
2013.03.27 00:30:42.671,1.28636,1.28642
2013.03.27 00:30:43.031,1.28636,1.28642
2013.03.27 00:30:43.459,1.28637,1.28642
2013.03.27 00:30:45.487,1.28637,1.28641
2013.03.27 00:30:46.030,1.28637,1.28642
2013.03.27 00:30:47.408,1.28637,1.28643
2013.03.27 00:30:49.019,1.28637,1.28642
2013.03.27 00:30:52.510,1.28637,1.28642
2013.03.27 00:30:53.419,1.28637,1.28642
2013.03.27 00:30:54.358,1.28638,1.28642
2013.03.27 00:30:54.779,1.28635,1.2864
2013.03.27 00:30:55.286,1.28636,1.2864
2013.03.27 00:30:55.650,1.28635,1.28641
2013.03.27 00:30:56.328,1.28637,1.28641
2013.03.27 00:30:56.859,1.28637,1.28641
2013.03.27 00:30:57.430,1.28637,1.28642
2013.03.27 00:30:58.110,1.28638,1.28642
2013.03.27 00:30:58.468,1.28635,1.2864
2013.03.27 00:30:59.028,1.28635,1.2864
2013.03.27 00:30:59.762,1.28636,1.28641
2013.03.27 00:31:00.010,1.28641,1.28642
2013.03.27 00:31:00.131,1.28642,1.28645
2013.03.27 00:31:00.381,1.28645,1.28649
2013.03.27 00:31:00.919,1.28646,1.28649
2013.03.27 00:31:03.069,1.28647,1.2865
2013.03.27 00:31:03.612,1.28647,1.28651
2013.03.27 00:31:03.800,1.28651,1.28654
2013.03.27 00:31:03.859,1.28651,1.28654
2013.03.27 00:31:04.819,1.28651,1.2866
2013.03.27 00:31:05.359,1.28651,1.28657
2013.03.27 00:31:05.419,1.2865,1.28657
2013.03.27 00:31:05.779,1.2865,1.28655
2013.03.27 00:31:05.961,1.2865,1.28654
2013.03.27 00:31:06.389,1.28649,1.28653
2013.03.27 00:31:09.433,1.28648,1.28652
2013.03.27 00:31:10.720,1.28649,1.28651
2013.03.27 00:31:10.901,1.28647,1.28651
2013.03.27 00:31:11.138,1.28646,1.28651
2013.03.27 00:31:11.670,1.28646,1.2865
2013.03.27 00:31:35.719,1.28645,1.28649
2013.03.27 00:31:35.839,1.28643,1.28646
2013.03.27 00:31:36.503,1.28645,1.28646
2013.03.27 00:31:37.009,1.28645,1.28646
2013.03.27 00:31:37.610,1.28644,1.28651
2013.03.27 00:31:39.036,1.28647,1.28651
2013.03.27 00:31:39.599,1.28649,1.28651
2013.03.27 00:31:39.659,1.28649,1.28653
2013.03.27 00:31:39.778,1.28649,1.28654
2013.03.27 00:31:39.919,1.28651,1.28658
2013.03.27 00:31:39.978,1.28651,1.28658
2013.03.27 00:31:40.850,1.28655,1.2866
2013.03.27 00:31:41.798,1.28655,1.2866
2013.03.27 00:31:42.525,1.28652,1.28657
2013.03.27 00:31:42.594,1.2865,1.28657
2013.03.27 00:31:43.180,1.28649,1.28656
2013.03.27 00:31:43.248,1.28647,1.28656
2013.03.27 00:31:43.528,1.28646,1.28656
2013.03.27 00:31:43.879,1.28646,1.28654
2013.03.27 00:31:43.941,1.28645,1.28653
2013.03.27 00:31:44.488,1.28642,1.28652
2013.03.27 00:31:44.998,1.28644,1.28652
2013.03.27 00:31:45.510,1.28644,1.28652
2013.03.27 00:31:45.600,1.28644,1.2865
2013.03.27 00:31:45.938,1.28644,1.28653
2013.03.27 00:31:45.998,1.28644,1.28653
2013.03.27 00:31:46.321,1.28646,1.28652
2013.03.27 00:31:46.829,1.28648,1.28652
2013.03.27 00:31:47.149,1.28647,1.28652
2013.03.27 00:31:47.209,1.28646,1.28651
2013.03.27 00:31:47.628,1.28646,1.28651
2013.03.27 00:31:51.389,1.28647,1.28653
2013.03.27 00:31:51.929,1.28646,1.2865
2013.03.27 00:31:52.173,1.28645,1.28649
2013.03.27 00:31:54.680,1.28645,1.2865
2013.03.27 00:31:55.028,1.28645,1.2865
2013.03.27 00:31:55.589,1.28645,1.2865
2013.03.27 00:31:56.211,1.28645,1.2865
2013.03.27 00:32:01.309,1.28644,1.28649
2013.03.27 00:32:01.609,1.28641,1.28645
2013.03.27 00:32:01.910,1.2864,1.28641
2013.03.27 00:32:02.390,1.28639,1.28643
2013.03.27 00:32:03.656,1.28637,1.2864
2013.03.27 00:32:04.202,1.28636,1.28638
2013.03.27 00:32:05.539,1.28637,1.28641
2013.03.27 00:32:05.839,1.28638,1.28641
2013.03.27 00:32:05.961,1.28639,1.28642
2013.03.27 00:32:06.510,1.28638,1.28641
2013.03.27 00:32:06.810,1.28638,1.2864
2013.03.27 00:32:07.662,1.28638,1.2864
2013.03.27 00:32:07.804,1.28635,1.28637
2013.03.27 00:32:08.111,1.28631,1.28635
2013.03.27 00:32:09.009,1.28632,1.28634
2013.03.27 00:32:09.089,1.28634,1.28637
2013.03.27 00:32:09.609,1.28635,1.28639
2013.03.27 00:32:10.541,1.28636,1.28639
2013.03.27 00:32:11.099,1.28636,1.2864
2013.03.27 00:32:11.642,1.28635,1.2864
2013.03.27 00:32:11.710,1.28635,1.2864
2013.03.27 00:32:12.068,1.28637,1.28642
2013.03.27 00:32:12.369,1.28638,1.28642
2013.03.27 00:32:12.489,1.28638,1.28642
2013.03.27 00:32:12.550,1.28639,1.28643
2013.03.27 00:32:13.514,1.28641,1.28645
2013.03.27 00:32:13.583,1.28642,1.28646
2013.03.27 00:32:14.140,1.28644,1.28648
2013.03.27 00:32:15.591,1.28643,1.28647
2013.03.27 00:32:15.960,1.2864,1.28644
2013.03.27 00:32:16.500,1.2864,1.28644
2013.03.27 00:32:17.010,1.28641,1.28645
2013.03.27 00:32:17.070,1.28641,1.28645
2013.03.27 00:32:17.140,1.28644,1.28647
2013.03.27 00:32:17.200,1.28644,1.28648
2013.03.27 00:32:17.739,1.28645,1.2865
2013.03.27 00:32:18.278,1.28645,1.2865
2013.03.27 00:32:20.502,1.28648,1.28652
2013.03.27 00:32:20.569,1.28646,1.28652
2013.03.27 00:32:20.810,1.2865,1.28655
2013.03.27 00:32:20.870,1.2865,1.28654
2013.03.27 00:32:21.291,1.2865,1.28655
2013.03.27 00:32:21.839,1.2865,1.28655
2013.03.27 00:32:22.571,1.28648,1.28652
2013.03.27 00:32:22.645,1.28647,1.28653
2013.03.27 00:32:22.951,1.28645,1.2865
2013.03.27 00:32:23.010,1.28643,1.28647
2013.03.27 00:32:23.190,1.28641,1.28645
2013.03.27 00:32:23.430,1.28639,1.28643
2013.03.27 00:32:23.939,1.28639,1.28643
2013.03.27 00:32:25.005,1.28639,1.28643
2013.03.27 00:32:25.559,1.2864,1.28644
2013.03.27 00:32:30.430,1.2864,1.28644
2013.03.27 00:32:30.699,1.2864,1.28645
2013.03.27 00:32:31.540,1.28641,1.28645
2013.03.27 00:32:32.199,1.28641,1.28646
2013.03.27 00:32:32.796,1.28641,1.28646
2013.03.27 00:32:33.566,1.28641,1.28646
2013.03.27 00:32:34.289,1.28641,1.28646
2013.03.27 00:32:34.915,1.28641,1.28646
2013.03.27 00:32:36.870,1.28642,1.28646
2013.03.27 00:32:37.291,1.28645,1.28649
2013.03.27 00:32:38.877,1.28646,1.2865
2013.03.27 00:32:39.399,1.28646,1.2865
2013.03.27 00:32:39.699,1.28647,1.2865
2013.03.27 00:32:40.004,1.28647,1.28651
2013.03.27 00:32:40.662,1.28645,1.2865
2013.03.27 00:32:41.760,1.28646,1.28649
2013.03.27 00:32:42.289,1.28645,1.28647
2013.03.27 00:32:42.411,1.28643,1.28646
2013.03.27 00:32:42.660,1.28641,1.28646
2013.03.27 00:32:42.779,1.28641,1.28646
2013.03.27 00:32:43.219,1.28641,1.28646
2013.03.27 00:32:43.399,1.2864,1.28643
2013.03.27 00:32:43.939,1.28639,1.28643
2013.03.27 00:32:46.549,1.28639,1.28642
2013.03.27 00:32:54.928,1.28638,1.28642
2013.03.27 00:32:57.609,1.28638,1.28641
2013.03.27 00:32:58.719,1.28637,1.2864
2013.03.27 00:32:59.258,1.28637,1.2864
2013.03.27 00:33:01.041,1.28634,1.28638
2013.03.27 00:33:01.342,1.28634,1.28636
2013.03.27 00:33:02.599,1.28633,1.28637
2013.03.27 00:33:02.963,1.28633,1.28635
2013.03.27 00:33:03.211,1.2863,1.28634
2013.03.27 00:33:03.450,1.28628,1.28633
2013.03.27 00:33:04.589,1.28627,1.28631
2013.03.27 00:33:05.404,1.28627,1.28631
2013.03.27 00:33:05.529,1.2863,1.28634
2013.03.27 00:33:05.711,1.28633,1.28638
2013.03.27 00:33:05.839,1.28636,1.28639
2013.03.27 00:33:06.139,1.28636,1.28639
2013.03.27 00:33:06.199,1.28636,1.28642
2013.03.27 00:33:06.749,1.28638,1.28642
2013.03.27 00:33:13.439,1.2864,1.28643
2013.03.27 00:33:13.630,1.28641,1.28643
2013.03.27 00:33:13.990,1.28642,1.28644
2013.03.27 00:33:14.420,1.28641,1.28644
2013.03.27 00:33:14.489,1.28641,1.28643
2013.03.27 00:33:15.710,1.28643,1.28646
2013.03.27 00:33:15.949,1.28644,1.28647
2013.03.27 00:33:16.129,1.28645,1.28648
2013.03.27 00:33:16.551,1.28645,1.28647
2013.03.27 00:33:18.172,1.28644,1.28646
2013.03.27 00:33:18.480,1.28641,1.28644
2013.03.27 00:33:18.600,1.2864,1.28643
2013.03.27 00:33:18.899,1.28636,1.28641
2013.03.27 00:33:19.319,1.28636,1.2864
2013.03.27 00:33:19.843,1.28636,1.2864
2013.03.27 00:33:24.479,1.28636,1.2864
2013.03.27 00:33:24.659,1.28636,1.2864
2013.03.27 00:33:33.798,1.28638,1.2864
2013.03.27 00:33:36.921,1.28635,1.2864
2013.03.27 00:33:39.440,1.28636,1.2864
2013.03.27 00:33:39.619,1.28635,1.2864
2013.03.27 00:33:40.059,1.28635,1.2864
2013.03.27 00:33:43.501,1.28635,1.2864
2013.03.27 00:33:52.761,1.28635,1.2864
2013.03.27 00:33:54.129,1.28635,1.2864
2013.03.27 00:33:54.730,1.28635,1.28639
2013.03.27 00:33:55.670,1.28635,1.28639
2013.03.27 00:33:57.909,1.28635,1.28639
2013.03.27 00:34:00.280,1.28634,1.28639
2013.03.27 00:34:00.879,1.28633,1.28637
2013.03.27 00:34:01.380,1.28633,1.28637
2013.03.27 00:34:01.930,1.28633,1.28637
2013.03.27 00:34:07.319,1.28633,1.28635
2013.03.27 00:34:07.820,1.28632,1.28635
2013.03.27 00:34:09.120,1.2863,1.28633
2013.03.27 00:34:09.659,1.28626,1.28631
2013.03.27 00:34:10.219,1.28626,1.2863
2013.03.27 00:34:10.399,1.28626,1.2863
2013.03.27 00:34:10.912,1.28626,1.28631
2013.03.27 00:34:12.305,1.28625,1.2863
2013.03.27 00:34:12.492,1.28626,1.2863
2013.03.27 00:34:13.091,1.28626,1.2863
2013.03.27 00:34:14.228,1.28627,1.2863
2013.03.27 00:34:14.660,1.28627,1.28632
2013.03.27 00:34:15.200,1.28628,1.28633
2013.03.27 00:34:15.750,1.28628,1.28633
2013.03.27 00:34:16.950,1.28631,1.28636
2013.03.27 00:34:17.069,1.28635,1.28638
2013.03.27 00:34:17.131,1.28635,1.2864
2013.03.27 00:34:17.441,1.28638,1.28641
2013.03.27 00:34:17.740,1.2864,1.28645
2013.03.27 00:34:18.280,1.2864,1.28645
2013.03.27 00:34:18.800,1.2864,1.28645
2013.03.27 00:34:19.159,1.2864,1.28645
2013.03.27 00:34:19.700,1.28641,1.28645
2013.03.27 00:34:20.252,1.28641,1.28646
2013.03.27 00:34:20.778,1.28642,1.28647
2013.03.27 00:34:21.279,1.28645,1.28647
2013.03.27 00:34:21.460,1.28646,1.28649
2013.03.27 00:34:21.520,1.28646,1.2865
2013.03.27 00:34:21.641,1.28646,1.2865
2013.03.27 00:34:21.879,1.28647,1.2865
2013.03.27 00:34:22.419,1.28648,1.28653
2013.03.27 00:34:23.690,1.28647,1.2865
2013.03.27 00:34:23.809,1.28643,1.28647
2013.03.27 00:34:24.051,1.28642,1.28645
2013.03.27 00:34:24.229,1.28638,1.28645
2013.03.27 00:34:24.589,1.28637,1.28643
2013.03.27 00:34:25.129,1.28637,1.28643
2013.03.27 00:34:25.742,1.28637,1.28643
2013.03.27 00:34:28.693,1.28637,1.28643
2013.03.27 00:34:29.212,1.28637,1.28642
2013.03.27 00:34:29.790,1.28637,1.28642
2013.03.27 00:34:31.649,1.28637,1.28642
2013.03.27 00:34:31.990,1.28637,1.28642
2013.03.27 00:34:32.359,1.28638,1.28644
2013.03.27 00:34:32.419,1.28639,1.28644
2013.03.27 00:34:32.790,1.28638,1.28645
2013.03.27 00:34:34.340,1.28637,1.28645
2013.03.27 00:34:34.700,1.28635,1.28641
2013.03.27 00:34:35.238,1.28635,1.28639
2013.03.27 00:34:35.780,1.28633,1.28638
2013.03.27 00:34:36.649,1.28633,1.28638
2013.03.27 00:34:37.159,1.28633,1.28635
2013.03.27 00:34:39.563,1.28632,1.28635
2013.03.27 00:34:41.239,1.28633,1.28637
2013.03.27 00:34:48.739,1.28633,1.28638
2013.03.27 00:34:56.249,1.28634,1.28638
2013.03.27 00:34:58.991,1.28634,1.28638
2013.03.27 00:34:59.349,1.28636,1.28638
2013.03.27 00:34:59.830,1.28637,1.28643
2013.03.27 00:35:00.429,1.28637,1.28642
2013.03.27 00:35:02.871,1.28637,1.28642
2013.03.27 00:35:03.229,1.28639,1.28642
2013.03.27 00:35:03.589,1.28639,1.28642
2013.03.27 00:35:04.129,1.28639,1.28643
2013.03.27 00:35:05.042,1.28639,1.28644
2013.03.27 00:35:10.850,1.2864,1.28645
2013.03.27 00:35:13.809,1.28641,1.28646
2013.03.27 00:35:14.359,1.28641,1.28647
2013.03.27 00:35:14.910,1.28645,1.2865
2013.03.27 00:35:15.627,1.28645,1.28651
2013.03.27 00:35:16.129,1.28645,1.2865
2013.03.27 00:35:20.989,1.28646,1.28652
2013.03.27 00:35:22.390,1.28646,1.28651
2013.03.27 00:35:22.940,1.28646,1.28652
2013.03.27 00:35:25.633,1.28646,1.28652
2013.03.27 00:35:26.163,1.28646,1.28652
2013.03.27 00:35:51.069,1.28645,1.2865
2013.03.27 00:35:51.249,1.28645,1.2865
2013.03.27 00:35:57.069,1.28645,1.28649
2013.03.27 00:36:00.009,1.28645,1.2865
2013.03.27 00:36:04.469,1.28645,1.28649
2013.03.27 00:36:07.150,1.28646,1.28652
2013.03.27 00:36:07.389,1.28647,1.28652
2013.03.27 00:36:07.939,1.28646,1.28652
2013.03.27 00:36:08.953,1.28647,1.28652
2013.03.27 00:36:10.458,1.28647,1.28652
2013.03.27 00:36:11.249,1.28647,1.28652
2013.03.27 00:36:12.780,1.28648,1.28652
2013.03.27 00:36:14.529,1.28648,1.28653
2013.03.27 00:36:15.750,1.28648,1.28653
2013.03.27 00:36:16.049,1.28649,1.28654
2013.03.27 00:36:20.241,1.2865,1.28653
2013.03.27 00:36:20.779,1.2865,1.28653
2013.03.27 00:36:21.320,1.28649,1.28653
2013.03.27 00:36:21.849,1.28649,1.28653
2013.03.27 00:36:27.730,1.2865,1.28653
2013.03.27 00:36:28.269,1.2865,1.28653
2013.03.27 00:36:29.250,1.28649,1.28653
2013.03.27 00:36:31.501,1.28648,1.28653
2013.03.27 00:36:32.059,1.28648,1.28652
2013.03.27 00:36:33.321,1.28648,1.28653
2013.03.27 00:36:37.019,1.28648,1.28653
2013.03.27 00:36:37.329,1.28649,1.28653
2013.03.27 00:36:37.509,1.2865,1.28655
2013.03.27 00:36:41.369,1.28651,1.28656
2013.03.27 00:36:41.699,1.28651,1.28656
2013.03.27 00:36:42.260,1.28651,1.28656
2013.03.27 00:37:00.050,1.28651,1.28656
2013.03.27 00:37:03.063,1.2865,1.28657
2013.03.27 00:37:03.191,1.28651,1.28657
2013.03.27 00:37:04.549,1.28651,1.28657
2013.03.27 00:37:05.063,1.28652,1.28657
2013.03.27 00:37:06.270,1.28653,1.28658
2013.03.27 00:37:06.630,1.28654,1.2866
2013.03.27 00:37:20.939,1.28656,1.2866
2013.03.27 00:37:33.554,1.28655,1.28659
2013.03.27 00:37:33.862,1.28654,1.28657
2013.03.27 00:37:34.231,1.2865,1.28655
2013.03.27 00:37:34.651,1.2865,1.28654
2013.03.27 00:37:35.460,1.2865,1.28653
2013.03.27 00:37:35.544,1.28648,1.2865
2013.03.27 00:38:10.501,1.28647,1.28651
2013.03.27 00:38:11.302,1.28647,1.28651
2013.03.27 00:38:15.093,1.28647,1.28651
2013.03.27 00:38:15.224,1.28646,1.2865
2013.03.27 00:38:15.290,1.28646,1.28648
2013.03.27 00:38:15.591,1.28643,1.28646
2013.03.27 00:38:15.770,1.28639,1.28644
2013.03.27 00:38:15.891,1.28637,1.28643
2013.03.27 00:38:16.499,1.28637,1.28642
2013.03.27 00:38:17.008,1.28637,1.28642
2013.03.27 00:38:17.559,1.28636,1.28642
2013.03.27 00:38:19.669,1.28637,1.28644
2013.03.27 00:38:23.430,1.28639,1.28644
2013.03.27 00:38:27.980,1.28639,1.28643
2013.03.27 00:38:28.161,1.28636,1.2864
2013.03.27 00:38:28.710,1.28635,1.2864
2013.03.27 00:38:29.280,1.28635,1.2864
2013.03.27 00:38:29.809,1.28635,1.2864
2013.03.27 00:38:30.111,1.28635,1.2864
2013.03.27 00:38:30.671,1.28637,1.28641
2013.03.27 00:38:31.841,1.28637,1.28642
2013.03.27 00:38:32.690,1.28637,1.28642
2013.03.27 00:38:35.730,1.28639,1.28643
2013.03.27 00:38:36.151,1.2864,1.28645
2013.03.27 00:38:36.661,1.28642,1.28645
2013.03.27 00:38:45.870,1.28641,1.28645
2013.03.27 00:38:45.930,1.28641,1.28645
2013.03.27 00:38:46.470,1.2864,1.28645
2013.03.27 00:38:47.641,1.2864,1.28645
2013.03.27 00:38:48.199,1.28639,1.28644
2013.03.27 00:38:49.257,1.28636,1.28642
2013.03.27 00:38:49.329,1.28636,1.28641
2013.03.27 00:38:49.897,1.28635,1.28641
2013.03.27 00:38:50.410,1.28638,1.28642
2013.03.27 00:38:52.499,1.28636,1.28641
2013.03.27 00:38:53.089,1.28639,1.28642
2013.03.27 00:38:56.619,1.28639,1.28642
2013.03.27 00:38:59.180,1.28639,1.28643
2013.03.27 00:38:59.719,1.2864,1.28643
2013.03.27 00:39:01.040,1.2864,1.28644
2013.03.27 00:39:01.099,1.28641,1.28646
2013.03.27 00:39:01.340,1.28642,1.28647
2013.03.27 00:39:01.520,1.28645,1.28648
2013.03.27 00:39:02.059,1.28645,1.28648
2013.03.27 00:39:02.620,1.28645,1.28648
2013.03.27 00:39:03.198,1.28645,1.28648
2013.03.27 00:39:05.130,1.28646,1.28648
2013.03.27 00:39:07.160,1.28647,1.28651
2013.03.27 00:39:07.221,1.28648,1.28651
2013.03.27 00:39:07.739,1.28649,1.28652
2013.03.27 00:39:08.479,1.28648,1.28652
2013.03.27 00:39:08.734,1.28649,1.28655
2013.03.27 00:39:08.860,1.2865,1.28655
2013.03.27 00:39:09.220,1.28648,1.2865
2013.03.27 00:39:09.340,1.28645,1.2865
2013.03.27 00:39:09.400,1.28645,1.28648
2013.03.27 00:39:10.201,1.28645,1.2865
2013.03.27 00:39:10.562,1.28645,1.28648
2013.03.27 00:39:12.430,1.28645,1.28648
2013.03.27 00:39:12.790,1.28647,1.2865
2013.03.27 00:39:14.850,1.28648,1.28651
2013.03.27 00:39:15.210,1.28645,1.28651
2013.03.27 00:39:16.349,1.28649,1.28653
2013.03.27 00:39:17.199,1.28649,1.28652
2013.03.27 00:39:17.380,1.28645,1.2865
2013.03.27 00:39:17.919,1.28646,1.2865
2013.03.27 00:39:18.561,1.2865,1.28652
2013.03.27 00:39:18.622,1.28651,1.28654
2013.03.27 00:39:18.871,1.28652,1.28655
2013.03.27 00:39:18.992,1.2865,1.28654
2013.03.27 00:39:19.052,1.2865,1.28654
2013.03.27 00:39:19.550,1.2865,1.28653
2013.03.27 00:39:19.671,1.28647,1.28651
2013.03.27 00:39:19.792,1.28645,1.28647
2013.03.27 00:39:19.981,1.28646,1.28649
2013.03.27 00:39:20.221,1.28646,1.2865
2013.03.27 00:39:20.519,1.28645,1.2865
2013.03.27 00:39:20.999,1.28643,1.28647
2013.03.27 00:39:21.519,1.28643,1.28647
2013.03.27 00:39:23.960,1.28643,1.28648
2013.03.27 00:39:24.500,1.28645,1.28648
2013.03.27 00:39:24.870,1.28646,1.28651
2013.03.27 00:39:26.112,1.28646,1.28651
2013.03.27 00:39:28.708,1.28646,1.28651
2013.03.27 00:39:29.259,1.28645,1.28649
2013.03.27 00:39:30.419,1.28646,1.2865
2013.03.27 00:39:30.710,1.28646,1.28651
2013.03.27 00:39:35.909,1.28646,1.28651
2013.03.27 00:39:36.329,1.28646,1.2865
2013.03.27 00:39:36.389,1.28646,1.2865
2013.03.27 00:39:36.991,1.28645,1.28649
2013.03.27 00:39:37.241,1.28644,1.28647
2013.03.27 00:39:37.661,1.28644,1.28646
2013.03.27 00:39:37.971,1.28643,1.28648
2013.03.27 00:39:44.177,1.28642,1.28646
2013.03.27 00:39:45.649,1.28642,1.28646
2013.03.27 00:39:46.190,1.28642,1.28645
2013.03.27 00:39:46.680,1.28644,1.28648
2013.03.27 00:39:47.041,1.28645,1.28649
2013.03.27 00:39:47.101,1.28646,1.28649
2013.03.27 00:39:47.221,1.28646,1.28651
2013.03.27 00:39:48.005,1.28648,1.28651
2013.03.27 00:39:48.080,1.28648,1.28653
2013.03.27 00:39:48.640,1.28649,1.28653
2013.03.27 00:39:50.195,1.28649,1.28654
2013.03.27 00:39:50.570,1.2865,1.28654
2013.03.27 00:39:51.173,1.28651,1.28655
2013.03.27 00:39:53.250,1.28652,1.28655
2013.03.27 00:39:53.789,1.28653,1.28655
2013.03.27 00:39:54.480,1.28654,1.28655
2013.03.27 00:39:54.719,1.28655,1.28656
2013.03.27 00:39:55.326,1.28654,1.28658
2013.03.27 00:39:55.452,1.28655,1.28659
2013.03.27 00:39:56.000,1.28656,1.2866
2013.03.27 00:39:56.541,1.28656,1.28661
2013.03.27 00:39:57.352,1.28657,1.28661
2013.03.27 00:39:58.260,1.28658,1.28662
2013.03.27 00:40:00.380,1.28659,1.28663
2013.03.27 00:40:00.740,1.28661,1.28663
2013.03.27 00:40:01.041,1.28661,1.28665
2013.03.27 00:40:01.161,1.28662,1.28666
2013.03.27 00:40:01.701,1.28663,1.28666
2013.03.27 00:40:01.820,1.28664,1.28667
2013.03.27 00:40:02.612,1.28663,1.28668
2013.03.27 00:40:02.690,1.28661,1.28663
2013.03.27 00:40:03.660,1.2866,1.28663
2013.03.27 00:40:04.140,1.28661,1.28666
2013.03.27 00:40:04.380,1.28663,1.28666
2013.03.27 00:40:05.039,1.28663,1.28665
2013.03.27 00:40:05.579,1.28662,1.28666
2013.03.27 00:40:06.990,1.28661,1.28665
2013.03.27 00:40:07.530,1.28661,1.28666
2013.03.27 00:40:07.711,1.28662,1.28665
2013.03.27 00:40:08.230,1.28662,1.28665
2013.03.27 00:40:14.073,1.28663,1.28667
2013.03.27 00:40:14.620,1.28664,1.28668
2013.03.27 00:40:15.011,1.28664,1.28668
2013.03.27 00:40:16.701,1.28664,1.28667
2013.03.27 00:40:19.489,1.28665,1.28668
2013.03.27 00:40:19.557,1.28662,1.28665
2013.03.27 00:40:22.650,1.28661,1.28665
2013.03.27 00:40:23.200,1.2866,1.28665
2013.03.27 00:40:26.539,1.28663,1.28666
2013.03.27 00:40:27.162,1.28661,1.28666
2013.03.27 00:40:29.450,1.28664,1.28667
2013.03.27 00:40:30.154,1.28664,1.28666
2013.03.27 00:40:35.420,1.28662,1.28666
2013.03.27 00:40:35.970,1.28661,1.28664
2013.03.27 00:40:40.774,1.28662,1.28665
2013.03.27 00:40:44.779,1.28662,1.28665
2013.03.27 00:40:45.320,1.28662,1.28665
2013.03.27 00:40:51.163,1.28661,1.28664
2013.03.27 00:40:52.210,1.28661,1.28664
2013.03.27 00:40:53.530,1.28661,1.28664
2013.03.27 00:40:56.430,1.28661,1.28664
2013.03.27 00:41:00.941,1.28661,1.28664
2013.03.27 00:41:01.601,1.2866,1.28663
2013.03.27 00:41:02.140,1.28659,1.28662
2013.03.27 00:41:02.700,1.28656,1.28659
2013.03.27 00:41:02.821,1.28656,1.28659
2013.03.27 00:41:05.026,1.28655,1.2866
2013.03.27 00:41:10.531,1.28655,1.28658
2013.03.27 00:41:10.709,1.28655,1.2866
2013.03.27 00:41:13.290,1.28655,1.28659
2013.03.27 00:41:33.590,1.28656,1.28659
2013.03.27 00:41:34.315,1.28656,1.28659
2013.03.27 00:41:39.180,1.28656,1.28659
2013.03.27 00:41:41.041,1.28656,1.28658
2013.03.27 00:41:41.220,1.28656,1.2866
2013.03.27 00:41:42.549,1.28656,1.28661
2013.03.27 00:41:43.180,1.28655,1.28658
2013.03.27 00:41:48.361,1.28656,1.28658
2013.03.27 00:41:48.840,1.28656,1.2866
2013.03.27 00:41:49.530,1.28656,1.28661
2013.03.27 00:41:50.509,1.28656,1.2866
2013.03.27 00:41:50.630,1.28656,1.2866
2013.03.27 00:41:51.160,1.28655,1.2866
2013.03.27 00:41:52.332,1.28654,1.28657
2013.03.27 00:41:52.520,1.28654,1.28659
2013.03.27 00:41:52.704,1.28651,1.28655
2013.03.27 00:41:52.953,1.2865,1.28652
2013.03.27 00:41:53.263,1.28646,1.28652
2013.03.27 00:41:53.810,1.28648,1.28652
2013.03.27 00:41:54.311,1.28648,1.28652
2013.03.27 00:42:00.960,1.28648,1.28652
2013.03.27 00:42:03.586,1.28648,1.28653
2013.03.27 00:42:03.960,1.28647,1.28654
2013.03.27 00:42:04.497,1.2865,1.28654
2013.03.27 00:42:05.155,1.2865,1.28654
2013.03.27 00:42:07.400,1.28649,1.28654
2013.03.27 00:42:10.100,1.28649,1.28654
2013.03.27 00:42:10.761,1.28648,1.28652
2013.03.27 00:42:11.300,1.28647,1.28652
2013.03.27 00:42:12.470,1.28647,1.28652
2013.03.27 00:42:12.776,1.28645,1.28648
2013.03.27 00:42:13.531,1.28645,1.28648
2013.03.27 00:42:13.608,1.28643,1.28649
2013.03.27 00:42:13.910,1.28641,1.28645
2013.03.27 00:42:14.090,1.28644,1.28647
2013.03.27 00:42:14.629,1.28645,1.28648
2013.03.27 00:42:15.154,1.28645,1.28648
2013.03.27 00:42:18.652,1.28644,1.28648
2013.03.27 00:42:19.018,1.28643,1.28648
2013.03.27 00:42:19.080,1.28643,1.28648
2013.03.27 00:42:24.480,1.28644,1.28647
2013.03.27 00:42:27.121,1.28644,1.28648
2013.03.27 00:42:30.637,1.28644,1.28648
2013.03.27 00:42:33.650,1.28644,1.28648
2013.03.27 00:42:34.207,1.28644,1.28648
2013.03.27 00:42:35.590,1.28644,1.28648
2013.03.27 00:42:38.660,1.28645,1.28649
2013.03.27 00:42:39.020,1.28648,1.28651
2013.03.27 00:42:39.379,1.28647,1.28652
2013.03.27 00:42:39.901,1.28647,1.28652
2013.03.27 00:42:41.940,1.28647,1.28652
2013.03.27 00:42:43.061,1.28648,1.28653
2013.03.27 00:42:43.544,1.28649,1.28655
2013.03.27 00:42:43.610,1.28649,1.28655
2013.03.27 00:42:44.131,1.2865,1.28655
2013.03.27 00:42:44.649,1.2865,1.28655
2013.03.27 00:42:48.970,1.28648,1.28653
2013.03.27 00:42:49.212,1.28646,1.2865
2013.03.27 00:42:49.512,1.28643,1.28648
2013.03.27 00:42:50.410,1.28644,1.28648
2013.03.27 00:42:53.200,1.28643,1.28648
2013.03.27 00:42:58.030,1.28644,1.28648
2013.03.27 00:42:59.320,1.28643,1.28648
2013.03.27 00:42:59.679,1.28641,1.28646
2013.03.27 00:43:00.212,1.28642,1.28648
2013.03.27 00:43:00.450,1.28641,1.28644
2013.03.27 00:43:01.002,1.28641,1.28644
2013.03.27 00:43:01.181,1.28641,1.28645
2013.03.27 00:43:01.301,1.28641,1.28647
2013.03.27 00:43:02.100,1.28644,1.28649
2013.03.27 00:43:02.183,1.28645,1.28649
2013.03.27 00:43:08.432,1.28645,1.28649
2013.03.27 00:43:16.651,1.28646,1.2865
2013.03.27 00:43:16.830,1.28647,1.28653
2013.03.27 00:43:17.380,1.28649,1.28653
2013.03.27 00:43:17.904,1.28649,1.28653
2013.03.27 00:43:19.150,1.28649,1.28654
2013.03.27 00:43:19.802,1.28649,1.28655
2013.03.27 00:43:22.430,1.2865,1.28655
2013.03.27 00:43:29.794,1.2865,1.28655
2013.03.27 00:43:30.103,1.2865,1.28657
2013.03.27 00:43:30.412,1.28653,1.2866
2013.03.27 00:43:30.533,1.28654,1.2866
2013.03.27 00:43:31.070,1.28655,1.28662
2013.03.27 00:43:31.630,1.28657,1.28663
2013.03.27 00:43:32.190,1.28657,1.28663
2013.03.27 00:43:42.861,1.28656,1.28662
2013.03.27 00:43:43.101,1.28659,1.28663
2013.03.27 00:43:43.341,1.2866,1.28665
2013.03.27 00:43:43.881,1.28661,1.28666
2013.03.27 00:43:44.667,1.28661,1.28667
2013.03.27 00:43:45.740,1.28661,1.28667
2013.03.27 00:43:46.281,1.28663,1.28668
2013.03.27 00:43:46.521,1.28661,1.28665
2013.03.27 00:43:46.701,1.2866,1.28665
2013.03.27 00:43:47.321,1.2866,1.28663
2013.03.27 00:43:48.392,1.2866,1.28662
2013.03.27 00:43:56.310,1.28657,1.28661
2013.03.27 00:43:56.430,1.28657,1.28661
2013.03.27 00:43:56.550,1.28656,1.28663
2013.03.27 00:43:57.075,1.28656,1.28661
2013.03.27 00:43:57.259,1.28656,1.28661
2013.03.27 00:43:57.711,1.28656,1.28661
2013.03.27 00:43:58.070,1.28656,1.28661
2013.03.27 00:43:58.661,1.28656,1.28661
2013.03.27 00:43:59.500,1.28656,1.28661
2013.03.27 00:44:01.630,1.28657,1.2866
2013.03.27 00:44:04.071,1.28657,1.28661
2013.03.27 00:44:04.136,1.28657,1.28662
2013.03.27 00:44:04.262,1.28657,1.28662
2013.03.27 00:44:04.690,1.28655,1.2866
2013.03.27 00:44:08.660,1.28654,1.28659
2013.03.27 00:44:08.841,1.28652,1.28655
2013.03.27 00:44:10.080,1.28652,1.28655
2013.03.27 00:44:14.362,1.28653,1.28656
2013.03.27 00:44:17.771,1.28652,1.28655
2013.03.27 00:44:20.051,1.2865,1.28655
2013.03.27 00:44:20.352,1.28649,1.28653
2013.03.27 00:44:25.150,1.28648,1.28653
2013.03.27 00:44:25.391,1.28648,1.28653
2013.03.27 00:44:30.432,1.28648,1.28652
2013.03.27 00:44:31.061,1.28647,1.28652
2013.03.27 00:44:31.301,1.28644,1.28648
2013.03.27 00:44:31.542,1.28642,1.28646
2013.03.27 00:44:31.661,1.28642,1.28645
2013.03.27 00:44:32.200,1.28642,1.28646
2013.03.27 00:44:32.760,1.28642,1.28647
2013.03.27 00:44:36.772,1.28643,1.28648
2013.03.27 00:44:36.841,1.28643,1.28648
2013.03.27 00:44:37.389,1.28643,1.28648
2013.03.27 00:44:38.922,1.28645,1.28648
2013.03.27 00:44:39.101,1.28647,1.2865
2013.03.27 00:44:39.341,1.28648,1.28651
2013.03.27 00:44:39.521,1.2865,1.28654
2013.03.27 00:44:39.820,1.2865,1.28655
2013.03.27 00:44:40.360,1.2865,1.28656
2013.03.27 00:44:40.860,1.2865,1.28657
2013.03.27 00:44:40.981,1.28653,1.28657
2013.03.27 00:44:41.521,1.28655,1.28662
2013.03.27 00:44:42.060,1.28655,1.28662
2013.03.27 00:44:42.704,1.28655,1.28662
2013.03.27 00:44:43.042,1.28656,1.28662
2013.03.27 00:44:43.582,1.28657,1.28663
2013.03.27 00:44:44.230,1.28658,1.28663
2013.03.27 00:44:45.391,1.28659,1.28664
2013.03.27 00:44:46.437,1.2866,1.28664
2013.03.27 00:44:47.141,1.2866,1.28664
2013.03.27 00:44:47.200,1.2866,1.28664
2013.03.27 00:44:47.260,1.2866,1.28662
2013.03.27 00:44:47.561,1.28656,1.2866
2013.03.27 00:44:47.803,1.28654,1.28659
2013.03.27 00:44:47.931,1.28654,1.28658
2013.03.27 00:44:48.290,1.28652,1.28659
2013.03.27 00:44:48.881,1.28652,1.28657
2013.03.27 00:44:49.390,1.28652,1.28656
2013.03.27 00:44:50.810,1.28651,1.28655
2013.03.27 00:44:51.051,1.28651,1.28655
2013.03.27 00:44:55.110,1.28653,1.28655
2013.03.27 00:44:55.631,1.28653,1.28657
2013.03.27 00:44:56.141,1.28653,1.28657
2013.03.27 00:45:07.100,1.28654,1.28657
2013.03.27 00:45:07.400,1.28654,1.28659
2013.03.27 00:45:07.641,1.28656,1.2866
2013.03.27 00:45:08.169,1.28656,1.28661
2013.03.27 00:45:13.491,1.28658,1.28662
2013.03.27 00:45:20.340,1.28658,1.28661
2013.03.27 00:45:20.642,1.28656,1.28659
2013.03.27 00:45:23.460,1.28654,1.28658
2013.03.27 00:45:24.497,1.28653,1.28658
2013.03.27 00:45:25.322,1.28656,1.2866
2013.03.27 00:45:25.922,1.28655,1.2866
2013.03.27 00:45:26.770,1.28655,1.2866
2013.03.27 00:45:32.210,1.28655,1.2866
2013.03.27 00:45:32.631,1.28655,1.28659
2013.03.27 00:45:32.750,1.28655,1.28659
2013.03.27 00:45:33.289,1.28654,1.28658
2013.03.27 00:45:35.050,1.28653,1.28658
2013.03.27 00:45:35.351,1.28651,1.28655
2013.03.27 00:45:35.473,1.2865,1.28653
2013.03.27 00:45:35.662,1.2865,1.28652
2013.03.27 00:45:40.831,1.28651,1.28654
2013.03.27 00:45:41.191,1.28651,1.28655
2013.03.27 00:45:41.490,1.28652,1.28657
2013.03.27 00:45:41.731,1.28653,1.28657
2013.03.27 00:45:42.211,1.28655,1.28661
2013.03.27 00:45:42.570,1.28654,1.28659
2013.03.27 00:45:43.631,1.28654,1.2866
2013.03.27 00:45:46.491,1.28655,1.2866
2013.03.27 00:45:49.538,1.28655,1.2866
2013.03.27 00:45:50.071,1.28655,1.2866
2013.03.27 00:45:50.191,1.28656,1.28663
2013.03.27 00:45:55.681,1.28658,1.28662
2013.03.27 00:45:56.239,1.28658,1.28661
2013.03.27 00:45:56.901,1.28655,1.2866
2013.03.27 00:46:00.512,1.28655,1.28661
2013.03.27 00:46:01.051,1.28658,1.28661
2013.03.27 00:46:01.600,1.28658,1.28661
2013.03.27 00:46:10.860,1.28658,1.28661
2013.03.27 00:46:11.707,1.28656,1.2866
2013.03.27 00:46:12.297,1.28656,1.2866
2013.03.27 00:46:14.442,1.28657,1.2866
2013.03.27 00:46:14.680,1.28658,1.28662
2013.03.27 00:46:15.406,1.28658,1.28662
2013.03.27 00:46:17.531,1.28659,1.28663
2013.03.27 00:46:18.121,1.28659,1.28663
2013.03.27 00:46:18.660,1.28659,1.28663
2013.03.27 00:46:19.408,1.28659,1.28662
2013.03.27 00:46:21.582,1.28659,1.28662
2013.03.27 00:46:22.122,1.28658,1.28663
2013.03.27 00:46:22.641,1.2866,1.28665
2013.03.27 00:46:24.200,1.28659,1.28664
2013.03.27 00:46:24.442,1.28657,1.2866
2013.03.27 00:46:24.993,1.28656,1.2866
2013.03.27 00:46:25.123,1.28655,1.2866
2013.03.27 00:46:25.310,1.28655,1.28659
2013.03.27 00:46:25.850,1.28655,1.28658
2013.03.27 00:46:26.950,1.28654,1.28658
2013.03.27 00:46:27.361,1.28654,1.28658
2013.03.27 00:46:27.890,1.28654,1.28658
2013.03.27 00:46:28.491,1.28654,1.28658
2013.03.27 00:46:29.366,1.28654,1.28659
2013.03.27 00:46:37.510,1.28654,1.28658
2013.03.27 00:46:38.912,1.28654,1.28658
2013.03.27 00:46:40.140,1.28654,1.28659
2013.03.27 00:46:40.770,1.28654,1.28659
2013.03.27 00:46:41.852,1.28655,1.28659
2013.03.27 00:46:42.450,1.28654,1.28659
2013.03.27 00:46:48.073,1.28653,1.28658
2013.03.27 00:46:48.621,1.28653,1.28657
2013.03.27 00:46:49.193,1.28653,1.28657
2013.03.27 00:46:54.853,1.28654,1.28658
2013.03.27 00:46:58.000,1.28654,1.28659
2013.03.27 00:46:58.793,1.28654,1.28658
2013.03.27 00:47:01.390,1.28654,1.28658
2013.03.27 00:47:11.039,1.28652,1.28654
2013.03.27 00:47:11.430,1.2865,1.28654
2013.03.27 00:47:11.670,1.2865,1.28655
2013.03.27 00:47:11.972,1.2865,1.28653
2013.03.27 00:47:12.710,1.2865,1.28654
2013.03.27 00:47:13.793,1.2865,1.28654
2013.03.27 00:47:13.971,1.28649,1.28654
2013.03.27 00:47:14.620,1.28649,1.28654
2013.03.27 00:47:16.562,1.28649,1.28654
2013.03.27 00:47:17.902,1.28649,1.28654
2013.03.27 00:47:18.440,1.2865,1.28654
2013.03.27 00:47:19.302,1.2865,1.28655
2013.03.27 00:47:19.541,1.28651,1.28655
2013.03.27 00:47:20.080,1.28654,1.28658
2013.03.27 00:47:21.681,1.28654,1.28658
2013.03.27 00:47:22.332,1.28654,1.28658
2013.03.27 00:47:25.900,1.28654,1.28658
2013.03.27 00:47:26.391,1.28653,1.28658
2013.03.27 00:47:27.004,1.28652,1.28656
2013.03.27 00:47:27.679,1.28652,1.28655
2013.03.27 00:47:28.222,1.28652,1.28656
2013.03.27 00:47:31.142,1.28652,1.28655
2013.03.27 00:47:31.270,1.28651,1.28655
2013.03.27 00:47:31.450,1.28651,1.28654
2013.03.27 00:47:38.742,1.28651,1.28654
2013.03.27 00:47:39.280,1.28651,1.28654
2013.03.27 00:47:47.901,1.28652,1.28655
2013.03.27 00:47:51.380,1.28652,1.28655
2013.03.27 00:47:55.920,1.28652,1.28655
2013.03.27 00:47:56.970,1.28652,1.28655
2013.03.27 00:47:57.333,1.28649,1.28651
2013.03.27 00:47:57.640,1.28646,1.2865
2013.03.27 00:47:58.122,1.28647,1.28653
2013.03.27 00:47:58.661,1.28648,1.28653
2013.03.27 00:47:59.811,1.2865,1.28653
2013.03.27 00:47:59.874,1.2865,1.28653
2013.03.27 00:48:01.531,1.2865,1.28655
2013.03.27 00:48:09.781,1.28649,1.28654
2013.03.27 00:48:10.320,1.28649,1.28654
2013.03.27 00:48:10.853,1.28649,1.28654
2013.03.27 00:48:21.041,1.28651,1.28655
2013.03.27 00:48:21.221,1.28651,1.28655
2013.03.27 00:48:21.761,1.28651,1.28655
2013.03.27 00:48:22.300,1.28651,1.28656
2013.03.27 00:48:22.692,1.28651,1.28654
2013.03.27 00:48:22.750,1.28651,1.28654
2013.03.27 00:48:24.173,1.28651,1.28653
2013.03.27 00:48:25.397,1.28649,1.28653
2013.03.27 00:48:31.933,1.28649,1.28653
2013.03.27 00:48:32.002,1.28648,1.28651
2013.03.27 00:48:32.132,1.28648,1.2865
2013.03.27 00:48:32.371,1.28644,1.28649
2013.03.27 00:48:43.180,1.28645,1.28649
2013.03.27 00:48:43.925,1.28646,1.2865
2013.03.27 00:48:44.482,1.28645,1.28649
2013.03.27 00:48:49.901,1.28647,1.28649
2013.03.27 00:48:50.175,1.28647,1.28651
2013.03.27 00:48:50.301,1.28648,1.28652
2013.03.27 00:48:50.362,1.28648,1.28653
2013.03.27 00:48:50.421,1.28648,1.28654
2013.03.27 00:48:50.781,1.28649,1.28654
2013.03.27 00:48:51.284,1.2865,1.28655
2013.03.27 00:48:51.941,1.28651,1.28656
2013.03.27 00:48:57.862,1.28652,1.28656
2013.03.27 00:48:58.221,1.28653,1.28657
2013.03.27 00:48:58.641,1.28653,1.28659
2013.03.27 00:48:59.180,1.28653,1.2866
2013.03.27 00:48:59.702,1.28654,1.2866
2013.03.27 00:49:00.301,1.28655,1.28661
2013.03.27 00:49:00.602,1.28658,1.28662
2013.03.27 00:49:00.721,1.28656,1.2866
2013.03.27 00:49:00.841,1.28656,1.28661
2013.03.27 00:49:01.508,1.28656,1.28661
2013.03.27 00:49:01.590,1.28655,1.28658
2013.03.27 00:49:06.501,1.28654,1.28658
2013.03.27 00:49:06.860,1.28653,1.28656
2013.03.27 00:49:07.485,1.28652,1.28656
2013.03.27 00:49:10.325,1.28652,1.28655
2013.03.27 00:49:10.631,1.28649,1.28653
2013.03.27 00:49:10.931,1.28647,1.28651
2013.03.27 00:49:11.483,1.28648,1.28651
2013.03.27 00:49:12.521,1.28648,1.28651
2013.03.27 00:49:13.061,1.28647,1.2865
2013.03.27 00:49:13.734,1.28645,1.2865
2013.03.27 00:49:14.160,1.28643,1.2865
2013.03.27 00:49:14.701,1.28646,1.28651
2013.03.27 00:49:15.011,1.28648,1.28653
2013.03.27 00:49:15.071,1.28648,1.28652
2013.03.27 00:49:18.830,1.28647,1.28652
2013.03.27 00:49:33.391,1.28646,1.28652
2013.03.27 00:49:36.211,1.28646,1.28652
2013.03.27 00:50:10.541,1.28647,1.28652
2013.03.27 00:50:10.781,1.28647,1.2865
2013.03.27 00:50:11.331,1.28645,1.2865
2013.03.27 00:50:12.191,1.28645,1.2865
2013.03.27 00:50:14.073,1.28645,1.2865
2013.03.27 00:50:14.371,1.28643,1.28648
2013.03.27 00:50:14.611,1.28644,1.28648
2013.03.27 00:50:14.912,1.28646,1.2865
2013.03.27 00:50:15.390,1.28647,1.28652
2013.03.27 00:50:15.450,1.28647,1.28652
2013.03.27 00:50:15.631,1.28645,1.28649
2013.03.27 00:50:15.811,1.28647,1.2865
2013.03.27 00:50:16.403,1.28647,1.28651
2013.03.27 00:50:17.553,1.28647,1.28651
2013.03.27 00:50:20.851,1.28647,1.28651
2013.03.27 00:50:23.961,1.28647,1.28652
2013.03.27 00:50:25.146,1.28647,1.28651
2013.03.27 00:50:30.771,1.28647,1.28651
2013.03.27 00:50:31.281,1.28646,1.28651
2013.03.27 00:50:51.882,1.28646,1.28651
2013.03.27 00:50:58.131,1.28647,1.28652
2013.03.27 00:50:59.652,1.28647,1.28652
2013.03.27 00:51:01.713,1.28647,1.28651
2013.03.27 00:51:02.023,1.28647,1.28648
2013.03.27 00:51:02.103,1.28644,1.28649
2013.03.27 00:51:02.291,1.28645,1.2865
2013.03.27 00:51:07.962,1.28646,1.28649
2013.03.27 00:51:08.261,1.28644,1.28648
2013.03.27 00:51:08.562,1.28645,1.2865
2013.03.27 00:51:08.632,1.28645,1.2865
2013.03.27 00:51:08.990,1.28647,1.28652
2013.03.27 00:51:12.331,1.28646,1.2865
2013.03.27 00:51:12.391,1.28646,1.2865
2013.03.27 00:51:12.898,1.28646,1.2865
2013.03.27 00:51:13.402,1.28646,1.28649
2013.03.27 00:51:13.943,1.28645,1.28649
2013.03.27 00:51:17.391,1.28644,1.28648
2013.03.27 00:51:17.952,1.28644,1.28647
2013.03.27 00:51:19.861,1.28643,1.28647
2013.03.27 00:51:20.051,1.28643,1.28645
2013.03.27 00:51:20.591,1.28643,1.28645
2013.03.27 00:51:21.101,1.28643,1.28645
2013.03.27 00:51:21.624,1.28643,1.28645
2013.03.27 00:51:22.217,1.28644,1.28648
2013.03.27 00:51:22.340,1.28644,1.28649
2013.03.27 00:51:22.401,1.28644,1.28647
2013.03.27 00:51:24.282,1.28644,1.28645
2013.03.27 00:51:28.201,1.28644,1.28646
2013.03.27 00:51:29.172,1.28645,1.28648
2013.03.27 00:51:35.582,1.28643,1.28646
2013.03.27 00:51:36.121,1.28641,1.28645
2013.03.27 00:51:36.841,1.28643,1.28647
2013.03.27 00:51:37.343,1.28644,1.28647
2013.03.27 00:51:38.792,1.28645,1.28648
2013.03.27 00:51:47.662,1.28645,1.28648
2013.03.27 00:51:55.391,1.28645,1.28649
2013.03.27 00:52:02.741,1.28644,1.28648
2013.03.27 00:52:03.376,1.28644,1.28648
2013.03.27 00:52:04.035,1.28644,1.28648
2013.03.27 00:52:05.261,1.28644,1.28648
2013.03.27 00:52:06.011,1.28644,1.28647
2013.03.27 00:52:08.773,1.28644,1.28647
2013.03.27 00:52:11.254,1.28644,1.28647
2013.03.27 00:52:18.411,1.28644,1.28647
2013.03.27 00:52:28.381,1.28644,1.28647
2013.03.27 00:52:28.928,1.28644,1.28647
2013.03.27 00:52:32.001,1.28644,1.28647
2013.03.27 00:52:32.665,1.28644,1.28647
2013.03.27 00:52:36.761,1.28644,1.28646
2013.03.27 00:52:37.131,1.28642,1.28644
2013.03.27 00:52:37.191,1.2864,1.28643
2013.03.27 00:52:37.432,1.28639,1.28642
2013.03.27 00:52:37.852,1.28641,1.28644
2013.03.27 00:52:37.911,1.28643,1.28644
2013.03.27 00:52:38.451,1.28644,1.28648
2013.03.27 00:52:39.396,1.28644,1.28648
2013.03.27 00:52:43.321,1.28644,1.28648
2013.03.27 00:52:43.863,1.28643,1.28647
2013.03.27 00:52:44.626,1.28643,1.28647
2013.03.27 00:52:46.111,1.28643,1.28647
2013.03.27 00:52:47.161,1.28643,1.28647
2013.03.27 00:52:47.793,1.28643,1.28646
2013.03.27 00:52:54.491,1.28643,1.28646
2013.03.27 00:52:55.871,1.28643,1.28646
2013.03.27 00:53:02.082,1.28643,1.28645
2013.03.27 00:53:02.262,1.28641,1.28644
2013.03.27 00:53:02.801,1.2864,1.28645
2013.03.27 00:53:02.982,1.28641,1.28645
2013.03.27 00:53:03.104,1.28642,1.28645
2013.03.27 00:53:03.718,1.28643,1.28646
2013.03.27 00:53:04.443,1.28643,1.28645
2013.03.27 00:53:04.872,1.28641,1.28644
2013.03.27 00:53:05.350,1.28641,1.28645
2013.03.27 00:53:05.711,1.28641,1.28644
2013.03.27 00:53:06.013,1.28643,1.28646
2013.03.27 00:53:07.144,1.28643,1.28647
2013.03.27 00:53:07.671,1.28643,1.28647
2013.03.27 00:53:09.783,1.28643,1.28646
2013.03.27 00:53:10.143,1.28642,1.28646
2013.03.27 00:53:10.572,1.28642,1.28645
2013.03.27 00:53:10.812,1.28641,1.28645
2013.03.27 00:53:10.932,1.28643,1.28647
2013.03.27 00:53:11.471,1.28643,1.28647
2013.03.27 00:53:15.502,1.28643,1.28647
2013.03.27 00:53:16.402,1.28644,1.28648
2013.03.27 00:53:16.918,1.28645,1.28648
2013.03.27 00:53:18.630,1.28644,1.28648
2013.03.27 00:53:20.738,1.28644,1.28647
2013.03.27 00:53:20.808,1.2864,1.28644
2013.03.27 00:53:20.879,1.2864,1.28642
2013.03.27 00:53:20.945,1.2864,1.28642
2013.03.27 00:53:21.072,1.28638,1.2864
2013.03.27 00:53:21.132,1.28638,1.2864
2013.03.27 00:53:21.704,1.28639,1.28642
2013.03.27 00:53:21.832,1.28643,1.28645
2013.03.27 00:53:22.982,1.28643,1.28647
2013.03.27 00:53:24.940,1.28643,1.28646
2013.03.27 00:53:25.442,1.28643,1.28646
2013.03.27 00:53:26.641,1.28643,1.28645
2013.03.27 00:53:29.195,1.2864,1.28644
2013.03.27 00:53:29.442,1.28641,1.28642
2013.03.27 00:53:29.621,1.28638,1.28643
2013.03.27 00:53:30.171,1.28636,1.28639
2013.03.27 00:53:30.532,1.28634,1.28639
2013.03.27 00:53:31.071,1.28634,1.28639
2013.03.27 00:53:31.591,1.28634,1.28639
2013.03.27 00:53:32.382,1.28634,1.28638
2013.03.27 00:53:33.584,1.28634,1.28638
2013.03.27 00:53:36.102,1.28636,1.28639
2013.03.27 00:53:36.162,1.28638,1.2864
2013.03.27 00:53:36.462,1.2864,1.28645
2013.03.27 00:53:37.092,1.28643,1.28645
2013.03.27 00:53:37.231,1.28644,1.28647
2013.03.27 00:53:38.221,1.28644,1.28647
2013.03.27 00:53:38.811,1.28644,1.28647
2013.03.27 00:53:39.611,1.28644,1.28649
2013.03.27 00:53:43.201,1.28643,1.28648
2013.03.27 00:53:45.311,1.28642,1.28647
2013.03.27 00:53:47.161,1.28643,1.28646
2013.03.27 00:53:48.781,1.28643,1.28646
2013.03.27 00:53:53.012,1.28643,1.28646
2013.03.27 00:53:53.551,1.28643,1.28645
2013.03.27 00:53:55.251,1.28643,1.28646
2013.03.27 00:53:55.807,1.28644,1.28647
2013.03.27 00:53:56.361,1.28644,1.28645
2013.03.27 00:54:01.141,1.28643,1.28645
2013.03.27 00:54:06.491,1.28643,1.28645
2013.03.27 00:54:07.017,1.28643,1.28645
2013.03.27 00:54:09.183,1.28642,1.28645
2013.03.27 00:54:09.422,1.28639,1.28643
2013.03.27 00:54:09.483,1.28639,1.28641
2013.03.27 00:54:09.602,1.28637,1.28642
2013.03.27 00:54:10.142,1.28636,1.28642
2013.03.27 00:54:15.913,1.28637,1.28643
2013.03.27 00:54:21.232,1.28638,1.28644
2013.03.27 00:54:22.532,1.28637,1.28643
2013.03.27 00:54:25.481,1.28637,1.28643
2013.03.27 00:54:27.201,1.28638,1.28643
2013.03.27 00:54:27.321,1.28641,1.28643
2013.03.27 00:54:28.352,1.28639,1.28642
2013.03.27 00:54:28.651,1.28635,1.2864
2013.03.27 00:54:29.821,1.28636,1.28639
2013.03.27 00:54:30.431,1.28636,1.28639
2013.03.27 00:54:30.971,1.28635,1.28639
2013.03.27 00:54:31.874,1.28636,1.2864
2013.03.27 00:54:32.321,1.28637,1.2864
2013.03.27 00:54:32.501,1.28637,1.28641
2013.03.27 00:54:32.621,1.28637,1.28642
2013.03.27 00:54:33.181,1.28638,1.28643
2013.03.27 00:54:33.721,1.28637,1.28642
2013.03.27 00:54:34.254,1.28636,1.28642
2013.03.27 00:54:35.191,1.28635,1.28641
2013.03.27 00:54:37.382,1.28635,1.2864
2013.03.27 00:54:37.562,1.28633,1.28635
2013.03.27 00:54:38.102,1.28632,1.28635
2013.03.27 00:54:38.740,1.28632,1.28635
2013.03.27 00:54:39.281,1.28632,1.28635
2013.03.27 00:54:39.933,1.28631,1.28634
2013.03.27 00:54:40.471,1.28629,1.28633
2013.03.27 00:54:41.232,1.2863,1.28634
2013.03.27 00:54:42.903,1.2863,1.28634
2013.03.27 00:54:43.083,1.28632,1.28636
2013.03.27 00:54:43.452,1.28633,1.28638
2013.03.27 00:54:44.083,1.28634,1.28638
2013.03.27 00:54:44.711,1.28634,1.28638
2013.03.27 00:54:45.251,1.28634,1.28638
2013.03.27 00:54:45.781,1.28634,1.28638
2013.03.27 00:54:46.901,1.28634,1.28638
2013.03.27 00:54:47.212,1.28633,1.28636
2013.03.27 00:54:47.633,1.28631,1.28634
2013.03.27 00:54:47.942,1.28633,1.28636
2013.03.27 00:54:48.482,1.28635,1.28638
2013.03.27 00:54:49.784,1.28635,1.28638
2013.03.27 00:54:50.482,1.28635,1.28638
2013.03.27 00:54:51.042,1.28634,1.28637
2013.03.27 00:54:51.762,1.28634,1.28637
2013.03.27 00:54:57.984,1.28633,1.28637
2013.03.27 00:54:58.542,1.28633,1.28635
2013.03.27 00:54:59.191,1.28633,1.28637
2013.03.27 00:54:59.857,1.28633,1.28637
2013.03.27 00:55:00.223,1.28634,1.28639
2013.03.27 00:55:00.352,1.28636,1.28639
2013.03.27 00:55:00.534,1.28637,1.28639
2013.03.27 00:55:00.783,1.28638,1.28641
2013.03.27 00:55:00.853,1.28633,1.28645
2013.03.27 00:55:00.984,1.28636,1.2864
2013.03.27 00:55:01.292,1.28635,1.2864
2013.03.27 00:55:01.353,1.28635,1.28639
2013.03.27 00:55:01.474,1.28634,1.28639
2013.03.27 00:55:01.542,1.28633,1.28639
2013.03.27 00:55:02.313,1.28633,1.28637
2013.03.27 00:55:02.862,1.28632,1.28637
2013.03.27 00:55:03.352,1.2863,1.28634
2013.03.27 00:55:03.593,1.28633,1.28636
2013.03.27 00:55:03.663,1.28635,1.28636
2013.03.27 00:55:03.915,1.28636,1.28641
2013.03.27 00:55:03.982,1.28637,1.28642
2013.03.27 00:55:04.282,1.28638,1.28643
2013.03.27 00:55:04.401,1.28638,1.28643
2013.03.27 00:55:04.941,1.28636,1.2864
2013.03.27 00:55:05.463,1.28635,1.28637
2013.03.27 00:55:05.644,1.28634,1.28636
2013.03.27 00:55:05.832,1.28631,1.28635
2013.03.27 00:55:05.951,1.28632,1.28637
2013.03.27 00:55:06.312,1.28634,1.28637
2013.03.27 00:55:06.613,1.28637,1.2864
2013.03.27 00:55:06.732,1.28637,1.28642
2013.03.27 00:55:07.272,1.28637,1.28642
2013.03.27 00:55:08.272,1.28636,1.2864
2013.03.27 00:55:08.391,1.28635,1.28639
2013.03.27 00:55:09.448,1.28635,1.28639
2013.03.27 00:55:09.534,1.28635,1.28638
2013.03.27 00:55:09.722,1.28633,1.28638
2013.03.27 00:55:09.902,1.28633,1.28636
2013.03.27 00:55:10.442,1.28632,1.28635
2013.03.27 00:55:12.137,1.28631,1.28634
2013.03.27 00:55:13.651,1.28627,1.28632
2013.03.27 00:55:14.533,1.28628,1.28632
2013.03.27 00:55:16.621,1.28628,1.28632
2013.03.27 00:55:20.482,1.28627,1.28632
2013.03.27 00:55:21.722,1.28628,1.28632
2013.03.27 00:55:22.271,1.28628,1.28634
2013.03.27 00:55:22.831,1.28629,1.28633
2013.03.27 00:55:23.841,1.28629,1.28633
2013.03.27 00:55:25.601,1.2863,1.28634
2013.03.27 00:55:27.421,1.2863,1.28635
2013.03.27 00:55:28.101,1.28631,1.28635
2013.03.27 00:55:30.914,1.28633,1.28636
2013.03.27 00:55:31.461,1.28633,1.28636
2013.03.27 00:55:33.233,1.28635,1.28638
2013.03.27 00:55:33.352,1.28636,1.28642
2013.03.27 00:55:33.531,1.28639,1.28643
2013.03.27 00:55:33.772,1.28636,1.28639
2013.03.27 00:55:33.893,1.28636,1.28638
2013.03.27 00:55:34.431,1.28635,1.2864
2013.03.27 00:55:34.731,1.28639,1.28642
2013.03.27 00:55:35.271,1.2864,1.28643
2013.03.27 00:55:36.821,1.28637,1.28642
2013.03.27 00:55:37.446,1.28637,1.2864
2013.03.27 00:55:40.973,1.28637,1.28642
2013.03.27 00:55:41.520,1.28637,1.28642
2013.03.27 00:55:42.070,1.28637,1.28642
2013.03.27 00:55:42.941,1.28636,1.28641
2013.03.27 00:55:43.770,1.28636,1.28642
2013.03.27 00:55:45.734,1.28636,1.28642
2013.03.27 00:55:45.794,1.28636,1.28642
2013.03.27 00:55:46.331,1.28638,1.28643
2013.03.27 00:55:48.060,1.28639,1.28643
2013.03.27 00:55:48.123,1.28639,1.28645
2013.03.27 00:55:48.541,1.2864,1.28646
2013.03.27 00:55:49.091,1.28641,1.28646
2013.03.27 00:55:50.212,1.28645,1.28648
2013.03.27 00:55:50.391,1.28641,1.28646
2013.03.27 00:55:50.452,1.28641,1.28646
2013.03.27 00:55:52.971,1.28641,1.28645
2013.03.27 00:55:53.333,1.28645,1.28647
2013.03.27 00:55:53.652,1.28643,1.28647
2013.03.27 00:55:54.213,1.2864,1.28643
2013.03.27 00:55:55.041,1.28641,1.28643
2013.03.27 00:55:55.544,1.2864,1.28644
2013.03.27 00:55:57.594,1.2864,1.28644
2013.03.27 00:55:59.492,1.2864,1.28644
2013.03.27 00:55:59.792,1.2864,1.28645
2013.03.27 00:56:02.702,1.2864,1.28644
2013.03.27 00:56:05.251,1.28641,1.28645
2013.03.27 00:56:05.765,1.28642,1.28645
2013.03.27 00:56:07.221,1.28643,1.28646
2013.03.27 00:56:07.756,1.28644,1.28646
2013.03.27 00:56:08.828,1.28645,1.28649
2013.03.27 00:56:09.632,1.28645,1.2865
2013.03.27 00:56:09.992,1.28643,1.28646
2013.03.27 00:56:10.673,1.28642,1.28645
2013.03.27 00:56:11.212,1.28642,1.28645
2013.03.27 00:56:11.691,1.28641,1.28644
2013.03.27 00:56:13.591,1.28641,1.28645
2013.03.27 00:56:14.651,1.28641,1.28645
2013.03.27 00:56:15.191,1.28641,1.28646
2013.03.27 00:56:15.722,1.28641,1.28646
2013.03.27 00:56:16.771,1.28641,1.28646
2013.03.27 00:56:21.571,1.28641,1.28646
2013.03.27 00:56:22.158,1.28641,1.28645
2013.03.27 00:56:22.472,1.28641,1.28646
2013.03.27 00:56:23.012,1.28643,1.28647
2013.03.27 00:56:24.592,1.28643,1.28647
2013.03.27 00:56:27.031,1.28643,1.28647
2013.03.27 00:56:27.585,1.28643,1.28647
2013.03.27 00:56:28.371,1.28644,1.28648
2013.03.27 00:56:28.732,1.28644,1.28646
2013.03.27 00:56:29.033,1.28642,1.28645
2013.03.27 00:56:29.093,1.2864,1.28643
2013.03.27 00:56:29.213,1.28637,1.28641
2013.03.27 00:56:29.332,1.28637,1.28642
2013.03.27 00:56:29.871,1.28637,1.28641
2013.03.27 00:56:30.548,1.28637,1.28641
2013.03.27 00:56:35.792,1.28637,1.28642
2013.03.27 00:56:35.971,1.28638,1.28643
2013.03.27 00:56:38.952,1.28638,1.28644
2013.03.27 00:56:39.493,1.28638,1.28643
2013.03.27 00:56:40.133,1.28637,1.28642
2013.03.27 00:56:44.341,1.28637,1.28642
2013.03.27 00:56:44.642,1.28638,1.28642
2013.03.27 00:56:44.702,1.28639,1.28642
2013.03.27 00:56:44.882,1.28639,1.28643
2013.03.27 00:56:45.182,1.28639,1.28644
2013.03.27 00:56:45.521,1.28639,1.28646
2013.03.27 00:56:53.261,1.28641,1.28645
2013.03.27 00:56:59.852,1.28642,1.28645
2013.03.27 00:57:00.091,1.28645,1.28647
2013.03.27 00:57:03.272,1.28645,1.28647
2013.03.27 00:57:03.785,1.28644,1.28647
2013.03.27 00:57:04.032,1.28642,1.28645
2013.03.27 00:57:04.393,1.2864,1.28644
2013.03.27 00:57:04.581,1.28638,1.28644
2013.03.27 00:57:05.112,1.28638,1.28644
2013.03.27 00:57:05.745,1.28638,1.28644
2013.03.27 00:57:07.152,1.28639,1.28644
2013.03.27 00:57:07.392,1.28639,1.28642
2013.03.27 00:57:12.052,1.28639,1.28643
2013.03.27 00:57:12.300,1.28641,1.28644
2013.03.27 00:57:12.492,1.2864,1.28644
2013.03.27 00:57:26.352,1.28639,1.28642
2013.03.27 00:57:27.011,1.28638,1.28642
2013.03.27 00:57:30.626,1.28638,1.28642
2013.03.27 00:57:31.209,1.28638,1.28642
2013.03.27 00:57:34.451,1.28638,1.28643
2013.03.27 00:57:38.682,1.28638,1.28641
2013.03.27 00:57:39.512,1.28635,1.28638
2013.03.27 00:57:40.098,1.28635,1.28639
2013.03.27 00:57:43.181,1.28635,1.28638
2013.03.27 00:57:43.702,1.28635,1.28638
2013.03.27 00:57:44.212,1.28635,1.28638
2013.03.27 00:57:45.542,1.28635,1.28639
2013.03.27 00:57:48.413,1.28635,1.28639
2013.03.27 00:57:52.905,1.28636,1.28639
2013.03.27 00:57:53.272,1.28637,1.28641
2013.03.27 00:57:56.872,1.28637,1.28642
2013.03.27 00:58:00.237,1.28637,1.28642
2013.03.27 00:58:00.721,1.2864,1.28644
2013.03.27 00:58:01.222,1.2864,1.28644
2013.03.27 00:58:02.123,1.2864,1.28644
2013.03.27 00:58:03.212,1.2864,1.28642
2013.03.27 00:58:03.392,1.28636,1.28639
2013.03.27 00:58:03.963,1.28636,1.28639
2013.03.27 00:58:05.709,1.28636,1.28639
2013.03.27 00:58:06.221,1.28635,1.28638
2013.03.27 00:58:15.952,1.28636,1.28638
2013.03.27 00:58:16.201,1.28634,1.28637
2013.03.27 00:58:16.742,1.28631,1.28635
2013.03.27 00:58:17.783,1.28632,1.28636
2013.03.27 00:58:17.962,1.28635,1.28638
2013.03.27 00:58:18.442,1.28636,1.28639
2013.03.27 00:58:18.952,1.28636,1.2864
2013.03.27 00:58:19.611,1.28635,1.28639
2013.03.27 00:58:20.890,1.28637,1.2864
2013.03.27 00:58:20.951,1.28637,1.2864
2013.03.27 00:58:23.105,1.28637,1.2864
2013.03.27 00:58:26.241,1.28637,1.2864
2013.03.27 00:58:27.652,1.28636,1.2864
2013.03.27 00:58:31.526,1.28635,1.28639
2013.03.27 00:58:34.201,1.28635,1.28638
2013.03.27 00:58:38.021,1.28635,1.28639
2013.03.27 00:58:38.172,1.28635,1.28639
2013.03.27 00:58:39.973,1.28635,1.28639
2013.03.27 00:58:40.592,1.28635,1.28639
2013.03.27 00:58:42.121,1.28635,1.28639
2013.03.27 00:58:45.413,1.28635,1.28639
2013.03.27 00:58:46.903,1.28635,1.28639
2013.03.27 00:58:49.487,1.28634,1.28638
2013.03.27 00:58:50.032,1.28634,1.28638
2013.03.27 00:58:51.746,1.28633,1.28638
2013.03.27 00:58:53.832,1.28634,1.28638
2013.03.27 00:59:08.221,1.28634,1.28639
2013.03.27 00:59:13.001,1.28635,1.28638
2013.03.27 00:59:13.942,1.28635,1.28639
2013.03.27 00:59:14.941,1.28635,1.28638
2013.03.27 00:59:20.046,1.28635,1.28638
2013.03.27 00:59:20.732,1.28635,1.28638
2013.03.27 00:59:21.430,1.28635,1.28638
2013.03.27 00:59:22.935,1.28634,1.28637
2013.03.27 00:59:23.061,1.28633,1.28636
2013.03.27 00:59:27.761,1.28632,1.28636
2013.03.27 00:59:28.336,1.28634,1.28636
2013.03.27 00:59:29.632,1.28634,1.28637
2013.03.27 00:59:30.172,1.28634,1.28636
2013.03.27 00:59:33.342,1.28632,1.28635
2013.03.27 00:59:33.403,1.28631,1.28635
2013.03.27 00:59:33.465,1.2863,1.28632
2013.03.27 00:59:33.535,1.28629,1.28632
2013.03.27 00:59:33.602,1.28628,1.2863
2013.03.27 00:59:33.724,1.28628,1.2863
2013.03.27 00:59:33.905,1.28625,1.28629
2013.03.27 00:59:34.214,1.28623,1.28629
2013.03.27 00:59:34.762,1.28625,1.28629
2013.03.27 00:59:35.301,1.28624,1.28629
2013.03.27 00:59:35.811,1.28625,1.28629
2013.03.27 00:59:36.421,1.28625,1.28629
2013.03.27 00:59:41.198,1.28625,1.28629
2013.03.27 00:59:50.171,1.28626,1.28629
2013.03.27 00:59:51.151,1.28626,1.2863
2013.03.27 00:59:51.272,1.28627,1.28631
2013.03.27 00:59:51.811,1.28627,1.28631
2013.03.27 00:59:54.531,1.28627,1.28631
2013.03.27 00:59:55.833,1.28627,1.28631
2013.03.27 00:59:58.754,1.28627,1.2863
2013.03.27 00:59:59.318,1.28627,1.2863
2013.03.27 00:59:59.832,1.28627,1.2863
2013.03.27 01:00:01.192,1.28627,1.2863
2013.03.27 01:00:05.794,1.28625,1.28627
2013.03.27 01:00:06.152,1.28623,1.28627
2013.03.27 01:00:06.572,1.28621,1.28625
2013.03.27 01:00:07.111,1.28623,1.28626
2013.03.27 01:00:07.656,1.28622,1.28626
2013.03.27 01:00:12.302,1.28622,1.28625
2013.03.27 01:00:12.603,1.28619,1.28623
2013.03.27 01:00:13.152,1.28621,1.28623
2013.03.27 01:00:13.211,1.28621,1.28625
2013.03.27 01:00:20.180,1.2862,1.28625
2013.03.27 01:00:22.532,1.28621,1.28624
2013.03.27 01:00:25.373,1.28621,1.28624
2013.03.27 01:00:26.782,1.28621,1.28625
2013.03.27 01:00:27.313,1.28621,1.28625
2013.03.27 01:00:27.495,1.28623,1.28626
2013.03.27 01:00:27.757,1.28625,1.28628
2013.03.27 01:00:28.302,1.28627,1.28629
2013.03.27 01:00:28.973,1.28625,1.28629
2013.03.27 01:00:29.513,1.28625,1.28629
2013.03.27 01:00:30.052,1.28626,1.28629
2013.03.27 01:00:30.591,1.28628,1.2863
2013.03.27 01:00:31.192,1.28625,1.28629
2013.03.27 01:00:32.984,1.28627,1.2863
2013.03.27 01:00:43.693,1.28626,1.28629
2013.03.27 01:00:43.815,1.28625,1.28628
2013.03.27 01:00:43.943,1.28624,1.28628
2013.03.27 01:00:44.003,1.28625,1.28628
2013.03.27 01:00:44.939,1.28626,1.28628
2013.03.27 01:00:45.452,1.28626,1.28629
2013.03.27 01:00:45.872,1.28626,1.28633
2013.03.27 01:00:45.993,1.28626,1.28633
2013.03.27 01:00:47.956,1.28628,1.28633
2013.03.27 01:00:50.654,1.28627,1.28633
2013.03.27 01:00:52.173,1.28627,1.2863
2013.03.27 01:00:52.411,1.28625,1.28629
2013.03.27 01:00:52.750,1.28626,1.28629
2013.03.27 01:00:53.302,1.28626,1.28629
2013.03.27 01:00:53.875,1.28626,1.28629
2013.03.27 01:00:54.955,1.28624,1.28626
2013.03.27 01:00:55.264,1.28622,1.28626
2013.03.27 01:00:55.885,1.28619,1.28622
2013.03.27 01:00:57.275,1.2862,1.28622
2013.03.27 01:00:57.345,1.28621,1.28624
2013.03.27 01:00:57.414,1.28623,1.28625
2013.03.27 01:00:57.475,1.28624,1.28625
2013.03.27 01:00:57.544,1.28625,1.28629
2013.03.27 01:00:57.614,1.28625,1.28629
2013.03.27 01:00:59.313,1.28627,1.2863
2013.03.27 01:01:00.122,1.28625,1.28628
2013.03.27 01:01:00.183,1.28624,1.28628
2013.03.27 01:01:00.623,1.28624,1.28627
2013.03.27 01:01:01.162,1.28624,1.28627
2013.03.27 01:01:01.844,1.28625,1.28628
2013.03.27 01:01:02.302,1.28625,1.28628
2013.03.27 01:01:04.263,1.28625,1.28628
2013.03.27 01:01:04.384,1.28625,1.28628
2013.03.27 01:01:04.693,1.28628,1.28631
2013.03.27 01:01:05.113,1.28629,1.28631
2013.03.27 01:01:07.095,1.28628,1.28631
2013.03.27 01:01:07.402,1.28627,1.2863
2013.03.27 01:01:08.066,1.28628,1.28631
2013.03.27 01:01:09.662,1.28627,1.2863
2013.03.27 01:01:10.233,1.28628,1.2863
2013.03.27 01:01:11.324,1.28629,1.28631
2013.03.27 01:01:12.012,1.28627,1.2863
2013.03.27 01:01:12.654,1.28628,1.2863
2013.03.27 01:01:13.502,1.28627,1.2863
2013.03.27 01:01:14.402,1.28627,1.2863
2013.03.27 01:01:15.612,1.28625,1.2863
2013.03.27 01:01:16.102,1.28627,1.2863
2013.03.27 01:01:16.862,1.28626,1.28629
2013.03.27 01:01:17.102,1.28626,1.2863
2013.03.27 01:01:17.222,1.28626,1.2863
2013.03.27 01:01:17.475,1.28626,1.2863
2013.03.27 01:01:19.922,1.28626,1.28629
2013.03.27 01:01:19.982,1.28626,1.2863
2013.03.27 01:01:20.503,1.28627,1.2863
2013.03.27 01:01:20.802,1.28625,1.2863
2013.03.27 01:01:21.043,1.28626,1.2863
2013.03.27 01:01:22.442,1.28628,1.2863
2013.03.27 01:01:24.372,1.28629,1.28631
2013.03.27 01:01:24.733,1.28628,1.28633
2013.03.27 01:01:25.273,1.2863,1.28633
2013.03.27 01:01:25.587,1.28634,1.28636
2013.03.27 01:01:25.892,1.28634,1.28638
2013.03.27 01:01:26.399,1.28638,1.28641
2013.03.27 01:01:28.043,1.28638,1.28641
2013.03.27 01:01:51.482,1.28637,1.28641
2013.03.27 01:02:09.072,1.28637,1.28641
2013.03.27 01:02:11.005,1.28637,1.28641
2013.03.27 01:02:11.523,1.28636,1.2864
2013.03.27 01:02:12.091,1.28636,1.2864
2013.03.27 01:02:13.049,1.28636,1.2864
2013.03.27 01:02:13.592,1.28635,1.2864
2013.03.27 01:02:14.224,1.28635,1.2864
2013.03.27 01:02:14.893,1.28636,1.2864
2013.03.27 01:02:18.072,1.28636,1.2864
2013.03.27 01:02:20.495,1.28635,1.2864
2013.03.27 01:02:20.942,1.28636,1.2864
2013.03.27 01:02:21.452,1.28637,1.28641
2013.03.27 01:02:22.089,1.28637,1.28641
2013.03.27 01:02:24.074,1.28636,1.28641
2013.03.27 01:02:26.983,1.28636,1.2864
2013.03.27 01:02:27.304,1.28634,1.28638
2013.03.27 01:02:27.623,1.28634,1.28636
2013.03.27 01:02:27.803,1.28634,1.28639
2013.03.27 01:02:28.352,1.28635,1.2864
2013.03.27 01:02:28.592,1.28635,1.2864
2013.03.27 01:02:35.943,1.28635,1.28639
2013.03.27 01:02:36.472,1.28635,1.28639
2013.03.27 01:02:37.032,1.28635,1.28639
2013.03.27 01:02:37.584,1.28635,1.28639
2013.03.27 01:02:38.691,1.28635,1.28639
2013.03.27 01:02:40.663,1.28635,1.28639
2013.03.27 01:02:41.243,1.28635,1.28639
2013.03.27 01:02:45.316,1.28634,1.28639
2013.03.27 01:02:51.425,1.28635,1.28639
2013.03.27 01:02:53.681,1.28635,1.28639
2013.03.27 01:02:55.813,1.28635,1.28639
2013.03.27 01:03:12.275,1.28635,1.28639
2013.03.27 01:03:14.572,1.28635,1.28639
2013.03.27 01:03:16.362,1.28635,1.28639
2013.03.27 01:03:16.932,1.28635,1.28639
2013.03.27 01:03:17.894,1.28635,1.28639
2013.03.27 01:03:19.642,1.28635,1.28639
2013.03.27 01:03:21.522,1.28635,1.28639
2013.03.27 01:03:22.992,1.28635,1.28639
2013.03.27 01:03:30.498,1.28635,1.28639
2013.03.27 01:03:32.273,1.28635,1.28639
2013.03.27 01:03:33.673,1.28635,1.28639
2013.03.27 01:03:36.692,1.28635,1.28639
2013.03.27 01:04:01.063,1.28634,1.28637
2013.03.27 01:04:01.940,1.28635,1.28637
2013.03.27 01:04:02.011,1.28635,1.28638
2013.03.27 01:04:10.822,1.28635,1.28639
2013.03.27 01:04:11.380,1.28635,1.28639
2013.03.27 01:04:14.313,1.28635,1.28639
2013.03.27 01:04:16.123,1.28635,1.28639
2013.03.27 01:04:17.873,1.28635,1.28639
2013.03.27 01:04:21.194,1.28635,1.28639
2013.03.27 01:04:22.243,1.28635,1.28638
2013.03.27 01:04:22.972,1.28635,1.28638
2013.03.27 01:04:29.773,1.28635,1.28638
2013.03.27 01:04:30.322,1.28635,1.28638
2013.03.27 01:04:31.623,1.28635,1.28638
2013.03.27 01:04:32.742,1.28635,1.28638
2013.03.27 01:04:35.063,1.28634,1.28637
2013.03.27 01:04:35.244,1.28631,1.28635
2013.03.27 01:04:35.364,1.2863,1.28633
2013.03.27 01:04:35.552,1.28629,1.28632
2013.03.27 01:04:36.093,1.28631,1.28634
2013.03.27 01:04:36.453,1.28632,1.28636
2013.03.27 01:04:37.100,1.28633,1.28636
2013.03.27 01:04:39.312,1.28634,1.28636
2013.03.27 01:04:39.673,1.28631,1.28638
2013.03.27 01:04:39.792,1.28632,1.28635
2013.03.27 01:04:39.913,1.28631,1.28634
2013.03.27 01:04:40.032,1.28627,1.28632
2013.03.27 01:04:40.572,1.28627,1.28633
2013.03.27 01:04:40.932,1.28627,1.28634
2013.03.27 01:04:41.473,1.28627,1.28632
2013.03.27 01:04:42.462,1.28626,1.28632
2013.03.27 01:04:44.040,1.28627,1.28632
2013.03.27 01:04:46.374,1.28626,1.2863
2013.03.27 01:04:46.432,1.28625,1.28629
2013.03.27 01:04:46.974,1.28625,1.28629
2013.03.27 01:04:48.733,1.28625,1.28628
2013.03.27 01:04:48.973,1.28624,1.28627
2013.03.27 01:04:49.572,1.28624,1.28627
2013.03.27 01:04:50.893,1.28624,1.28626
2013.03.27 01:04:51.374,1.28621,1.28624
2013.03.27 01:04:51.434,1.2862,1.28623
2013.03.27 01:04:51.801,1.28618,1.2862
2013.03.27 01:04:52.164,1.28619,1.28624
2013.03.27 01:04:52.343,1.28619,1.28624
2013.03.27 01:04:54.485,1.28618,1.28624
2013.03.27 01:04:54.793,1.28619,1.28622
2013.03.27 01:04:55.094,1.28618,1.28622
2013.03.27 01:04:55.154,1.28617,1.28619
2013.03.27 01:04:55.333,1.28618,1.28622
2013.03.27 01:04:55.393,1.28619,1.28623
2013.03.27 01:04:55.513,1.28619,1.28623
2013.03.27 01:04:56.091,1.28619,1.28623
2013.03.27 01:04:58.074,1.2862,1.28624
2013.03.27 01:04:58.432,1.28621,1.28625
2013.03.27 01:04:58.492,1.28621,1.28624
2013.03.27 01:04:59.136,1.28623,1.28625
2013.03.27 01:05:01.190,1.28622,1.28624
2013.03.27 01:05:03.024,1.28622,1.28625
2013.03.27 01:05:05.141,1.28624,1.28625
2013.03.27 01:05:06.976,1.28619,1.28624
2013.03.27 01:05:07.045,1.28619,1.28621
2013.03.27 01:05:07.832,1.28619,1.28623
2013.03.27 01:05:08.013,1.2862,1.28625
2013.03.27 01:05:09.012,1.2862,1.28625
2013.03.27 01:05:09.544,1.28621,1.28626
2013.03.27 01:05:10.306,1.28621,1.28626
2013.03.27 01:05:10.852,1.28622,1.28626
2013.03.27 01:05:13.186,1.28624,1.28627
2013.03.27 01:05:13.539,1.28627,1.28629
2013.03.27 01:05:13.852,1.28627,1.28632
2013.03.27 01:05:13.912,1.28627,1.28632
2013.03.27 01:05:14.633,1.28629,1.28632
2013.03.27 01:05:14.933,1.2863,1.28634
2013.03.27 01:05:15.483,1.28631,1.28635
2013.03.27 01:05:15.674,1.28631,1.28635
2013.03.27 01:05:16.294,1.28631,1.28636
2013.03.27 01:05:16.663,1.28635,1.28637
2013.03.27 01:05:16.974,1.28635,1.28639
2013.03.27 01:05:17.284,1.28637,1.28641
2013.03.27 01:05:17.612,1.28639,1.2864
2013.03.27 01:05:19.442,1.28639,1.28642
2013.03.27 01:05:20.103,1.28638,1.28641
2013.03.27 01:05:20.404,1.2864,1.28644
2013.03.27 01:05:20.523,1.2864,1.28644
2013.03.27 01:05:21.182,1.28642,1.28645
2013.03.27 01:05:21.484,1.28645,1.28647
2013.03.27 01:05:21.842,1.28646,1.2865
2013.03.27 01:05:22.044,1.28645,1.28649
2013.03.27 01:05:22.163,1.28646,1.28647
2013.03.27 01:05:22.522,1.28641,1.28645
2013.03.27 01:05:22.763,1.2864,1.28644
2013.03.27 01:05:22.955,1.28638,1.28641
2013.03.27 01:05:24.993,1.28637,1.2864
2013.03.27 01:05:25.113,1.28637,1.28642
2013.03.27 01:05:25.413,1.28638,1.2864
2013.03.27 01:05:25.963,1.28638,1.2864
2013.03.27 01:05:28.533,1.28638,1.28642
2013.03.27 01:05:28.725,1.2864,1.28644
2013.03.27 01:05:29.263,1.2864,1.28643
2013.03.27 01:05:29.804,1.28641,1.28643
2013.03.27 01:05:31.623,1.28639,1.28643
2013.03.27 01:05:32.162,1.2864,1.28643
2013.03.27 01:05:34.472,1.2864,1.28644
2013.03.27 01:05:36.014,1.2864,1.28645
2013.03.27 01:05:37.582,1.2864,1.28644
2013.03.27 01:05:43.738,1.2864,1.28644
2013.03.27 01:05:44.042,1.28639,1.28643
2013.03.27 01:05:44.453,1.28636,1.2864
2013.03.27 01:05:44.962,1.28636,1.2864
2013.03.27 01:05:48.833,1.28636,1.2864
2013.03.27 01:05:49.382,1.28637,1.2864
2013.03.27 01:05:52.762,1.28636,1.2864
2013.03.27 01:05:53.343,1.28636,1.2864
2013.03.27 01:05:54.062,1.28637,1.2864
2013.03.27 01:05:58.515,1.28638,1.2864
2013.03.27 01:05:59.052,1.28639,1.28642
2013.03.27 01:06:02.242,1.28639,1.28642
2013.03.27 01:06:11.161,1.28636,1.28641
2013.03.27 01:06:11.343,1.28636,1.28641
2013.03.27 01:06:11.926,1.28637,1.28641
2013.03.27 01:06:17.703,1.28637,1.2864
2013.03.27 01:06:21.504,1.28635,1.28639
2013.03.27 01:06:22.057,1.28636,1.28639
2013.03.27 01:06:24.686,1.28636,1.28639
2013.03.27 01:06:25.266,1.28636,1.28639
2013.03.27 01:06:28.603,1.28635,1.28639
2013.03.27 01:06:29.733,1.28636,1.2864
2013.03.27 01:06:32.005,1.28637,1.28641
2013.03.27 01:06:32.553,1.28637,1.28641
2013.03.27 01:06:33.092,1.28637,1.28642
2013.03.27 01:06:35.402,1.28637,1.28642
2013.03.27 01:06:35.703,1.28637,1.2864
2013.03.27 01:06:38.202,1.28636,1.28639
2013.03.27 01:06:43.285,1.28635,1.28639
2013.03.27 01:06:43.802,1.28635,1.28639
2013.03.27 01:06:46.153,1.28635,1.28639
2013.03.27 01:06:50.984,1.28635,1.28639
2013.03.27 01:06:51.982,1.28635,1.28638
2013.03.27 01:06:52.522,1.28635,1.28638
2013.03.27 01:07:02.363,1.28635,1.28638
2013.03.27 01:07:03.086,1.28635,1.28638
2013.03.27 01:07:05.862,1.28634,1.28637
2013.03.27 01:07:06.165,1.28632,1.28635
2013.03.27 01:07:06.235,1.28631,1.28635
2013.03.27 01:07:06.773,1.2863,1.28633
2013.03.27 01:07:07.302,1.2863,1.28632
2013.03.27 01:07:09.444,1.2863,1.28635
2013.03.27 01:07:09.562,1.28631,1.28636
2013.03.27 01:07:10.569,1.28629,1.28632
2013.03.27 01:07:12.614,1.28627,1.2863
2013.03.27 01:07:22.543,1.28627,1.28635
2013.03.27 01:07:23.843,1.28626,1.28631
2013.03.27 01:07:26.603,1.28629,1.28633
2013.03.27 01:07:26.663,1.28629,1.28632
2013.03.27 01:07:28.263,1.28629,1.28633
2013.03.27 01:07:28.506,1.2863,1.28635
2013.03.27 01:07:28.813,1.2863,1.28634
2013.03.27 01:07:28.993,1.28631,1.28635
2013.03.27 01:07:31.273,1.28631,1.28635
2013.03.27 01:07:32.263,1.2863,1.28634
2013.03.27 01:07:34.552,1.2863,1.28634
2013.03.27 01:07:34.612,1.2863,1.28634
2013.03.27 01:07:35.662,1.2863,1.28634
2013.03.27 01:07:36.298,1.2863,1.28633
2013.03.27 01:07:36.495,1.28628,1.28631
2013.03.27 01:07:37.033,1.28628,1.28631
2013.03.27 01:07:37.577,1.28628,1.2863
2013.03.27 01:07:53.662,1.28627,1.28631
2013.03.27 01:07:54.304,1.28629,1.28632
2013.03.27 01:07:54.545,1.28631,1.28635
2013.03.27 01:07:54.795,1.28631,1.28635
2013.03.27 01:07:55.344,1.28631,1.28635
2013.03.27 01:07:56.873,1.2863,1.28634
2013.03.27 01:08:00.193,1.2863,1.28634
2013.03.27 01:08:03.624,1.2863,1.28634
2013.03.27 01:08:04.244,1.2863,1.28634
2013.03.27 01:08:07.203,1.2863,1.28634
2013.03.27 01:08:07.624,1.2863,1.28634
2013.03.27 01:08:08.414,1.28629,1.28632
2013.03.27 01:08:08.535,1.28627,1.28632
2013.03.27 01:08:09.133,1.28628,1.28632
2013.03.27 01:08:10.744,1.28629,1.28632
2013.03.27 01:08:11.292,1.28629,1.28633
2013.03.27 01:08:13.685,1.28631,1.28634
2013.03.27 01:08:13.995,1.28632,1.28636
2013.03.27 01:08:14.115,1.28635,1.28639
2013.03.27 01:08:14.483,1.28636,1.2864
2013.03.27 01:08:15.392,1.28635,1.28639
2013.03.27 01:08:16.025,1.28634,1.28639
2013.03.27 01:08:18.573,1.28632,1.28636
2013.03.27 01:08:21.383,1.28634,1.28636
2013.03.27 01:08:22.283,1.28633,1.28636
2013.03.27 01:08:26.313,1.28631,1.28634
2013.03.27 01:08:26.373,1.2863,1.28634
2013.03.27 01:08:26.555,1.28629,1.28633
2013.03.27 01:08:27.102,1.28627,1.2863
2013.03.27 01:08:27.603,1.28627,1.28632
2013.03.27 01:08:27.664,1.28629,1.28633
2013.03.27 01:08:29.909,1.28627,1.28632
2013.03.27 01:08:30.452,1.28626,1.28632
2013.03.27 01:08:30.952,1.28626,1.28631
2013.03.27 01:08:31.015,1.28626,1.2863
2013.03.27 01:08:31.674,1.28626,1.28629
2013.03.27 01:08:32.194,1.28623,1.28628
2013.03.27 01:08:32.373,1.28623,1.28627
2013.03.27 01:08:32.553,1.28623,1.28627
2013.03.27 01:08:34.333,1.28623,1.28626
2013.03.27 01:08:34.573,1.28622,1.28624
2013.03.27 01:08:34.634,1.28621,1.28623
2013.03.27 01:08:34.818,1.2862,1.28622
2013.03.27 01:08:35.244,1.28617,1.2862
2013.03.27 01:08:35.363,1.28617,1.28622
2013.03.27 01:08:35.602,1.2862,1.28624
2013.03.27 01:08:35.723,1.28621,1.28624
2013.03.27 01:08:36.274,1.28621,1.28624
2013.03.27 01:08:37.033,1.28621,1.28624
2013.03.27 01:08:38.013,1.28621,1.28624
2013.03.27 01:08:38.660,1.28621,1.28625
2013.03.27 01:08:42.094,1.28622,1.28625
2013.03.27 01:08:43.346,1.28624,1.28626
2013.03.27 01:08:43.533,1.28623,1.28628
2013.03.27 01:08:43.593,1.28624,1.28629
2013.03.27 01:08:43.653,1.28627,1.28632
2013.03.27 01:08:44.192,1.28629,1.28632
2013.03.27 01:08:44.943,1.28629,1.28632
2013.03.27 01:08:45.484,1.28629,1.28633
2013.03.27 01:08:45.843,1.28627,1.28631
2013.03.27 01:08:46.991,1.28628,1.28633
2013.03.27 01:08:48.003,1.28626,1.28631
2013.03.27 01:08:48.122,1.28627,1.28631
2013.03.27 01:08:48.703,1.28627,1.2863
2013.03.27 01:08:49.793,1.28626,1.2863
2013.03.27 01:08:50.632,1.28626,1.2863
2013.03.27 01:08:57.037,1.28626,1.2863
2013.03.27 01:08:58.783,1.28625,1.28629
2013.03.27 01:09:03.793,1.28625,1.28629
2013.03.27 01:09:07.636,1.28625,1.28629
2013.03.27 01:09:12.585,1.28626,1.28629
2013.03.27 01:09:17.524,1.28625,1.28629
2013.03.27 01:09:17.583,1.28625,1.28629
2013.03.27 01:09:17.704,1.28624,1.28626
2013.03.27 01:09:17.943,1.28622,1.28625
2013.03.27 01:09:18.063,1.2862,1.28624
2013.03.27 01:09:18.303,1.2862,1.28622
2013.03.27 01:09:18.603,1.28618,1.28622
2013.03.27 01:09:18.902,1.28618,1.28622
2013.03.27 01:09:19.512,1.28618,1.28622
2013.03.27 01:09:20.564,1.28618,1.28622
2013.03.27 01:09:21.102,1.28618,1.28623
2013.03.27 01:09:21.733,1.28618,1.28623
2013.03.27 01:09:22.273,1.2862,1.28624
2013.03.27 01:09:23.482,1.2862,1.28624
2013.03.27 01:09:24.262,1.2862,1.28624
2013.03.27 01:09:26.055,1.2862,1.28624
2013.03.27 01:09:27.890,1.28618,1.2862
2013.03.27 01:09:29.125,1.28618,1.28621
2013.03.27 01:09:29.483,1.28618,1.2862
2013.03.27 01:09:30.023,1.28618,1.28619
2013.03.27 01:09:30.569,1.28615,1.28619
2013.03.27 01:09:30.694,1.28618,1.28621
2013.03.27 01:09:31.113,1.28618,1.28622
2013.03.27 01:09:31.815,1.2862,1.28623
2013.03.27 01:09:31.889,1.2862,1.28624
2013.03.27 01:09:32.470,1.28619,1.28624
2013.03.27 01:09:32.993,1.28619,1.28623
2013.03.27 01:09:33.113,1.28618,1.28622
2013.03.27 01:09:33.653,1.28618,1.28622
2013.03.27 01:09:34.312,1.28618,1.28623
2013.03.27 01:09:36.602,1.28618,1.28622
2013.03.27 01:09:36.723,1.28617,1.28621
2013.03.27 01:09:37.273,1.28617,1.2862
2013.03.27 01:09:37.797,1.28617,1.2862
2013.03.27 01:09:40.982,1.28618,1.28622
2013.03.27 01:09:44.633,1.28618,1.28621
2013.03.27 01:09:44.932,1.28616,1.28621
2013.03.27 01:09:45.476,1.28616,1.28621
2013.03.27 01:09:46.136,1.28616,1.28621
2013.03.27 01:09:53.633,1.28616,1.28621
2013.03.27 01:09:59.182,1.28616,1.28621
2013.03.27 01:10:00.563,1.28615,1.2862
2013.03.27 01:10:11.513,1.28615,1.28619
2013.03.27 01:10:13.743,1.28618,1.2862
2013.03.27 01:10:15.613,1.28618,1.2862
2013.03.27 01:10:15.733,1.28616,1.2862
2013.03.27 01:10:15.855,1.28616,1.28619
2013.03.27 01:10:16.273,1.28615,1.28618
2013.03.27 01:10:16.393,1.28612,1.28615
2013.03.27 01:10:18.352,1.28612,1.28616
2013.03.27 01:10:19.451,1.28612,1.28616
2013.03.27 01:10:20.003,1.28609,1.28613
2013.03.27 01:10:20.305,1.28608,1.2861
2013.03.27 01:10:20.625,1.28604,1.28608
2013.03.27 01:10:20.804,1.28608,1.28611
2013.03.27 01:10:21.163,1.28608,1.28611
2013.03.27 01:10:23.913,1.28608,1.28612
2013.03.27 01:10:24.094,1.2861,1.28613
2013.03.27 01:10:24.274,1.28612,1.28615
2013.03.27 01:10:24.694,1.28611,1.28617
2013.03.27 01:10:24.813,1.28612,1.28618
2013.03.27 01:10:25.363,1.28615,1.2862
2013.03.27 01:10:29.798,1.28615,1.2862
2013.03.27 01:10:30.103,1.28615,1.28619
2013.03.27 01:10:30.653,1.28614,1.28618
2013.03.27 01:10:32.387,1.28613,1.28617
2013.03.27 01:10:32.694,1.2861,1.28613
2013.03.27 01:10:32.754,1.28608,1.28612
2013.03.27 01:10:33.644,1.28608,1.28612
2013.03.27 01:10:35.692,1.28608,1.28612
2013.03.27 01:10:40.133,1.28608,1.28613
2013.03.27 01:10:41.524,1.28608,1.28613
2013.03.27 01:10:42.074,1.28608,1.28612
2013.03.27 01:10:42.623,1.28608,1.28613
2013.03.27 01:10:43.373,1.28608,1.28612
2013.03.27 01:10:45.893,1.28609,1.28612
2013.03.27 01:10:46.502,1.28609,1.28613
2013.03.27 01:10:47.296,1.2861,1.28613
