Time,Bid,Ask
2013.03.24 21:00:07.261,1.29475,1.29478
2013.03.24 21:00:09.391,1.29475,1.29481
2013.03.24 21:00:10.652,1.29473,1.2948
2013.03.24 21:00:11.829,1.29474,1.29482
2013.03.24 21:00:12.651,1.29475,1.29477
2013.03.24 21:00:14.531,1.29479,1.29483
2013.03.24 21:00:16.253,1.29476,1.29481
2013.03.24 21:00:17.102,1.29482,1.29489
2013.03.24 21:00:20.021,1.29483,1.2949
2013.03.24 21:00:20.992,1.29484,1.29491
2013.03.24 21:00:21.370,1.29487,1.2949
2013.03.24 21:00:21.862,1.29486,1.29492
2013.03.24 21:00:23.712,1.29484,1.29497
2013.03.24 21:00:24.207,1.29485,1.29499
2013.03.24 21:00:32.094,1.29489,1.29497
2013.03.24 21:00:48.204,1.2949,1.29498
2013.03.24 21:01:20.991,1.29491,1.295
2013.03.24 21:01:21.552,1.29493,1.295
2013.03.24 21:01:21.671,1.29496,1.29504
2013.03.24 21:01:26.611,1.29497,1.29509
2013.03.24 21:01:26.671,1.29498,1.29504
2013.03.24 21:01:27.230,1.29498,1.29503
2013.03.24 21:01:27.962,1.29489,1.29498
2013.03.24 21:01:29.612,1.2949,1.29496
2013.03.24 21:01:30.591,1.29493,1.29499
2013.03.24 21:01:30.954,1.29491,1.29497
2013.03.24 21:01:31.171,1.29497,1.29505
2013.03.24 21:01:32.048,1.29493,1.29497
2013.03.24 21:01:32.562,1.29494,1.29499
2013.03.24 21:01:32.701,1.29497,1.29505
2013.03.24 21:01:33.253,1.29495,1.29509
2013.03.24 21:01:33.582,1.29499,1.29509
2013.03.24 21:01:33.702,1.29494,1.29509
2013.03.24 21:01:34.071,1.29491,1.29509
2013.03.24 21:01:35.115,1.29487,1.29501
2013.03.24 21:01:37.875,1.29493,1.29508
2013.03.24 21:01:41.532,1.29491,1.29509
2013.03.24 21:01:43.302,1.29487,1.29501
2013.03.24 21:01:46.073,1.29488,1.29501
2013.03.24 21:01:46.868,1.29487,1.29501
2013.03.24 21:01:48.863,1.29488,1.29502
2013.03.24 21:02:05.780,1.29489,1.29503
2013.03.24 21:02:07.138,1.29498,1.29503
2013.03.24 21:02:07.212,1.29502,1.29509
2013.03.24 21:02:07.272,1.29502,1.29516
2013.03.24 21:02:07.652,1.29502,1.29512
2013.03.24 21:02:07.772,1.29494,1.29512
2013.03.24 21:02:07.933,1.29494,1.29503
2013.03.24 21:02:08.062,1.29489,1.29503
2013.03.24 21:02:12.532,1.29492,1.29506
2013.03.24 21:02:12.982,1.2949,1.29504
2013.03.24 21:02:15.012,1.29489,1.29503
2013.03.24 21:02:15.302,1.29484,1.29499
2013.03.24 21:02:16.904,1.29481,1.29501
2013.03.24 21:02:16.973,1.29482,1.29502
2013.03.24 21:02:17.302,1.29483,1.29503
2013.03.24 21:02:17.665,1.29488,1.29499
2013.03.24 21:02:17.732,1.29484,1.29499
2013.03.24 21:02:23.742,1.29482,1.29497
2013.03.24 21:02:24.272,1.29481,1.29494
2013.03.24 21:02:24.353,1.29482,1.29496
2013.03.24 21:02:24.892,1.29482,1.29495
2013.03.24 21:02:24.952,1.29479,1.29497
2013.03.24 21:02:25.731,1.29481,1.2949
2013.03.24 21:02:25.922,1.29481,1.29495
2013.03.24 21:02:26.362,1.2948,1.29488
2013.03.24 21:02:26.422,1.29471,1.29488
2013.03.24 21:02:30.053,1.29475,1.29487
2013.03.24 21:02:30.352,1.29475,1.29489
2013.03.24 21:02:30.552,1.29482,1.29487
2013.03.24 21:02:30.612,1.29476,1.29487
2013.03.24 21:02:30.882,1.29471,1.29487
2013.03.24 21:02:48.832,1.29477,1.29483
2013.03.24 21:02:48.952,1.29474,1.29488
2013.03.24 21:02:49.252,1.29477,1.29488
2013.03.24 21:02:49.492,1.2947,1.29488
2013.03.24 21:02:49.883,1.29482,1.2949
2013.03.24 21:02:50.002,1.29483,1.29495
2013.03.24 21:02:50.062,1.29483,1.29497
2013.03.24 21:02:50.535,1.29481,1.295
2013.03.24 21:02:50.602,1.29474,1.29504
2013.03.24 21:02:50.782,1.29486,1.2949
2013.03.24 21:02:51.322,1.29482,1.29492
2013.03.24 21:02:51.953,1.29472,1.295
2013.03.24 21:03:01.302,1.2948,1.29489
2013.03.24 21:03:02.122,1.29465,1.29502
2013.03.24 21:03:07.872,1.29463,1.29502
2013.03.24 21:03:10.862,1.29462,1.295
2013.03.24 21:03:15.072,1.29466,1.29494
2013.03.24 21:03:30.733,1.29465,1.29493
2013.03.24 21:03:37.772,1.2947,1.29486
2013.03.24 21:03:38.082,1.29471,1.29483
2013.03.24 21:03:38.442,1.29474,1.29478
2013.03.24 21:03:38.822,1.29471,1.2948
2013.03.24 21:03:38.943,1.2947,1.29478
2013.03.24 21:03:45.203,1.29469,1.29476
2013.03.24 21:03:45.561,1.29469,1.29473
2013.03.24 21:03:46.132,1.29468,1.29472
2013.03.24 21:03:48.353,1.29465,1.29475
2013.03.24 21:03:48.412,1.29472,1.2948
2013.03.24 21:03:48.743,1.29467,1.29475
2013.03.24 21:03:49.363,1.29463,1.2947
2013.03.24 21:03:50.004,1.29461,1.2947
2013.03.24 21:03:50.132,1.29452,1.29476
2013.03.24 21:03:50.312,1.29449,1.29477
2013.03.24 21:03:51.376,1.29448,1.29476
2013.03.24 21:03:53.112,1.29448,1.29464
2013.03.24 21:03:53.639,1.29459,1.29467
2013.03.24 21:04:05.672,1.29461,1.29476
2013.03.24 21:04:24.584,1.29456,1.29486
2013.03.24 21:04:29.263,1.29456,1.29486
2013.03.24 21:04:41.083,1.29456,1.29486
2013.03.24 21:04:59.039,1.29457,1.29487
2013.03.24 21:05:08.363,1.29454,1.29484
2013.03.24 21:05:10.673,1.29464,1.29484
2013.03.24 21:05:25.334,1.29457,1.29487
2013.03.24 21:05:40.208,1.29457,1.29487
2013.03.24 21:05:50.163,1.29458,1.29488
2013.03.24 21:06:11.492,1.29468,1.2948
2013.03.24 21:06:11.613,1.29468,1.29483
2013.03.24 21:06:12.912,1.29466,1.29496
2013.03.24 21:06:18.943,1.29476,1.29496
2013.03.24 21:07:07.772,1.29474,1.2949
2013.03.24 21:07:19.663,1.29476,1.2949
2013.03.24 21:07:20.362,1.29476,1.29491
2013.03.24 21:07:20.422,1.29476,1.29489
2013.03.24 21:07:27.284,1.29479,1.29488
2013.03.24 21:07:27.344,1.29477,1.29493
2013.03.24 21:07:32.002,1.29479,1.29493
2013.03.24 21:07:36.342,1.2948,1.29493
2013.03.24 21:07:40.845,1.29481,1.29494
2013.03.24 21:07:44.222,1.29482,1.29495
2013.03.24 21:07:44.403,1.29483,1.29497
2013.03.24 21:07:45.654,1.29489,1.29493
2013.03.24 21:07:48.794,1.29489,1.29496
2013.03.24 21:07:48.853,1.29489,1.29499
2013.03.24 21:07:49.450,1.29488,1.29502
2013.03.24 21:07:54.602,1.29478,1.29515
2013.03.24 21:07:54.662,1.29479,1.29516
2013.03.24 21:07:55.004,1.29492,1.29505
2013.03.24 21:07:59.193,1.29493,1.29506
2013.03.24 21:08:09.113,1.29498,1.29503
2013.03.24 21:08:16.832,1.29504,1.29508
2013.03.24 21:08:27.453,1.29506,1.29519
2013.03.24 21:08:49.233,1.29506,1.29519
2013.03.24 21:08:55.394,1.29493,1.2953
2013.03.24 21:09:16.820,1.2949,1.2952
2013.03.24 21:09:28.732,1.29508,1.29515
2013.03.24 21:09:36.592,1.29504,1.29521
2013.03.24 21:09:37.073,1.29493,1.29534
2013.03.24 21:09:37.133,1.29505,1.29524
2013.03.24 21:09:41.423,1.29512,1.2952
2013.03.24 21:09:41.782,1.29519,1.29524
2013.03.24 21:09:50.252,1.29519,1.29532
2013.03.24 21:09:58.572,1.29519,1.29532
2013.03.24 21:09:59.233,1.2952,1.29532
2013.03.24 21:10:13.753,1.29519,1.29532
2013.03.24 21:10:31.683,1.29519,1.29532
2013.03.24 21:11:03.072,1.29518,1.29523
2013.03.24 21:11:06.273,1.29514,1.29519
2013.03.24 21:11:17.994,1.29515,1.29526
2013.03.24 21:11:18.233,1.29516,1.29526
2013.03.24 21:11:18.293,1.29515,1.29526
2013.03.24 21:12:07.464,1.29517,1.2953
2013.03.24 21:12:35.544,1.29519,1.29533
2013.03.24 21:12:40.155,1.29526,1.29534
2013.03.24 21:12:50.194,1.29527,1.29539
2013.03.24 21:12:50.495,1.29532,1.2954
2013.03.24 21:12:51.536,1.29538,1.29547
2013.03.24 21:12:51.954,1.29542,1.29552
2013.03.24 21:12:52.336,1.29543,1.29552
2013.03.24 21:12:53.106,1.29544,1.29552
2013.03.24 21:12:53.876,1.29544,1.29552
2013.03.24 21:12:54.935,1.29545,1.29554
2013.03.24 21:12:58.445,1.29546,1.29554
2013.03.24 21:13:02.714,1.29546,1.29554
2013.03.24 21:13:09.884,1.29534,1.2956
2013.03.24 21:13:09.944,1.29537,1.2956
2013.03.24 21:13:10.124,1.29543,1.29568
2013.03.24 21:13:10.184,1.29552,1.29561
2013.03.24 21:13:10.244,1.29548,1.29567
2013.03.24 21:13:10.545,1.29552,1.29564
2013.03.24 21:13:10.904,1.29554,1.29564
2013.03.24 21:13:11.444,1.29552,1.29567
2013.03.24 21:13:11.954,1.29553,1.29569
2013.03.24 21:13:14.335,1.29556,1.29568
2013.03.24 21:13:14.805,1.29558,1.29568
2013.03.24 21:13:16.805,1.29558,1.29571
2013.03.24 21:13:18.345,1.29557,1.29574
2013.03.24 21:13:19.346,1.29559,1.29575
2013.03.24 21:13:21.290,1.29567,1.29572
2013.03.24 21:13:22.474,1.29567,1.29576
2013.03.24 21:13:23.574,1.29564,1.29582
2013.03.24 21:13:29.375,1.29566,1.29577
2013.03.24 21:13:31.344,1.29564,1.29577
2013.03.24 21:13:32.574,1.29553,1.29574
2013.03.24 21:13:32.635,1.29557,1.29572
2013.03.24 21:13:35.855,1.29561,1.2957
2013.03.24 21:13:39.085,1.2956,1.29573
2013.03.24 21:13:42.044,1.29561,1.29574
2013.03.24 21:13:42.165,1.2956,1.29577
2013.03.24 21:13:42.326,1.2956,1.2958
2013.03.24 21:13:42.384,1.29555,1.29588
2013.03.24 21:13:43.264,1.29556,1.29589
2013.03.24 21:13:43.604,1.29559,1.29589
2013.03.24 21:13:44.034,1.2956,1.2959
2013.03.24 21:13:44.564,1.29561,1.29591
2013.03.24 21:13:45.124,1.29561,1.29594
2013.03.24 21:13:45.735,1.29562,1.29595
2013.03.24 21:13:48.575,1.29563,1.29596
2013.03.24 21:13:48.975,1.29566,1.29595
2013.03.24 21:13:50.595,1.29573,1.29591
2013.03.24 21:13:53.885,1.29577,1.29589
2013.03.24 21:14:04.390,1.29577,1.29591
2013.03.24 21:14:11.804,1.29579,1.29592
2013.03.24 21:14:17.086,1.29583,1.296
2013.03.24 21:14:17.445,1.29584,1.29596
2013.03.24 21:14:24.448,1.29582,1.29596
2013.03.24 21:14:29.886,1.29584,1.29596
2013.03.24 21:14:40.895,1.29589,1.29598
2013.03.24 21:14:44.956,1.29591,1.29602
2013.03.24 21:14:46.325,1.29588,1.29602
2013.03.24 21:14:49.536,1.2959,1.29605
2013.03.24 21:14:49.595,1.29594,1.29604
2013.03.24 21:14:50.015,1.29594,1.29606
2013.03.24 21:14:52.875,1.29595,1.29608
2013.03.24 21:14:56.235,1.29597,1.29609
2013.03.24 21:14:56.294,1.29598,1.29611
2013.03.24 21:14:56.354,1.29597,1.29614
2013.03.24 21:15:00.935,1.296,1.29614
2013.03.24 21:15:01.416,1.296,1.29617
2013.03.24 21:15:01.474,1.29596,1.29624
2013.03.24 21:15:01.655,1.29601,1.29622
2013.03.24 21:15:01.834,1.29606,1.29619
2013.03.24 21:15:02.276,1.29604,1.29623
2013.03.24 21:15:02.466,1.29607,1.29623
2013.03.24 21:15:02.585,1.29606,1.29625
2013.03.24 21:15:02.944,1.29612,1.29621
2013.03.24 21:15:03.285,1.29612,1.29622
2013.03.24 21:15:03.345,1.2961,1.29626
2013.03.24 21:15:10.806,1.29613,1.29625
2013.03.24 21:15:13.004,1.29615,1.29624
2013.03.24 21:15:13.064,1.29617,1.29625
2013.03.24 21:15:13.244,1.29617,1.29627
2013.03.24 21:15:14.124,1.29616,1.2963
2013.03.24 21:15:16.984,1.2962,1.29632
2013.03.24 21:15:21.175,1.29619,1.29631
2013.03.24 21:15:32.448,1.29622,1.29639
2013.03.24 21:15:32.585,1.29627,1.29636
2013.03.24 21:15:32.905,1.29627,1.29638
2013.03.24 21:15:37.395,1.29627,1.2964
2013.03.24 21:15:41.245,1.29629,1.29643
2013.03.24 21:15:42.294,1.29624,1.29642
2013.03.24 21:15:42.834,1.29629,1.29642
2013.03.24 21:15:44.601,1.2963,1.29642
2013.03.24 21:15:46.515,1.29631,1.29642
2013.03.24 21:15:53.185,1.29634,1.29651
2013.03.24 21:15:57.086,1.29636,1.2965
2013.03.24 21:15:59.115,1.29635,1.2964
2013.03.24 21:15:59.175,1.29625,1.29648
2013.03.24 21:15:59.235,1.2963,1.2964
2013.03.24 21:15:59.295,1.29619,1.29649
2013.03.24 21:15:59.415,1.29622,1.29644
2013.03.24 21:15:59.736,1.29626,1.29638
2013.03.24 21:16:02.809,1.29624,1.29639
2013.03.24 21:16:07.645,1.29627,1.29634
2013.03.24 21:16:07.705,1.29616,1.29637
2013.03.24 21:16:08.335,1.29608,1.29653
2013.03.24 21:16:12.207,1.29625,1.29634
2013.03.24 21:16:31.485,1.29619,1.29633
2013.03.24 21:16:43.285,1.29619,1.29631
2013.03.24 21:17:00.826,1.29618,1.29631
2013.03.24 21:17:04.295,1.29621,1.29626
2013.03.24 21:17:06.105,1.29615,1.29628
2013.03.24 21:17:11.545,1.29614,1.2963
2013.03.24 21:17:11.805,1.29614,1.29635
2013.03.24 21:17:11.865,1.29615,1.29635
2013.03.24 21:17:12.267,1.29621,1.29631
2013.03.24 21:17:12.925,1.29621,1.29633
2013.03.24 21:17:32.875,1.29622,1.29634
2013.03.24 21:17:33.175,1.29623,1.29635
2013.03.24 21:17:33.296,1.29623,1.29637
2013.03.24 21:17:35.245,1.29629,1.29634
2013.03.24 21:17:40.425,1.29629,1.29646
2013.03.24 21:17:47.963,1.2963,1.29637
2013.03.24 21:17:54.436,1.29627,1.29637
2013.03.24 21:17:54.496,1.2963,1.29637
2013.03.24 21:17:54.845,1.29631,1.29645
2013.03.24 21:17:59.446,1.29627,1.29644
2013.03.24 21:18:15.166,1.29626,1.29643
2013.03.24 21:18:26.865,1.29626,1.2964
2013.03.24 21:18:34.829,1.29626,1.29639
2013.03.24 21:18:36.815,1.29626,1.29638
2013.03.24 21:18:56.246,1.29617,1.29637
2013.03.24 21:18:59.276,1.2962,1.29631
2013.03.24 21:18:59.395,1.2961,1.29627
2013.03.24 21:18:59.455,1.29599,1.29636
2013.03.24 21:18:59.515,1.29595,1.29638
2013.03.24 21:19:00.065,1.29593,1.29627
2013.03.24 21:19:00.425,1.29606,1.29616
2013.03.24 21:19:04.665,1.29607,1.29617
2013.03.24 21:19:04.905,1.29608,1.29618
2013.03.24 21:19:05.225,1.29607,1.29621
2013.03.24 21:19:06.810,1.29605,1.29625
2013.03.24 21:19:06.945,1.29611,1.29621
2013.03.24 21:19:07.246,1.29608,1.29627
2013.03.24 21:19:07.617,1.29608,1.29628
2013.03.24 21:19:07.795,1.29612,1.29626
2013.03.24 21:19:08.155,1.29611,1.29629
2013.03.24 21:19:08.736,1.29611,1.29631
2013.03.24 21:19:09.696,1.29613,1.29632
2013.03.24 21:19:10.244,1.29614,1.29633
2013.03.24 21:19:10.595,1.2962,1.29629
2013.03.24 21:19:10.715,1.29615,1.29635
2013.03.24 21:19:15.025,1.29616,1.29636
2013.03.24 21:19:15.406,1.29622,1.29632
2013.03.24 21:19:16.230,1.29618,1.29638
2013.03.24 21:19:16.425,1.29625,1.29634
2013.03.24 21:19:19.845,1.29626,1.29636
2013.03.24 21:19:23.484,1.29622,1.29642
2013.03.24 21:19:27.975,1.29628,1.29638
2013.03.24 21:19:30.205,1.29631,1.29638
2013.03.24 21:19:30.865,1.29626,1.29646
2013.03.24 21:19:31.404,1.29632,1.29642
2013.03.24 21:19:38.915,1.29636,1.29641
2013.03.24 21:19:44.916,1.29632,1.29646
2013.03.24 21:19:57.786,1.29633,1.29647
2013.03.24 21:19:57.846,1.29632,1.2965
2013.03.24 21:19:57.905,1.29635,1.29648
2013.03.24 21:19:57.968,1.29638,1.29647
2013.03.24 21:20:01.806,1.2964,1.29648
2013.03.24 21:20:01.875,1.29638,1.29652
2013.03.24 21:20:04.936,1.29641,1.29651
2013.03.24 21:20:09.125,1.29643,1.29652
2013.03.24 21:20:10.986,1.29644,1.29653
2013.03.24 21:20:15.595,1.29643,1.29656
2013.03.24 21:20:15.655,1.29648,1.29662
2013.03.24 21:20:15.896,1.29635,1.29662
2013.03.24 21:20:15.955,1.29646,1.29662
2013.03.24 21:20:17.695,1.29645,1.29661
2013.03.24 21:20:23.195,1.29644,1.29661
2013.03.24 21:20:28.265,1.29639,1.29663
2013.03.24 21:20:30.945,1.29632,1.29656
2013.03.24 21:20:32.935,1.29632,1.29652
2013.03.24 21:20:55.366,1.29629,1.29652
2013.03.24 21:20:57.905,1.29641,1.29652
2013.03.24 21:21:00.417,1.29644,1.29653
2013.03.24 21:21:02.976,1.29643,1.29653
2013.03.24 21:21:03.696,1.29641,1.29653
2013.03.24 21:21:07.125,1.29643,1.29649
2013.03.24 21:21:07.186,1.29637,1.29652
2013.03.24 21:21:07.695,1.29639,1.29648
2013.03.24 21:21:08.245,1.29637,1.29647
2013.03.24 21:21:09.255,1.29634,1.29648
2013.03.24 21:21:14.015,1.29631,1.29648
2013.03.24 21:21:28.836,1.29633,1.29652
2013.03.24 21:21:36.546,1.29633,1.2965
2013.03.24 21:21:36.727,1.29635,1.29646
2013.03.24 21:21:36.966,1.29626,1.29643
2013.03.24 21:21:39.368,1.29626,1.2964
2013.03.24 21:21:47.316,1.29621,1.29634
2013.03.24 21:22:39.936,1.2963,1.29635
2013.03.24 21:23:39.923,1.29631,1.29635
2013.03.24 21:23:40.685,1.29618,1.29652
2013.03.24 21:23:40.986,1.29622,1.29636
2013.03.24 21:23:42.755,1.29623,1.29646
2013.03.24 21:23:44.045,1.29622,1.29634
2013.03.24 21:24:09.855,1.2963,1.29635
2013.03.24 21:24:15.875,1.29631,1.29636
2013.03.24 21:24:16.945,1.2963,1.29635
2013.03.24 21:24:17.529,1.29631,1.29636
2013.03.24 21:24:18.575,1.2963,1.29635
2013.03.24 21:24:19.155,1.29631,1.29636
2013.03.24 21:24:19.813,1.2962,1.29634
2013.03.24 21:24:20.366,1.2963,1.29635
2013.03.24 21:24:30.586,1.29631,1.29636
2013.03.24 21:24:32.525,1.2963,1.29635
2013.03.24 21:24:33.043,1.29631,1.29636
2013.03.24 21:24:33.815,1.2963,1.29635
2013.03.24 21:24:34.391,1.29631,1.29636
2013.03.24 21:24:34.948,1.2963,1.29635
2013.03.24 21:24:35.455,1.29631,1.29636
2013.03.24 21:24:36.135,1.2963,1.29635
2013.03.24 21:24:36.675,1.29631,1.29636
2013.03.24 21:24:37.317,1.2963,1.29635
2013.03.24 21:24:40.386,1.29631,1.29636
2013.03.24 21:24:40.945,1.2963,1.29635
2013.03.24 21:24:42.495,1.29631,1.29636
2013.03.24 21:24:43.035,1.2963,1.29635
2013.03.24 21:24:43.686,1.29631,1.29636
2013.03.24 21:24:44.196,1.2963,1.29635
2013.03.24 21:24:45.805,1.29631,1.29636
2013.03.24 21:24:46.355,1.29621,1.29635
2013.03.24 21:24:46.886,1.29631,1.29636
2013.03.24 21:24:48.035,1.29621,1.29635
2013.03.24 21:24:49.775,1.29631,1.29636
2013.03.24 21:24:50.396,1.29621,1.29635
2013.03.24 21:24:51.285,1.29631,1.29636
2013.03.24 21:24:51.855,1.29621,1.29635
2013.03.24 21:24:53.495,1.29631,1.29636
2013.03.24 21:24:54.027,1.2963,1.29635
2013.03.24 21:24:54.695,1.29631,1.29636
2013.03.24 21:24:55.215,1.2963,1.29635
2013.03.24 21:24:56.715,1.29631,1.29636
2013.03.24 21:24:57.345,1.2963,1.29635
2013.03.24 21:24:57.995,1.29631,1.29636
2013.03.24 21:24:58.546,1.29621,1.29635
2013.03.24 21:24:59.105,1.29631,1.29636
2013.03.24 21:24:59.645,1.2963,1.29635
2013.03.24 21:25:01.195,1.29631,1.29636
2013.03.24 21:25:01.755,1.29621,1.29635
2013.03.24 21:25:03.295,1.29631,1.29636
2013.03.24 21:25:03.936,1.29619,1.29638
2013.03.24 21:25:04.416,1.29629,1.29639
2013.03.24 21:25:04.957,1.2963,1.29635
2013.03.24 21:25:05.615,1.29629,1.29634
2013.03.24 21:25:06.135,1.2963,1.29635
2013.03.24 21:25:07.176,1.29629,1.29634
2013.03.24 21:25:07.835,1.2963,1.29635
2013.03.24 21:25:09.026,1.29631,1.29636
2013.03.24 21:25:09.586,1.2963,1.29635
2013.03.24 21:25:10.097,1.29629,1.29634
2013.03.24 21:25:10.681,1.2963,1.29635
2013.03.24 21:25:12.287,1.29631,1.29636
2013.03.24 21:25:12.895,1.2963,1.29635
2013.03.24 21:25:13.446,1.29631,1.29636
2013.03.24 21:25:14.795,1.2963,1.29635
2013.03.24 21:25:15.535,1.29631,1.29636
2013.03.24 21:25:17.566,1.2963,1.29635
2013.03.24 21:25:18.805,1.29631,1.29636
2013.03.24 21:25:19.375,1.2963,1.29635
2013.03.24 21:25:20.045,1.29631,1.29636
2013.03.24 21:25:20.565,1.29619,1.29638
2013.03.24 21:25:22.407,1.29618,1.29628
2013.03.24 21:25:22.916,1.2961,1.29624
2013.03.24 21:25:23.036,1.29603,1.29624
2013.03.24 21:25:23.216,1.29603,1.29626
2013.03.24 21:25:23.735,1.296,1.29634
2013.03.24 21:25:23.795,1.296,1.29635
2013.03.24 21:25:23.915,1.296,1.29637
2013.03.24 21:25:24.535,1.29603,1.29637
2013.03.24 21:25:28.165,1.29611,1.29631
2013.03.24 21:25:30.115,1.29611,1.2963
2013.03.24 21:25:31.106,1.29611,1.29631
2013.03.24 21:25:33.186,1.29611,1.2963
2013.03.24 21:25:34.285,1.29609,1.29639
2013.03.24 21:25:35.395,1.29609,1.29639
2013.03.24 21:25:36.085,1.29609,1.29639
2013.03.24 21:25:36.735,1.29609,1.29639
2013.03.24 21:25:37.266,1.29609,1.29639
2013.03.24 21:25:38.735,1.29609,1.29639
2013.03.24 21:25:39.375,1.29609,1.29639
2013.03.24 21:25:39.895,1.29609,1.29639
2013.03.24 21:25:40.605,1.29609,1.29639
2013.03.24 21:25:41.145,1.29609,1.29639
2013.03.24 21:25:41.695,1.29609,1.29639
2013.03.24 21:25:43.767,1.29609,1.29639
2013.03.24 21:25:44.816,1.29617,1.29629
2013.03.24 21:25:45.176,1.29613,1.2963
2013.03.24 21:25:45.707,1.29614,1.2963
2013.03.24 21:25:46.606,1.29613,1.2963
2013.03.24 21:25:47.735,1.29614,1.2963
2013.03.24 21:25:48.416,1.29613,1.2963
2013.03.24 21:25:49.076,1.29614,1.29629
2013.03.24 21:26:03.805,1.29612,1.29629
2013.03.24 21:26:07.987,1.29618,1.29629
2013.03.24 21:26:08.495,1.29619,1.29629
2013.03.24 21:26:17.076,1.29618,1.29632
2013.03.24 21:26:20.706,1.29623,1.29633
2013.03.24 21:26:21.216,1.29624,1.29635
2013.03.24 21:26:22.706,1.29624,1.29638
2013.03.24 21:26:23.306,1.29623,1.29638
2013.03.24 21:26:26.488,1.29627,1.29638
2013.03.24 21:26:28.556,1.29628,1.2964
2013.03.24 21:26:32.165,1.2963,1.2964
2013.03.24 21:26:33.318,1.29631,1.29642
2013.03.24 21:26:33.857,1.29629,1.29642
2013.03.24 21:26:36.685,1.29618,1.29642
2013.03.24 21:26:43.427,1.29625,1.29633
2013.03.24 21:26:45.435,1.29613,1.29643
2013.03.24 21:26:45.795,1.29625,1.29633
2013.03.24 21:26:46.095,1.29613,1.29643
2013.03.24 21:26:46.216,1.29625,1.29633
2013.03.24 21:26:46.275,1.29613,1.29643
2013.03.24 21:26:46.516,1.29625,1.29633
2013.03.24 21:26:46.679,1.29613,1.29643
2013.03.24 21:26:46.975,1.29625,1.29633
2013.03.24 21:26:47.338,1.29613,1.29643
2013.03.24 21:26:47.395,1.29625,1.29633
2013.03.24 21:26:48.066,1.29613,1.29643
2013.03.24 21:26:48.186,1.29625,1.29633
2013.03.24 21:26:51.076,1.29628,1.29643
2013.03.24 21:27:20.026,1.2963,1.29647
2013.03.24 21:27:20.086,1.29631,1.29642
2013.03.24 21:27:20.146,1.29628,1.29648
2013.03.24 21:27:20.206,1.29632,1.29656
2013.03.24 21:27:20.596,1.29631,1.29656
2013.03.24 21:27:20.657,1.29626,1.29653
2013.03.24 21:27:20.716,1.29622,1.2965
2013.03.24 21:27:20.836,1.29621,1.2965
2013.03.24 21:27:27.667,1.29622,1.2965
2013.03.24 21:27:27.726,1.29623,1.2965
2013.03.24 21:27:28.156,1.29635,1.2964
2013.03.24 21:27:32.087,1.29634,1.29639
2013.03.24 21:27:37.166,1.29635,1.2964
2013.03.24 21:27:58.296,1.29634,1.29639
2013.03.24 21:28:04.877,1.2963,1.2965
2013.03.24 21:28:09.487,1.2963,1.2964
2013.03.24 21:28:34.396,1.29629,1.29649
2013.03.24 21:28:36.447,1.29627,1.29644
2013.03.24 21:28:36.566,1.29624,1.29646
2013.03.24 21:28:36.806,1.29629,1.29639
2013.03.24 21:28:41.416,1.29624,1.29644
2013.03.24 21:28:41.716,1.29628,1.29648
2013.03.24 21:29:21.377,1.29628,1.29638
2013.03.24 21:29:43.867,1.29629,1.29649
2013.03.24 21:30:26.936,1.29631,1.29651
2013.03.24 21:30:29.936,1.29631,1.29641
2013.03.24 21:30:34.126,1.29631,1.29651
2013.03.24 21:30:35.117,1.29631,1.29641
2013.03.24 21:30:36.586,1.29636,1.29644
2013.03.24 21:30:36.766,1.29632,1.2965
2013.03.24 21:30:37.258,1.29631,1.29653
2013.03.24 21:30:45.747,1.29633,1.29653
2013.03.24 21:30:50.797,1.29634,1.29654
2013.03.24 21:30:54.877,1.29641,1.29649
2013.03.24 21:30:56.527,1.29641,1.29651
2013.03.24 21:30:58.296,1.29643,1.29652
2013.03.24 21:31:55.039,1.29642,1.29655
2013.03.24 21:31:55.397,1.29643,1.29657
2013.03.24 21:31:55.696,1.2964,1.29673
2013.03.24 21:31:55.876,1.2964,1.29668
2013.03.24 21:31:58.957,1.29641,1.29672
2013.03.24 21:32:00.196,1.2964,1.29672
2013.03.24 21:32:01.984,1.2964,1.29668
2013.03.24 21:32:02.318,1.29645,1.29661
2013.03.24 21:32:03.657,1.29643,1.29662
2013.03.24 21:32:04.237,1.29644,1.29659
2013.03.24 21:32:04.896,1.29641,1.2966
2013.03.24 21:32:05.416,1.29642,1.29657
2013.03.24 21:32:06.546,1.29641,1.29655
2013.03.24 21:32:10.167,1.29639,1.29655
2013.03.24 21:32:10.706,1.29633,1.29647
2013.03.24 21:32:12.396,1.29633,1.29648
2013.03.24 21:32:12.906,1.29633,1.29647
2013.03.24 21:32:14.337,1.29634,1.29648
2013.03.24 21:32:14.846,1.29645,1.2965
2013.03.24 21:32:15.177,1.29635,1.29648
2013.03.24 21:32:15.237,1.29639,1.29647
2013.03.24 21:32:17.897,1.29642,1.29646
2013.03.24 21:32:20.976,1.29638,1.29652
2013.03.24 21:32:35.557,1.29648,1.29653
2013.03.24 21:32:40.536,1.29638,1.29652
2013.03.24 21:33:01.408,1.29639,1.29653
2013.03.24 21:33:06.467,1.29648,1.29653
2013.03.24 21:33:13.466,1.29648,1.29653
2013.03.24 21:33:13.589,1.29643,1.2966
2013.03.24 21:33:20.486,1.29645,1.2966
2013.03.24 21:33:20.608,1.29643,1.29664
2013.03.24 21:33:20.681,1.29645,1.29665
2013.03.24 21:33:20.988,1.29648,1.29665
2013.03.24 21:33:21.346,1.2965,1.29665
2013.03.24 21:33:21.407,1.2965,1.29667
2013.03.24 21:33:21.647,1.2965,1.29669
2013.03.24 21:33:22.819,1.29656,1.29666
2013.03.24 21:33:24.227,1.29655,1.29669
2013.03.24 21:33:27.588,1.29657,1.29668
2013.03.24 21:33:28.146,1.29658,1.2967
2013.03.24 21:33:28.507,1.2966,1.2967
2013.03.24 21:33:29.187,1.29655,1.29678
2013.03.24 21:33:29.246,1.29655,1.2968
2013.03.24 21:33:29.367,1.29657,1.29681
2013.03.24 21:33:29.667,1.29655,1.29685
2013.03.24 21:33:29.727,1.29655,1.29688
2013.03.24 21:33:29.787,1.29653,1.29693
2013.03.24 21:33:30.297,1.29666,1.29683
2013.03.24 21:33:30.717,1.29664,1.29687
2013.03.24 21:33:31.437,1.29674,1.29679
2013.03.24 21:33:31.796,1.29668,1.29688
2013.03.24 21:33:32.217,1.29674,1.29684
2013.03.24 21:33:32.706,1.29668,1.29692
2013.03.24 21:33:33.066,1.29674,1.29688
2013.03.24 21:33:34.147,1.29676,1.29689
2013.03.24 21:33:34.466,1.29678,1.2969
2013.03.24 21:33:35.807,1.29679,1.29691
2013.03.24 21:33:36.167,1.29676,1.29696
2013.03.24 21:33:39.466,1.29679,1.29695
2013.03.24 21:33:41.357,1.29682,1.29694
2013.03.24 21:33:42.898,1.29683,1.29696
2013.03.24 21:33:43.207,1.29681,1.297
2013.03.24 21:33:43.655,1.29688,1.29695
2013.03.24 21:33:45.249,1.29679,1.29707
2013.03.24 21:33:45.319,1.2968,1.29708
2013.03.24 21:33:45.438,1.2969,1.297
2013.03.24 21:33:45.677,1.29691,1.297
2013.03.24 21:33:49.419,1.29687,1.29707
2013.03.24 21:33:49.547,1.29689,1.29707
2013.03.24 21:33:49.667,1.29694,1.29715
2013.03.24 21:33:49.726,1.29694,1.29715
2013.03.24 21:33:49.846,1.29693,1.29725
2013.03.24 21:33:50.147,1.29693,1.29725
2013.03.24 21:33:50.207,1.29693,1.29725
2013.03.24 21:33:50.267,1.29693,1.29723
2013.03.24 21:33:50.626,1.29687,1.29723
2013.03.24 21:33:50.930,1.29685,1.29723
2013.03.24 21:33:52.057,1.29683,1.29721
2013.03.24 21:33:52.417,1.29681,1.29719
2013.03.24 21:33:52.737,1.29677,1.29715
2013.03.24 21:33:53.098,1.29679,1.29717
2013.03.24 21:34:07.297,1.29681,1.29718
2013.03.24 21:34:07.756,1.29685,1.29719
2013.03.24 21:34:09.847,1.29687,1.29721
2013.03.24 21:34:16.337,1.29684,1.29719
2013.03.24 21:34:16.397,1.29682,1.29719
2013.03.24 21:34:16.756,1.29682,1.29705
2013.03.24 21:34:16.817,1.29679,1.29713
2013.03.24 21:34:22.087,1.29679,1.29713
2013.03.24 21:34:33.357,1.29677,1.29711
2013.03.24 21:34:33.922,1.29677,1.29711
2013.03.24 21:34:39.636,1.29682,1.29705
2013.03.24 21:34:40.116,1.29689,1.29708
2013.03.24 21:34:47.536,1.29691,1.29708
2013.03.24 21:34:49.378,1.29704,1.29709
2013.03.24 21:34:51.937,1.29694,1.29705
2013.03.24 21:34:52.056,1.29683,1.29705
2013.03.24 21:34:52.478,1.29682,1.29712
2013.03.24 21:34:53.026,1.29677,1.29709
2013.03.24 21:34:54.087,1.29682,1.29705
2013.03.24 21:34:54.446,1.29692,1.29708
2013.03.24 21:35:00.317,1.297,1.29708
2013.03.24 21:35:00.678,1.29699,1.29712
2013.03.24 21:35:04.497,1.29699,1.29715
2013.03.24 21:35:04.617,1.29695,1.29721
2013.03.24 21:35:04.739,1.297,1.29719
2013.03.24 21:35:05.097,1.29698,1.29711
2013.03.24 21:35:05.217,1.29691,1.29706
2013.03.24 21:35:06.707,1.29691,1.29708
2013.03.24 21:35:08.237,1.2969,1.29702
2013.03.24 21:35:08.919,1.29688,1.29705
2013.03.24 21:35:10.197,1.29696,1.29704
2013.03.24 21:35:29.259,1.29688,1.29701
2013.03.24 21:35:29.436,1.29679,1.29708
2013.03.24 21:35:30.358,1.29673,1.29703
2013.03.24 21:35:32.606,1.29673,1.29705
2013.03.24 21:35:43.628,1.29675,1.29705
2013.03.24 21:35:46.359,1.29674,1.29705
2013.03.24 21:35:47.336,1.29672,1.29702
2013.03.24 21:36:14.927,1.29672,1.29703
2013.03.24 21:36:15.467,1.29675,1.29705
2013.03.24 21:36:29.226,1.29675,1.29705
2013.03.24 21:36:37.047,1.29675,1.29705
2013.03.24 21:36:41.497,1.29675,1.29703
2013.03.24 21:36:41.557,1.29674,1.29692
2013.03.24 21:36:44.044,1.29671,1.2969
2013.03.24 21:36:46.157,1.29671,1.29689
2013.03.24 21:36:50.957,1.29671,1.29689
2013.03.24 21:36:51.267,1.29673,1.29689
2013.03.24 21:37:12.207,1.29671,1.29693
2013.03.24 21:37:13.767,1.29678,1.297
2013.03.24 21:37:14.857,1.29678,1.29705
2013.03.24 21:37:16.517,1.29678,1.29705
2013.03.24 21:37:17.157,1.29678,1.29705
2013.03.24 21:37:17.757,1.29678,1.29705
2013.03.24 21:37:18.318,1.29678,1.29705
2013.03.24 21:37:19.837,1.29678,1.29705
2013.03.24 21:37:20.387,1.29678,1.29705
2013.03.24 21:37:21.327,1.29678,1.29705
2013.03.24 21:37:21.927,1.29678,1.29705
2013.03.24 21:37:23.107,1.29678,1.29705
2013.03.24 21:37:23.687,1.29678,1.29705
2013.03.24 21:37:24.307,1.29678,1.29705
2013.03.24 21:37:24.847,1.29678,1.29705
2013.03.24 21:37:26.282,1.29678,1.29705
2013.03.24 21:37:26.858,1.29678,1.29705
2013.03.24 21:37:27.971,1.29678,1.29705
2013.03.24 21:37:28.547,1.29678,1.29705
2013.03.24 21:37:29.169,1.29678,1.29705
2013.03.24 21:37:29.677,1.29678,1.29705
2013.03.24 21:37:30.111,1.29674,1.29705
2013.03.24 21:37:30.347,1.29669,1.29703
2013.03.24 21:37:30.407,1.29673,1.29703
2013.03.24 21:37:30.771,1.29674,1.29704
2013.03.24 21:37:31.077,1.29675,1.29709
2013.03.24 21:37:31.137,1.29677,1.29697
2013.03.24 21:37:31.439,1.29675,1.29707
2013.03.24 21:37:31.567,1.29675,1.29707
2013.03.24 21:37:31.807,1.2967,1.297
2013.03.24 21:37:31.927,1.29666,1.297
2013.03.24 21:37:31.987,1.2967,1.29704
2013.03.24 21:37:32.348,1.29676,1.29706
2013.03.24 21:37:32.648,1.29674,1.29707
2013.03.24 21:37:32.947,1.29678,1.29707
2013.03.24 21:37:33.067,1.29674,1.29707
2013.03.24 21:37:33.249,1.29678,1.29706
2013.03.24 21:37:33.428,1.29674,1.29707
2013.03.24 21:37:33.548,1.29671,1.29701
2013.03.24 21:37:33.977,1.29665,1.297
2013.03.24 21:37:34.858,1.29666,1.29699
2013.03.24 21:37:35.376,1.29665,1.29699
2013.03.24 21:37:35.797,1.29667,1.29701
2013.03.24 21:37:37.807,1.29667,1.29701
2013.03.24 21:37:38.367,1.29667,1.29701
2013.03.24 21:37:39.708,1.29667,1.29701
2013.03.24 21:37:41.617,1.29667,1.29701
2013.03.24 21:37:42.257,1.29667,1.29701
2013.03.24 21:37:43.417,1.29667,1.29701
2013.03.24 21:37:44.017,1.29667,1.29701
2013.03.24 21:37:44.518,1.29667,1.29701
2013.03.24 21:37:45.207,1.29667,1.29701
2013.03.24 21:37:45.747,1.29667,1.29701
2013.03.24 21:37:45.947,1.29665,1.29699
2013.03.24 21:37:46.757,1.29666,1.29699
2013.03.24 21:37:47.527,1.29665,1.29699
2013.03.24 21:37:48.088,1.29666,1.29699
2013.03.24 21:37:48.697,1.29665,1.29699
2013.03.24 21:37:49.238,1.29666,1.29699
2013.03.24 21:37:49.847,1.29665,1.29699
2013.03.24 21:37:50.497,1.29666,1.29699
2013.03.24 21:37:51.624,1.29665,1.29697
2013.03.24 21:37:52.087,1.29666,1.29699
2013.03.24 21:37:52.627,1.29665,1.29699
2013.03.24 21:37:53.177,1.29666,1.29699
2013.03.24 21:37:53.678,1.29665,1.29699
2013.03.24 21:37:54.187,1.29665,1.29697
2013.03.24 21:37:58.417,1.29666,1.29697
2013.03.24 21:37:58.957,1.29664,1.29697
2013.03.24 21:37:59.077,1.29664,1.29695
2013.03.24 21:37:59.767,1.29664,1.29697
2013.03.24 21:38:00.277,1.29665,1.29697
2013.03.24 21:38:00.808,1.29664,1.29697
2013.03.24 21:38:01.607,1.29665,1.29697
2013.03.24 21:38:02.108,1.29664,1.29697
2013.03.24 21:38:03.208,1.29665,1.29697
2013.03.24 21:38:03.887,1.29664,1.29697
2013.03.24 21:38:04.427,1.29665,1.29697
2013.03.24 21:38:05.087,1.29664,1.29697
2013.03.24 21:38:06.107,1.29665,1.29697
2013.03.24 21:38:06.729,1.29664,1.29697
2013.03.24 21:38:07.287,1.29665,1.29697
2013.03.24 21:38:08.427,1.29664,1.29697
2013.03.24 21:38:08.987,1.29665,1.29697
2013.03.24 21:38:10.497,1.29664,1.29697
2013.03.24 21:38:11.076,1.29665,1.29697
2013.03.24 21:38:12.477,1.29664,1.29697
2013.03.24 21:38:13.492,1.29665,1.29697
2013.03.24 21:38:14.017,1.29664,1.29697
2013.03.24 21:38:14.558,1.29665,1.29697
2013.03.24 21:38:15.108,1.29664,1.29697
2013.03.24 21:38:15.648,1.29669,1.29699
2013.03.24 21:38:15.709,1.2967,1.29702
2013.03.24 21:38:16.257,1.29669,1.29702
2013.03.24 21:38:16.807,1.2967,1.29704
2013.03.24 21:38:17.647,1.2967,1.29704
2013.03.24 21:38:18.720,1.2967,1.29704
2013.03.24 21:38:19.397,1.2967,1.29704
2013.03.24 21:38:20.397,1.2967,1.29704
2013.03.24 21:38:20.967,1.2967,1.29704
2013.03.24 21:38:22.467,1.2967,1.29704
2013.03.24 21:38:23.072,1.2967,1.29704
2013.03.24 21:38:23.697,1.2967,1.29704
2013.03.24 21:38:24.227,1.2967,1.29704
2013.03.24 21:38:25.257,1.2967,1.29704
2013.03.24 21:38:25.978,1.2967,1.29704
2013.03.24 21:38:26.538,1.2967,1.29704
2013.03.24 21:38:27.227,1.2967,1.29704
2013.03.24 21:38:27.777,1.2967,1.29704
2013.03.24 21:38:28.167,1.2967,1.29702
2013.03.24 21:38:28.957,1.29671,1.29702
2013.03.24 21:38:29.597,1.2967,1.29702
2013.03.24 21:38:30.207,1.29671,1.29702
2013.03.24 21:38:30.747,1.2967,1.29702
2013.03.24 21:38:31.737,1.29671,1.29702
2013.03.24 21:38:32.358,1.2967,1.29702
2013.03.24 21:38:33.397,1.29671,1.29702
2013.03.24 21:38:34.357,1.2967,1.29702
2013.03.24 21:38:35.438,1.29671,1.29702
2013.03.24 21:38:36.877,1.2967,1.29702
2013.03.24 21:38:37.887,1.29671,1.29702
2013.03.24 21:38:38.427,1.2967,1.29702
2013.03.24 21:38:40.179,1.29671,1.29702
2013.03.24 21:38:41.537,1.2967,1.29702
2013.03.24 21:38:42.047,1.29671,1.29702
2013.03.24 21:38:42.627,1.2967,1.29702
2013.03.24 21:38:43.248,1.29671,1.29702
2013.03.24 21:38:43.837,1.29669,1.29702
2013.03.24 21:38:44.497,1.2967,1.29702
2013.03.24 21:38:46.057,1.29671,1.29702
2013.03.24 21:38:46.607,1.29671,1.29704
2013.03.24 21:38:47.207,1.29671,1.29702
2013.03.24 21:38:47.747,1.2967,1.29702
2013.03.24 21:38:51.437,1.29671,1.29702
2013.03.24 21:38:51.997,1.2967,1.29702
2013.03.24 21:38:54.817,1.29669,1.29702
2013.03.24 21:38:55.907,1.2967,1.29702
2013.03.24 21:38:56.447,1.29669,1.29702
2013.03.24 21:38:57.118,1.2967,1.29702
2013.03.24 21:38:58.237,1.29669,1.29702
2013.03.24 21:38:58.788,1.2967,1.29702
2013.03.24 21:38:59.348,1.29669,1.29702
2013.03.24 21:38:59.987,1.2967,1.29702
2013.03.24 21:39:00.647,1.29669,1.29702
2013.03.24 21:39:01.187,1.2967,1.29702
2013.03.24 21:39:01.827,1.29669,1.29702
2013.03.24 21:39:02.277,1.2967,1.29703
2013.03.24 21:39:02.787,1.2967,1.29703
2013.03.24 21:39:03.197,1.2967,1.29702
2013.03.24 21:39:03.707,1.29669,1.29702
2013.03.24 21:39:04.517,1.2967,1.29702
2013.03.24 21:39:05.417,1.2967,1.29703
2013.03.24 21:39:05.657,1.2967,1.29702
2013.03.24 21:39:06.197,1.29669,1.29702
2013.03.24 21:39:06.705,1.2967,1.29702
2013.03.24 21:39:09.237,1.29669,1.29702
2013.03.24 21:39:09.767,1.2967,1.29702
2013.03.24 21:39:10.288,1.29669,1.29702
2013.03.24 21:39:10.957,1.2967,1.29702
2013.03.24 21:39:11.647,1.29669,1.29702
2013.03.24 21:39:12.197,1.2967,1.29702
2013.03.24 21:39:12.737,1.29669,1.29702
2013.03.24 21:39:14.267,1.2967,1.29702
2013.03.24 21:39:14.827,1.29669,1.29702
2013.03.24 21:39:15.487,1.2967,1.29702
2013.03.24 21:39:16.027,1.29669,1.29702
2013.03.24 21:39:17.057,1.2967,1.29702
2013.03.24 21:39:17.677,1.29669,1.29702
2013.03.24 21:39:18.267,1.2967,1.29702
2013.03.24 21:39:19.027,1.29669,1.29702
2013.03.24 21:39:19.748,1.2967,1.29702
2013.03.24 21:39:20.257,1.29669,1.29702
2013.03.24 21:39:20.777,1.2967,1.29702
2013.03.24 21:39:21.447,1.29669,1.29702
2013.03.24 21:39:21.967,1.2967,1.29702
2013.03.24 21:39:23.537,1.29669,1.29702
2013.03.24 21:39:24.097,1.2967,1.29702
2013.03.24 21:39:24.757,1.29669,1.29702
2013.03.24 21:39:25.307,1.2967,1.29702
2013.03.24 21:39:25.847,1.29669,1.29702
2013.03.24 21:39:26.168,1.2967,1.29703
2013.03.24 21:39:26.527,1.2967,1.29703
2013.03.24 21:39:27.037,1.2967,1.29703
2013.03.24 21:39:27.588,1.2967,1.29703
2013.03.24 21:39:29.047,1.2967,1.29702
2013.03.24 21:39:29.587,1.2967,1.29702
2013.03.24 21:39:30.207,1.2967,1.29702
2013.03.24 21:39:30.867,1.29668,1.29702
2013.03.24 21:39:31.467,1.2967,1.29702
2013.03.24 21:39:31.977,1.2967,1.29702
2013.03.24 21:39:32.217,1.2967,1.29702
2013.03.24 21:39:33.097,1.2967,1.29702
2013.03.24 21:39:33.377,1.29668,1.29702
2013.03.24 21:39:34.277,1.29669,1.29701
2013.03.24 21:39:34.857,1.29668,1.29701
2013.03.24 21:39:35.517,1.29669,1.29701
2013.03.24 21:39:37.349,1.29668,1.29701
2013.03.24 21:39:37.977,1.29669,1.29701
2013.03.24 21:39:38.558,1.29668,1.29701
2013.03.24 21:39:39.217,1.29669,1.29701
2013.03.24 21:39:39.767,1.29668,1.29701
2013.03.24 21:39:40.917,1.2967,1.29701
2013.03.24 21:39:41.108,1.29668,1.297
2013.03.24 21:39:41.227,1.2967,1.2969
2013.03.24 21:39:41.467,1.29667,1.297
2013.03.24 21:39:41.587,1.2967,1.2969
2013.03.24 21:39:41.767,1.29669,1.297
2013.03.24 21:39:41.828,1.29669,1.29701
2013.03.24 21:39:42.677,1.29669,1.29701
2013.03.24 21:39:43.231,1.29669,1.29701
2013.03.24 21:39:44.197,1.29669,1.297
2013.03.24 21:39:45.408,1.29669,1.297
2013.03.24 21:39:45.947,1.29669,1.297
2013.03.24 21:39:46.867,1.29669,1.297
2013.03.24 21:39:48.397,1.29669,1.29701
2013.03.24 21:39:48.907,1.29669,1.29701
2013.03.24 21:39:49.977,1.29669,1.29701
2013.03.24 21:39:50.588,1.29669,1.29701
2013.03.24 21:39:50.647,1.29669,1.297
2013.03.24 21:39:51.148,1.29668,1.297
2013.03.24 21:39:51.678,1.29669,1.297
2013.03.24 21:39:52.457,1.29668,1.29699
2013.03.24 21:39:52.998,1.29669,1.29699
2013.03.24 21:39:54.887,1.29668,1.29699
2013.03.24 21:39:55.447,1.29669,1.29699
2013.03.24 21:39:56.385,1.29668,1.29699
2013.03.24 21:39:56.907,1.29669,1.29699
2013.03.24 21:39:57.777,1.29668,1.29699
2013.03.24 21:39:58.317,1.29669,1.29699
2013.03.24 21:39:58.857,1.29668,1.29699
2013.03.24 21:39:59.957,1.29669,1.29699
2013.03.24 21:40:00.557,1.29668,1.29699
2013.03.24 21:40:01.167,1.29669,1.29699
2013.03.24 21:40:01.697,1.29668,1.29699
2013.03.24 21:40:03.147,1.29669,1.29699
2013.03.24 21:40:03.947,1.29668,1.29699
2013.03.24 21:40:06.878,1.29669,1.29699
2013.03.24 21:40:07.417,1.29668,1.29699
2013.03.24 21:40:08.537,1.29669,1.29699
2013.03.24 21:40:10.437,1.29668,1.29699
2013.03.24 21:40:10.967,1.29669,1.29699
2013.03.24 21:40:12.207,1.2967,1.29699
2013.03.24 21:40:12.818,1.29669,1.29699
2013.03.24 21:40:13.497,1.2967,1.29699
2013.03.24 21:40:14.057,1.29669,1.29699
2013.03.24 21:40:14.741,1.2967,1.29699
2013.03.24 21:40:15.267,1.29669,1.29699
2013.03.24 21:40:16.768,1.2967,1.29699
2013.03.24 21:40:17.327,1.29669,1.29699
2013.03.24 21:40:17.878,1.2967,1.29699
2013.03.24 21:40:19.287,1.29669,1.29699
2013.03.24 21:40:19.758,1.29669,1.29689
2013.03.24 21:40:20.311,1.29666,1.29696
2013.03.24 21:40:21.477,1.29665,1.29694
2013.03.24 21:40:22.167,1.29664,1.29694
2013.03.24 21:40:23.287,1.29664,1.29694
2013.03.24 21:40:23.837,1.29664,1.29694
2013.03.24 21:40:24.527,1.29664,1.29694
2013.03.24 21:40:25.057,1.29664,1.29694
2013.03.24 21:40:25.697,1.29664,1.29694
2013.03.24 21:40:26.237,1.29664,1.29694
2013.03.24 21:40:27.087,1.29664,1.29694
2013.03.24 21:40:27.647,1.29664,1.29694
2013.03.24 21:40:29.807,1.29664,1.29694
2013.03.24 21:40:30.368,1.29664,1.29694
2013.03.24 21:40:37.477,1.29664,1.29694
2013.03.24 21:40:38.137,1.29664,1.29694
2013.03.24 21:40:38.798,1.29664,1.29694
2013.03.24 21:40:39.327,1.29664,1.29694
2013.03.24 21:40:39.918,1.29664,1.29694
2013.03.24 21:40:41.171,1.29664,1.29694
2013.03.24 21:40:41.707,1.29664,1.29694
2013.03.24 21:40:42.257,1.29664,1.29694
2013.03.24 21:40:43.167,1.29664,1.29694
2013.03.24 21:40:44.637,1.29664,1.29694
2013.03.24 21:40:45.177,1.29664,1.29694
2013.03.24 21:40:46.858,1.29664,1.29694
2013.03.24 21:40:47.417,1.29664,1.29694
2013.03.24 21:40:49.047,1.29664,1.29694
2013.03.24 21:40:49.598,1.29664,1.29694
2013.03.24 21:40:50.582,1.2967,1.29686
2013.03.24 21:40:50.887,1.29675,1.29683
2013.03.24 21:40:51.787,1.29674,1.29682
2013.03.24 21:40:52.347,1.29675,1.29683
2013.03.24 21:40:52.888,1.29674,1.29682
2013.03.24 21:40:53.509,1.29675,1.29691
2013.03.24 21:40:54.357,1.29676,1.29691
2013.03.24 21:40:54.917,1.29675,1.29691
2013.03.24 21:40:56.457,1.29676,1.29691
2013.03.24 21:40:57.227,1.29674,1.29691
2013.03.24 21:40:57.800,1.29675,1.29691
2013.03.24 21:40:58.407,1.29674,1.29691
2013.03.24 21:40:58.958,1.29675,1.29691
2013.03.24 21:41:00.537,1.29674,1.29691
2013.03.24 21:41:01.267,1.29675,1.29691
2013.03.24 21:41:01.807,1.29676,1.29691
2013.03.24 21:41:02.358,1.29675,1.29691
2013.03.24 21:41:03.347,1.29676,1.29691
2013.03.24 21:41:03.917,1.29675,1.29691
2013.03.24 21:41:04.597,1.29676,1.29691
2013.03.24 21:41:05.128,1.29675,1.29691
2013.03.24 21:41:06.267,1.29676,1.29691
2013.03.24 21:41:06.917,1.29675,1.29691
2013.03.24 21:41:08.357,1.29674,1.29691
2013.03.24 21:41:08.868,1.29675,1.29691
2013.03.24 21:41:09.389,1.29674,1.29691
2013.03.24 21:41:09.927,1.29675,1.29691
2013.03.24 21:41:10.758,1.29674,1.29691
2013.03.24 21:41:11.967,1.29675,1.29691
2013.03.24 21:41:13.517,1.29674,1.29691
2013.03.24 21:41:14.037,1.29675,1.29691
2013.03.24 21:41:16.818,1.29674,1.29691
2013.03.24 21:41:17.358,1.29675,1.29691
2013.03.24 21:41:17.917,1.29674,1.29691
2013.03.24 21:41:18.468,1.29675,1.29691
2013.03.24 21:41:19.227,1.29674,1.29691
2013.03.24 21:41:20.368,1.29675,1.29691
2013.03.24 21:41:20.687,1.29679,1.29691
2013.03.24 21:41:21.047,1.29678,1.29691
2013.03.24 21:41:21.417,1.29676,1.29691
2013.03.24 21:41:21.967,1.29675,1.29691
2013.03.24 21:41:22.967,1.29676,1.29691
2013.03.24 21:41:23.598,1.29675,1.29691
2013.03.24 21:41:26.897,1.29674,1.29691
2013.03.24 21:41:27.447,1.2967,1.29691
2013.03.24 21:41:28.108,1.29674,1.29691
2013.03.24 21:41:28.648,1.29675,1.29691
2013.03.24 21:41:29.231,1.29674,1.29691
2013.03.24 21:41:30.347,1.29675,1.29691
2013.03.24 21:41:31.028,1.29674,1.29691
2013.03.24 21:41:32.579,1.29673,1.2969
2013.03.24 21:41:36.479,1.29674,1.29691
2013.03.24 21:41:37.077,1.29673,1.2969
2013.03.24 21:41:37.707,1.29674,1.29691
2013.03.24 21:41:38.247,1.29673,1.2969
2013.03.24 21:41:39.278,1.29674,1.29691
2013.03.24 21:41:39.927,1.29673,1.2969
2013.03.24 21:41:40.468,1.29674,1.29691
2013.03.24 21:41:41.548,1.29673,1.2969
2013.03.24 21:41:42.208,1.29674,1.29691
2013.03.24 21:41:42.727,1.29673,1.2969
2013.03.24 21:41:44.208,1.29674,1.29691
2013.03.24 21:41:44.808,1.29673,1.29681
2013.03.24 21:41:45.438,1.29674,1.29691
2013.03.24 21:41:46.407,1.29673,1.29681
2013.03.24 21:41:47.549,1.29675,1.29691
2013.03.24 21:41:47.858,1.29672,1.29692
2013.03.24 21:41:48.218,1.29669,1.29693
2013.03.24 21:41:49.828,1.29672,1.29687
2013.03.24 21:41:54.458,1.29668,1.29688
2013.03.24 21:42:03.379,1.29668,1.29682
2013.03.24 21:42:22.618,1.29659,1.29687
2013.03.24 21:42:22.678,1.29659,1.29689
2013.03.24 21:42:22.737,1.29668,1.29691
2013.03.24 21:42:23.037,1.29668,1.29701
2013.03.24 21:42:24.388,1.29666,1.29703
2013.03.24 21:42:35.731,1.29668,1.29697
2013.03.24 21:42:35.788,1.29668,1.29687
2013.03.24 21:42:38.668,1.29665,1.29677
2013.03.24 21:43:01.527,1.2967,1.29678
2013.03.24 21:43:06.338,1.2966,1.29676
2013.03.24 21:43:35.826,1.29661,1.29678
2013.03.24 21:43:40.168,1.29662,1.29679
2013.03.24 21:44:40.115,1.2966,1.29684
2013.03.24 21:44:42.425,1.2966,1.29686
2013.03.24 21:44:56.789,1.29667,1.29681
2013.03.24 21:44:57.338,1.29663,1.29687
2013.03.24 21:45:01.059,1.29671,1.29681
2013.03.24 21:45:03.187,1.29678,1.29688
2013.03.24 21:45:04.868,1.29674,1.29685
2013.03.24 21:45:05.048,1.29672,1.29683
2013.03.24 21:45:05.359,1.29672,1.2968
2013.03.24 21:45:05.939,1.2967,1.29679
2013.03.24 21:45:06.478,1.29668,1.2968
2013.03.24 21:45:08.568,1.29664,1.29674
2013.03.24 21:45:09.621,1.29661,1.29671
2013.03.24 21:45:10.189,1.29661,1.29672
2013.03.24 21:45:10.819,1.29661,1.29671
2013.03.24 21:45:11.330,1.29661,1.29672
2013.03.24 21:45:12.177,1.29659,1.29678
2013.03.24 21:45:12.718,1.29661,1.29672
2013.03.24 21:45:14.537,1.29661,1.29671
2013.03.24 21:45:15.438,1.29661,1.29672
2013.03.24 21:45:17.398,1.2966,1.29675
2013.03.24 21:45:17.578,1.29658,1.29679
2013.03.24 21:45:17.639,1.29663,1.29677
2013.03.24 21:45:19.139,1.29666,1.29676
2013.03.24 21:45:19.449,1.29673,1.29683
2013.03.24 21:45:19.748,1.2967,1.2968
2013.03.24 21:45:22.769,1.2967,1.29681
2013.03.24 21:45:23.908,1.2967,1.2968
2013.03.24 21:45:24.618,1.2967,1.29681
2013.03.24 21:45:27.278,1.2967,1.2968
2013.03.24 21:45:27.829,1.2967,1.29681
2013.03.24 21:45:28.379,1.2967,1.29682
2013.03.24 21:45:29.500,1.29666,1.29681
2013.03.24 21:45:33.658,1.29666,1.29682
2013.03.24 21:45:35.638,1.29666,1.29681
2013.03.24 21:45:38.388,1.29666,1.29682
2013.03.24 21:45:40.610,1.29661,1.29689
2013.03.24 21:45:40.669,1.29662,1.2969
2013.03.24 21:45:41.069,1.29668,1.29686
2013.03.24 21:45:41.128,1.29663,1.29693
2013.03.24 21:45:41.898,1.29664,1.29694
2013.03.24 21:45:42.828,1.29665,1.29695
2013.03.24 21:45:43.948,1.29666,1.29696
2013.03.24 21:45:47.629,1.29667,1.29696
2013.03.24 21:45:49.078,1.29669,1.29696
2013.03.24 21:45:49.748,1.29676,1.29703
2013.03.24 21:45:50.819,1.29676,1.29703
2013.03.24 21:45:51.808,1.29676,1.29703
2013.03.24 21:45:52.579,1.29676,1.29702
2013.03.24 21:45:53.959,1.29676,1.29702
2013.03.24 21:45:54.560,1.29676,1.29702
2013.03.24 21:45:56.138,1.29676,1.29702
2013.03.24 21:45:57.118,1.29677,1.29702
2013.03.24 21:45:57.478,1.29683,1.29702
2013.03.24 21:45:58.010,1.29683,1.29702
2013.03.24 21:46:00.279,1.29685,1.29699
2013.03.24 21:46:04.418,1.29677,1.29697
2013.03.24 21:46:05.277,1.29677,1.29707
2013.03.24 21:46:05.518,1.29671,1.29702
2013.03.24 21:46:05.868,1.29671,1.29705
2013.03.24 21:46:06.560,1.29672,1.29715
2013.03.24 21:46:07.278,1.29675,1.29718
2013.03.24 21:46:13.378,1.29684,1.29722
2013.03.24 21:46:13.820,1.29688,1.29728
2013.03.24 21:46:14.129,1.29686,1.29724
2013.03.24 21:46:34.018,1.29687,1.29722
2013.03.24 21:46:34.778,1.29686,1.29729
2013.03.24 21:46:35.138,1.29688,1.29731
2013.03.24 21:46:45.596,1.29693,1.29722
2013.03.24 21:46:45.920,1.29697,1.29715
2013.03.24 21:46:46.129,1.29695,1.29715
2013.03.24 21:46:46.308,1.29693,1.29715
2013.03.24 21:46:46.809,1.29687,1.29719
2013.03.24 21:46:51.918,1.29693,1.29711
2013.03.24 21:46:52.158,1.29692,1.2971
2013.03.24 21:46:52.678,1.2969,1.29709
2013.03.24 21:46:53.682,1.29685,1.29711
2013.03.24 21:46:56.088,1.29684,1.2971
2013.03.24 21:47:01.828,1.29683,1.29708
2013.03.24 21:47:02.469,1.29682,1.29707
2013.03.24 21:47:03.459,1.2968,1.29706
2013.03.24 21:47:04.128,1.29679,1.29705
2013.03.24 21:47:04.690,1.29678,1.29704
2013.03.24 21:47:06.658,1.29671,1.297
2013.03.24 21:47:06.718,1.2967,1.297
2013.03.24 21:47:06.958,1.29667,1.29706
2013.03.24 21:47:08.353,1.29671,1.29706
2013.03.24 21:47:09.399,1.29667,1.29706
2013.03.24 21:47:09.998,1.29671,1.29706
2013.03.24 21:47:11.658,1.29673,1.29703
2013.03.24 21:47:13.853,1.29673,1.29703
2013.03.24 21:47:14.408,1.29672,1.29702
2013.03.24 21:47:20.858,1.29674,1.29702
2013.03.24 21:47:20.978,1.29672,1.29702
2013.03.24 21:47:21.488,1.29676,1.29702
2013.03.24 21:47:24.268,1.29676,1.29706
2013.03.24 21:47:24.827,1.29681,1.29706
2013.03.24 21:47:26.779,1.29682,1.29707
2013.03.24 21:47:27.718,1.2968,1.29696
2013.03.24 21:47:30.324,1.29677,1.2969
2013.03.24 21:47:31.532,1.29677,1.29691
2013.03.24 21:47:32.329,1.29677,1.29691
2013.03.24 21:47:33.257,1.29677,1.29692
2013.03.24 21:47:51.828,1.29677,1.29691
2013.03.24 21:47:52.379,1.29675,1.29689
2013.03.24 21:47:53.528,1.29675,1.2969
2013.03.24 21:47:59.128,1.29672,1.2969
2013.03.24 21:47:59.188,1.29672,1.2969
2013.03.24 21:48:00.388,1.29672,1.29689
2013.03.24 21:48:02.519,1.29672,1.29697
2013.03.24 21:48:04.590,1.29671,1.29697
2013.03.24 21:48:06.798,1.29671,1.29697
2013.03.24 21:48:07.340,1.29673,1.29697
2013.03.24 21:48:08.098,1.29674,1.29697
2013.03.24 21:48:19.828,1.29674,1.29687
2013.03.24 21:48:22.849,1.29674,1.29688
2013.03.24 21:48:23.619,1.29674,1.29687
2013.03.24 21:48:28.019,1.29674,1.29688
2013.03.24 21:48:29.009,1.29674,1.29687
2013.03.24 21:48:29.780,1.29674,1.29688
2013.03.24 21:48:31.488,1.29674,1.29687
2013.03.24 21:48:33.681,1.29674,1.29688
2013.03.24 21:48:34.278,1.29674,1.29687
2013.03.24 21:48:34.898,1.29674,1.29688
2013.03.24 21:48:36.269,1.29674,1.29687
2013.03.24 21:48:37.590,1.29674,1.29688
2013.03.24 21:48:38.127,1.29674,1.29687
2013.03.24 21:48:39.278,1.29669,1.29686
2013.03.24 21:48:40.569,1.2967,1.29687
2013.03.24 21:48:40.632,1.29671,1.29688
2013.03.24 21:48:40.699,1.29672,1.29689
2013.03.24 21:48:40.889,1.29673,1.2969
2013.03.24 21:48:41.449,1.29676,1.29689
2013.03.24 21:48:41.779,1.29672,1.29695
2013.03.24 21:48:42.598,1.29673,1.29696
2013.03.24 21:48:43.138,1.29674,1.29697
2013.03.24 21:48:43.868,1.29676,1.29696
2013.03.24 21:48:44.875,1.29678,1.29696
2013.03.24 21:48:44.950,1.29682,1.29694
2013.03.24 21:48:45.008,1.2968,1.29698
2013.03.24 21:48:45.308,1.2968,1.29699
2013.03.24 21:48:47.279,1.29683,1.29699
2013.03.24 21:48:47.981,1.29683,1.297
2013.03.24 21:48:48.778,1.29677,1.29707
2013.03.24 21:48:49.498,1.29676,1.2971
2013.03.24 21:48:49.559,1.29676,1.29712
2013.03.24 21:48:49.798,1.29676,1.29714
2013.03.24 21:48:50.158,1.29677,1.29715
2013.03.24 21:48:52.238,1.29678,1.29716
2013.03.24 21:49:00.192,1.29679,1.29717
2013.03.24 21:49:00.510,1.29681,1.29717
2013.03.24 21:49:02.858,1.29683,1.29717
2013.03.24 21:49:04.908,1.29683,1.29719
2013.03.24 21:49:05.248,1.29685,1.29719
2013.03.24 21:49:05.558,1.2969,1.29728
2013.03.24 21:49:05.920,1.29685,1.29723
2013.03.24 21:49:21.769,1.29688,1.29719
2013.03.24 21:49:26.068,1.29687,1.29717
2013.03.24 21:49:27.589,1.29687,1.29717
2013.03.24 21:49:29.098,1.29684,1.29715
2013.03.24 21:49:29.638,1.29682,1.29716
2013.03.24 21:49:30.179,1.29674,1.29712
2013.03.24 21:49:30.239,1.2967,1.29705
2013.03.24 21:49:30.549,1.29668,1.29702
2013.03.24 21:49:30.998,1.29668,1.29702
2013.03.24 21:49:31.418,1.29668,1.29704
2013.03.24 21:49:34.219,1.29672,1.29704
2013.03.24 21:49:34.579,1.2968,1.29704
2013.03.24 21:49:34.640,1.29674,1.29706
2013.03.24 21:49:34.818,1.29677,1.29707
2013.03.24 21:49:35.348,1.29677,1.29707
2013.03.24 21:49:37.939,1.29684,1.29702
2013.03.24 21:49:37.999,1.29682,1.29709
2013.03.24 21:49:38.060,1.29689,1.297
2013.03.24 21:49:38.590,1.29683,1.29703
2013.03.24 21:49:39.331,1.29682,1.29702
2013.03.24 21:49:40.298,1.29691,1.29703
2013.03.24 21:49:40.359,1.29692,1.29704
2013.03.24 21:49:40.865,1.29682,1.29707
2013.03.24 21:49:41.198,1.29684,1.2971
2013.03.24 21:49:41.439,1.29692,1.29699
2013.03.24 21:49:42.097,1.29685,1.29705
2013.03.24 21:49:44.398,1.29684,1.29704
2013.03.24 21:49:47.708,1.29683,1.29703
2013.03.24 21:49:49.678,1.29676,1.29696
2013.03.24 21:49:50.949,1.29676,1.29696
2013.03.24 21:49:52.783,1.29676,1.29696
2013.03.24 21:49:56.239,1.29676,1.29696
2013.03.24 21:50:04.738,1.29681,1.29692
2013.03.24 21:50:04.859,1.29677,1.29701
2013.03.24 21:50:05.198,1.29687,1.29701
2013.03.24 21:50:05.610,1.2969,1.29701
2013.03.24 21:50:07.079,1.2969,1.29702
2013.03.24 21:50:09.659,1.29691,1.29702
2013.03.24 21:50:13.078,1.2969,1.29702
2013.03.24 21:50:13.759,1.29685,1.29705
2013.03.24 21:50:14.329,1.29684,1.29704
2013.03.24 21:50:15.870,1.29686,1.297
2013.03.24 21:50:15.939,1.29688,1.29696
2013.03.24 21:50:16.539,1.29683,1.29699
2013.03.24 21:50:16.598,1.29685,1.29695
2013.03.24 21:50:17.198,1.29682,1.29695
2013.03.24 21:50:17.629,1.29678,1.29697
2013.03.24 21:50:17.989,1.29675,1.29698
2013.03.24 21:50:18.048,1.29678,1.29693
2013.03.24 21:50:18.108,1.29677,1.29692
2013.03.24 21:50:18.469,1.29676,1.29691
2013.03.24 21:50:18.708,1.29671,1.29693
2013.03.24 21:50:18.829,1.29673,1.29688
2013.03.24 21:50:18.949,1.2967,1.29689
2013.03.24 21:50:19.068,1.29668,1.29688
2013.03.24 21:50:19.249,1.29669,1.29685
2013.03.24 21:50:19.368,1.29665,1.29687
2013.03.24 21:50:19.609,1.29667,1.29683
2013.03.24 21:50:19.728,1.29667,1.29672
2013.03.24 21:50:20.348,1.29662,1.29676
2013.03.24 21:50:20.899,1.29657,1.29671
2013.03.24 21:50:21.438,1.29659,1.29671
2013.03.24 21:50:21.739,1.29654,1.29678
2013.03.24 21:50:21.858,1.29667,1.29678
2013.03.24 21:50:21.919,1.29658,1.29684
2013.03.24 21:50:21.979,1.29657,1.29678
2013.03.24 21:50:22.279,1.29649,1.29678
2013.03.24 21:50:22.398,1.29659,1.2967
2013.03.24 21:50:23.179,1.2965,1.29678
2013.03.24 21:50:23.239,1.2966,1.29671
2013.03.24 21:50:23.818,1.29655,1.29669
2013.03.24 21:50:23.938,1.29666,1.29671
2013.03.24 21:50:24.488,1.29667,1.29672
2013.03.24 21:50:24.609,1.29661,1.29677
2013.03.24 21:50:24.669,1.29667,1.29679
2013.03.24 21:50:26.128,1.29661,1.29684
2013.03.24 21:50:26.308,1.29665,1.29677
2013.03.24 21:50:26.609,1.29665,1.29674
2013.03.24 21:50:27.928,1.29657,1.29681
2013.03.24 21:50:28.108,1.29661,1.29674
2013.03.24 21:50:28.808,1.29653,1.29673
2013.03.24 21:50:29.938,1.29653,1.29673
2013.03.24 21:50:38.588,1.29647,1.29673
2013.03.24 21:50:38.649,1.29644,1.29672
2013.03.24 21:50:38.948,1.29653,1.29669
2013.03.24 21:50:39.129,1.29656,1.29668
2013.03.24 21:50:39.188,1.29655,1.2967
2013.03.24 21:50:39.490,1.29656,1.29672
2013.03.24 21:50:40.330,1.29653,1.29678
2013.03.24 21:50:48.419,1.29659,1.29673
2013.03.24 21:51:41.229,1.29661,1.29673
2013.03.24 21:51:46.238,1.29658,1.29678
2013.03.24 21:51:53.109,1.2966,1.2967
2013.03.24 21:51:55.488,1.29652,1.29667
2013.03.24 21:51:55.549,1.29651,1.29667
2013.03.24 21:51:55.609,1.29645,1.29673
2013.03.24 21:51:55.729,1.29646,1.29673
2013.03.24 21:52:22.790,1.29645,1.29674
2013.03.24 21:52:24.938,1.29648,1.29674
2013.03.24 21:52:41.225,1.29653,1.29666
2013.03.24 21:52:44.159,1.29649,1.29668
2013.03.24 21:52:56.837,1.2965,1.29664
2013.03.24 21:53:02.559,1.29651,1.29661
2013.03.24 21:53:02.866,1.29649,1.29662
2013.03.24 21:53:03.229,1.29643,1.29655
2013.03.24 21:53:03.289,1.29639,1.29655
2013.03.24 21:53:05.308,1.29638,1.29656
2013.03.24 21:53:19.030,1.29638,1.29649
2013.03.24 21:53:19.659,1.29636,1.29652
2013.03.24 21:53:22.558,1.29632,1.29647
2013.03.24 21:53:30.619,1.2963,1.29643
2013.03.24 21:53:36.060,1.29638,1.29647
2013.03.24 21:53:36.119,1.29636,1.29652
2013.03.24 21:53:36.609,1.29635,1.29655
2013.03.24 21:53:38.928,1.29638,1.29654
2013.03.24 21:54:13.650,1.29636,1.29648
2013.03.24 21:54:14.438,1.29636,1.2965
2013.03.24 21:54:15.230,1.29632,1.29655
2013.03.24 21:54:15.854,1.29641,1.29657
2013.03.24 21:54:16.811,1.29641,1.29656
2013.03.24 21:54:18.258,1.29651,1.29659
2013.03.24 21:54:24.309,1.29656,1.29661
2013.03.24 21:54:24.429,1.29659,1.29672
2013.03.24 21:54:24.920,1.29654,1.29675
2013.03.24 21:54:24.979,1.29654,1.29684
2013.03.24 21:54:42.606,1.29649,1.29679
2013.03.24 21:54:48.289,1.29649,1.29666
2013.03.24 21:54:48.790,1.29649,1.29665
2013.03.24 21:54:50.975,1.29645,1.29673
2013.03.24 21:54:55.679,1.29643,1.2967
2013.03.24 21:54:55.919,1.29641,1.2967
2013.03.24 21:54:56.039,1.29641,1.2967
2013.03.24 21:55:09.539,1.29651,1.29662
2013.03.24 21:55:09.910,1.29651,1.29665
2013.03.24 21:55:11.351,1.29649,1.29657
2013.03.24 21:55:11.470,1.29645,1.29659
2013.03.24 21:55:11.829,1.29637,1.29653
2013.03.24 21:55:13.290,1.29643,1.29653
2013.03.24 21:55:13.829,1.29631,1.29653
2013.03.24 21:55:15.070,1.29641,1.29654
2013.03.24 21:55:15.369,1.29632,1.29665
2013.03.24 21:55:18.969,1.29635,1.29664
2013.03.24 21:55:19.359,1.29638,1.29652
2013.03.24 21:55:19.719,1.29633,1.29652
2013.03.24 21:55:20.418,1.29633,1.29652
2013.03.24 21:55:21.698,1.29632,1.29652
2013.03.24 21:55:24.400,1.29632,1.29652
2013.03.24 21:55:24.580,1.29642,1.29656
2013.03.24 21:55:24.699,1.2965,1.29661
2013.03.24 21:55:24.821,1.29641,1.29661
2013.03.24 21:55:25.179,1.29643,1.29671
2013.03.24 21:55:25.629,1.29643,1.29671
2013.03.24 21:55:26.149,1.2964,1.29674
2013.03.24 21:55:28.149,1.2964,1.29674
2013.03.24 21:55:30.470,1.2964,1.29674
2013.03.24 21:55:30.939,1.29641,1.29671
2013.03.24 21:55:31.005,1.29639,1.29659
2013.03.24 21:55:31.319,1.29641,1.29649
2013.03.24 21:55:31.679,1.29638,1.2965
2013.03.24 21:55:32.889,1.29634,1.29652
2013.03.24 21:55:35.739,1.29635,1.29648
2013.03.24 21:55:37.929,1.29632,1.29652
2013.03.24 21:55:39.430,1.29632,1.29641
2013.03.24 21:55:48.951,1.29637,1.29642
2013.03.24 21:55:58.548,1.29638,1.29652
2013.03.24 21:56:22.880,1.29637,1.29642
2013.03.24 21:56:25.674,1.2964,1.29653
2013.03.24 21:56:27.562,1.29632,1.29652
2013.03.24 21:56:28.490,1.29632,1.29642
2013.03.24 21:56:29.598,1.29632,1.29646
2013.03.24 21:56:32.559,1.29628,1.29645
2013.03.24 21:56:47.699,1.29627,1.29639
2013.03.24 21:56:54.030,1.29627,1.29641
2013.03.24 21:56:55.859,1.29627,1.29641
2013.03.24 21:56:57.949,1.29627,1.29645
2013.03.24 21:57:00.479,1.29627,1.29639
2013.03.24 21:57:00.783,1.29626,1.29642
2013.03.24 21:57:02.590,1.2962,1.29645
2013.03.24 21:57:05.090,1.29622,1.29637
2013.03.24 21:57:05.210,1.29626,1.29641
2013.03.24 21:57:10.629,1.29627,1.2964
2013.03.24 21:57:14.689,1.2963,1.29642
2013.03.24 21:57:18.390,1.29628,1.29642
2013.03.24 21:57:31.320,1.29621,1.29646
2013.03.24 21:57:31.500,1.29619,1.29645
2013.03.24 21:57:35.203,1.29626,1.29636
2013.03.24 21:57:36.629,1.29625,1.29634
2013.03.24 21:57:38.859,1.29622,1.29636
2013.03.24 21:57:39.039,1.29628,1.29636
2013.03.24 21:57:42.400,1.29626,1.2964
2013.03.24 21:57:42.521,1.29632,1.29639
2013.03.24 21:57:42.879,1.29635,1.29646
2013.03.24 21:57:43.430,1.29636,1.2965
2013.03.24 21:57:44.879,1.29638,1.29651
2013.03.24 21:57:45.059,1.29637,1.29651
2013.03.24 21:57:48.469,1.29643,1.29659
2013.03.24 21:57:48.589,1.29646,1.29653
2013.03.24 21:57:48.649,1.29645,1.29652
2013.03.24 21:57:49.240,1.2964,1.29648
2013.03.24 21:57:49.359,1.29638,1.29648
2013.03.24 21:57:49.540,1.2964,1.29648
2013.03.24 21:57:49.600,1.29637,1.29648
2013.03.24 21:57:51.559,1.29637,1.29645
2013.03.24 21:57:52.279,1.29638,1.29652
2013.03.24 21:57:52.580,1.2963,1.29652
2013.03.24 21:57:59.649,1.2964,1.29654
2013.03.24 21:57:59.709,1.29638,1.29652
2013.03.24 21:58:02.737,1.29638,1.29652
2013.03.24 21:58:02.919,1.29635,1.29652
2013.03.24 21:58:04.979,1.29636,1.29652
2013.03.24 21:58:07.119,1.29628,1.29652
2013.03.24 21:58:08.009,1.29628,1.29652
2013.03.24 21:58:08.619,1.29628,1.29652
2013.03.24 21:58:09.839,1.29636,1.29652
2013.03.24 21:58:09.899,1.29628,1.29652
2013.03.24 21:58:16.292,1.29632,1.2965
2013.03.24 21:58:16.660,1.29629,1.29655
2013.03.24 21:58:16.720,1.29631,1.29656
2013.03.24 21:58:16.779,1.29632,1.29657
2013.03.24 21:58:18.369,1.29634,1.29665
2013.03.24 21:58:18.549,1.29643,1.29658
2013.03.24 21:58:18.679,1.29645,1.29665
2013.03.24 21:58:19.779,1.29656,1.29664
2013.03.24 21:58:19.899,1.29648,1.29666
2013.03.24 21:58:20.519,1.29648,1.29672
2013.03.24 21:58:21.099,1.29655,1.29672
2013.03.24 21:58:22.059,1.29658,1.29672
2013.03.24 21:58:22.684,1.29648,1.29676
2013.03.24 21:58:23.489,1.29648,1.29666
2013.03.24 21:58:23.849,1.29648,1.29666
2013.03.24 21:58:24.649,1.29648,1.29666
2013.03.24 21:58:25.361,1.2965,1.29667
2013.03.24 21:58:25.479,1.29648,1.29673
2013.03.24 21:58:25.660,1.29648,1.29673
2013.03.24 21:58:28.419,1.29649,1.29672
2013.03.24 21:58:28.959,1.29644,1.29672
2013.03.24 21:58:35.800,1.29658,1.29672
2013.03.24 21:58:35.919,1.29644,1.29672
2013.03.24 21:58:40.019,1.29658,1.29672
2013.03.24 21:58:40.079,1.29644,1.29672
2013.03.24 21:58:40.320,1.29647,1.29665
2013.03.24 21:58:41.339,1.29649,1.29665
2013.03.24 21:58:41.461,1.29647,1.29672
2013.03.24 21:58:44.739,1.29648,1.29668
2013.03.24 21:58:55.430,1.29645,1.29669
2013.03.24 21:58:55.490,1.29642,1.29669
2013.03.24 21:58:55.789,1.29644,1.29664
2013.03.24 21:59:00.565,1.2964,1.29657
2013.03.24 21:59:00.631,1.29629,1.29655
2013.03.24 21:59:05.740,1.29635,1.29651
2013.03.24 21:59:05.859,1.29638,1.29653
2013.03.24 21:59:10.571,1.29638,1.29654
2013.03.24 21:59:11.739,1.29638,1.29643
2013.03.24 21:59:11.940,1.29634,1.29645
2013.03.24 21:59:12.059,1.29635,1.29641
2013.03.24 21:59:12.119,1.29628,1.29646
2013.03.24 21:59:12.760,1.29627,1.29645
2013.03.24 21:59:12.819,1.29627,1.29643
2013.03.24 21:59:16.220,1.29626,1.29641
2013.03.24 21:59:17.979,1.29625,1.2964
2013.03.24 21:59:21.979,1.29619,1.29633
2013.03.24 21:59:23.331,1.29618,1.29632
2013.03.24 21:59:26.931,1.29604,1.29648
2013.03.24 21:59:27.059,1.29613,1.29638
2013.03.24 21:59:35.339,1.29613,1.29628
2013.03.24 21:59:45.219,1.29614,1.29629
2013.03.24 21:59:56.432,1.29617,1.29632
2013.03.24 21:59:58.790,1.29626,1.29632
2013.03.24 21:59:58.910,1.29617,1.29632
2013.03.24 22:00:00.152,1.29619,1.29632
2013.03.24 22:00:00.510,1.29622,1.29631
2013.03.24 22:00:00.571,1.29619,1.29636
2013.03.24 22:00:00.689,1.29622,1.29635
2013.03.24 22:00:00.750,1.29628,1.29632
2013.03.24 22:00:00.870,1.29625,1.29638
2013.03.24 22:00:00.930,1.29629,1.29635
2013.03.24 22:00:00.990,1.29624,1.29642
2013.03.24 22:00:01.709,1.29625,1.29643
2013.03.24 22:00:02.099,1.29621,1.29649
2013.03.24 22:00:02.340,1.29627,1.29645
2013.03.24 22:00:03.359,1.29628,1.29646
2013.03.24 22:00:04.160,1.29632,1.29644
2013.03.24 22:00:04.220,1.29624,1.29643
2013.03.24 22:00:04.281,1.29622,1.29643
2013.03.24 22:00:04.400,1.2962,1.29643
2013.03.24 22:00:05.000,1.29616,1.29643
2013.03.24 22:00:05.119,1.29619,1.29643
2013.03.24 22:00:05.459,1.29621,1.29643
2013.03.24 22:00:05.621,1.29619,1.29643
2013.03.24 22:00:06.311,1.2962,1.29643
2013.03.24 22:00:07.539,1.29613,1.29641
2013.03.24 22:00:07.600,1.29615,1.29642
2013.03.24 22:00:09.630,1.29609,1.29637
2013.03.24 22:00:09.990,1.29611,1.29637
2013.03.24 22:00:10.049,1.29611,1.29639
2013.03.24 22:00:13.071,1.29611,1.29638
2013.03.24 22:00:13.131,1.29609,1.29637
2013.03.24 22:00:13.191,1.29613,1.29637
2013.03.24 22:00:13.510,1.29613,1.29636
2013.03.24 22:00:13.745,1.29613,1.29637
2013.03.24 22:00:13.813,1.29618,1.29636
2013.03.24 22:00:14.162,1.29618,1.29636
2013.03.24 22:00:14.560,1.29618,1.29628
2013.03.24 22:00:14.620,1.29615,1.29628
2013.03.24 22:00:14.741,1.29614,1.29632
2013.03.24 22:00:14.890,1.29613,1.29631
2013.03.24 22:00:15.190,1.29613,1.29631
2013.03.24 22:00:18.240,1.29615,1.29633
2013.03.24 22:00:19.450,1.29613,1.29631
2013.03.24 22:00:21.002,1.2962,1.29633
2013.03.24 22:00:21.062,1.2962,1.29635
2013.03.24 22:00:21.300,1.29622,1.29635
2013.03.24 22:00:21.660,1.29621,1.29643
2013.03.24 22:00:21.841,1.29621,1.29643
2013.03.24 22:00:22.280,1.29621,1.29648
2013.03.24 22:00:22.783,1.29621,1.29648
2013.03.24 22:00:24.583,1.29626,1.29648
2013.03.24 22:00:24.940,1.29633,1.29644
2013.03.24 22:00:25.060,1.29626,1.29644
2013.03.24 22:00:25.240,1.29628,1.29648
2013.03.24 22:00:25.301,1.2963,1.29649
2013.03.24 22:00:25.661,1.29639,1.29649
2013.03.24 22:00:25.721,1.29639,1.29653
2013.03.24 22:00:26.140,1.29641,1.29654
2013.03.24 22:00:26.260,1.29641,1.29656
2013.03.24 22:00:26.800,1.29643,1.29656
2013.03.24 22:00:27.261,1.29645,1.29656
2013.03.24 22:00:27.716,1.29647,1.29656
2013.03.24 22:00:29.071,1.29647,1.29655
2013.03.24 22:00:31.340,1.29646,1.29655
2013.03.24 22:00:31.832,1.2964,1.29659
2013.03.24 22:00:31.951,1.29645,1.29654
2013.03.24 22:00:32.311,1.29651,1.29659
2013.03.24 22:00:32.622,1.29652,1.29659
2013.03.24 22:00:32.805,1.29652,1.29659
2013.03.24 22:00:33.055,1.29651,1.29654
2013.03.24 22:00:33.244,1.29652,1.29654
2013.03.24 22:00:33.553,1.29652,1.29659
2013.03.24 22:00:33.734,1.29653,1.29659
2013.03.24 22:00:35.353,1.29654,1.29659
2013.03.24 22:00:36.022,1.29655,1.2966
2013.03.24 22:00:36.333,1.29656,1.29662
2013.03.24 22:00:37.352,1.29655,1.29661
2013.03.24 22:00:37.887,1.29655,1.29661
2013.03.24 22:00:38.437,1.29656,1.29661
2013.03.24 22:00:38.855,1.29648,1.29658
2013.03.24 22:00:39.612,1.29655,1.29658
2013.03.24 22:00:42.966,1.29654,1.29658
2013.03.24 22:00:43.463,1.29656,1.29665
2013.03.24 22:00:43.782,1.29659,1.29665
2013.03.24 22:00:44.287,1.29661,1.29665
2013.03.24 22:00:44.997,1.2966,1.29665
2013.03.24 22:00:45.245,1.29652,1.29659
2013.03.24 22:00:45.375,1.29652,1.29657
2013.03.24 22:00:45.694,1.29655,1.29665
2013.03.24 22:00:45.824,1.29655,1.29663
2013.03.24 22:00:45.894,1.29659,1.29663
2013.03.24 22:00:46.206,1.2966,1.29665
2013.03.24 22:00:46.335,1.2966,1.29663
2013.03.24 22:00:46.415,1.29651,1.29661
2013.03.24 22:00:46.543,1.29657,1.29665
2013.03.24 22:00:46.963,1.2966,1.29665
2013.03.24 22:00:47.505,1.29662,1.29665
2013.03.24 22:00:47.693,1.29653,1.29663
2013.03.24 22:00:47.933,1.29655,1.29661
2013.03.24 22:00:48.945,1.29658,1.29665
2013.03.24 22:00:49.074,1.29654,1.29664
2013.03.24 22:00:49.203,1.29656,1.29664
2013.03.24 22:00:49.562,1.29661,1.29663
2013.03.24 22:00:50.063,1.29661,1.29663
2013.03.24 22:00:50.772,1.2966,1.29662
2013.03.24 22:00:51.073,1.29658,1.29665
2013.03.24 22:00:51.145,1.2966,1.29662
2013.03.24 22:00:51.902,1.2966,1.29662
2013.03.24 22:00:52.392,1.29662,1.29665
2013.03.24 22:00:52.573,1.2966,1.29662
2013.03.24 22:00:53.052,1.29661,1.29665
2013.03.24 22:00:53.473,1.29659,1.29662
2013.03.24 22:00:54.022,1.2966,1.29662
2013.03.24 22:00:54.367,1.29659,1.29662
2013.03.24 22:00:54.492,1.29662,1.29665
2013.03.24 22:00:54.843,1.29664,1.29673
2013.03.24 22:00:54.974,1.29667,1.29672
2013.03.24 22:00:56.090,1.29668,1.29673
2013.03.24 22:00:56.176,1.2967,1.29673
2013.03.24 22:00:56.362,1.29668,1.29676
2013.03.24 22:00:56.493,1.29668,1.29678
2013.03.24 22:00:58.084,1.29668,1.29681
2013.03.24 22:00:58.213,1.29677,1.2968
2013.03.24 22:00:58.572,1.29671,1.29681
2013.03.24 22:00:58.692,1.29673,1.29681
2013.03.24 22:00:59.243,1.29674,1.29682
2013.03.24 22:00:59.363,1.29679,1.29684
2013.03.24 22:01:01.095,1.29681,1.29689
2013.03.24 22:01:01.225,1.29682,1.29685
2013.03.24 22:01:01.903,1.29682,1.29687
2013.03.24 22:01:02.552,1.29682,1.29689
2013.03.24 22:01:03.063,1.29682,1.2969
2013.03.24 22:01:03.573,1.29682,1.29689
2013.03.24 22:01:03.633,1.29682,1.29687
2013.03.24 22:01:04.183,1.29682,1.29686
2013.03.24 22:01:04.724,1.29682,1.29687
2013.03.24 22:01:05.082,1.29682,1.29684
2013.03.24 22:01:08.486,1.29682,1.29686
2013.03.24 22:01:08.914,1.2968,1.29686
2013.03.24 22:01:09.102,1.2968,1.29684
2013.03.24 22:01:09.403,1.2968,1.29684
2013.03.24 22:01:09.882,1.29681,1.29684
2013.03.24 22:01:10.061,1.29681,1.29685
2013.03.24 22:01:10.582,1.29681,1.29686
2013.03.24 22:01:10.762,1.29681,1.29684
2013.03.24 22:01:12.531,1.29682,1.29684
2013.03.24 22:01:13.043,1.2968,1.29684
2013.03.24 22:01:13.222,1.29682,1.29685
2013.03.24 22:01:13.755,1.29682,1.29686
2013.03.24 22:01:14.642,1.29682,1.29687
2013.03.24 22:01:14.942,1.29682,1.29689
2013.03.24 22:01:15.393,1.29679,1.29687
2013.03.24 22:01:15.922,1.2968,1.29686
2013.03.24 22:01:16.482,1.2968,1.29687
2013.03.24 22:01:17.128,1.29681,1.29687
2013.03.24 22:01:17.445,1.29681,1.29685
2013.03.24 22:01:18.043,1.29681,1.29684
2013.03.24 22:01:18.592,1.2968,1.29686
2013.03.24 22:01:19.494,1.2968,1.29687
2013.03.24 22:01:19.576,1.29675,1.29678
2013.03.24 22:01:24.025,1.2967,1.29676
2013.03.24 22:01:24.214,1.29664,1.29668
2013.03.24 22:01:24.284,1.29662,1.29666
2013.03.24 22:01:24.464,1.29666,1.29671
2013.03.24 22:01:25.184,1.29662,1.29669
2013.03.24 22:01:26.113,1.29666,1.29669
2013.03.24 22:01:26.412,1.29668,1.29672
2013.03.24 22:01:26.772,1.29667,1.2967
2013.03.24 22:01:27.915,1.29667,1.29672
2013.03.24 22:01:28.564,1.29667,1.29671
2013.03.24 22:01:29.151,1.29667,1.29672
2013.03.24 22:01:29.215,1.29667,1.2967
2013.03.24 22:01:29.928,1.29671,1.29675
2013.03.24 22:01:30.052,1.29674,1.29678
2013.03.24 22:01:31.262,1.29672,1.29677
2013.03.24 22:01:32.882,1.29672,1.29675
2013.03.24 22:01:33.003,1.29669,1.29675
2013.03.24 22:01:35.995,1.29666,1.29671
2013.03.24 22:01:36.183,1.29664,1.29674
2013.03.24 22:01:36.244,1.2967,1.2968
2013.03.24 22:01:36.792,1.29668,1.29678
2013.03.24 22:01:37.312,1.29667,1.29677
2013.03.24 22:01:37.973,1.29669,1.29679
2013.03.24 22:01:38.353,1.29671,1.29681
2013.03.24 22:01:38.713,1.29669,1.29678
2013.03.24 22:01:38.962,1.29671,1.29681
2013.03.24 22:01:39.322,1.29671,1.29674
2013.03.24 22:01:39.382,1.29668,1.29674
2013.03.24 22:01:39.923,1.29669,1.29674
2013.03.24 22:01:39.982,1.29669,1.29676
2013.03.24 22:01:41.023,1.29668,1.29676
2013.03.24 22:01:41.652,1.29669,1.29676
2013.03.24 22:01:42.422,1.29668,1.29676
2013.03.24 22:01:43.083,1.29669,1.29676
2013.03.24 22:01:43.603,1.29668,1.29676
2013.03.24 22:01:44.112,1.29669,1.29676
2013.03.24 22:01:44.233,1.29672,1.29676
2013.03.24 22:01:44.298,1.29676,1.29686
2013.03.24 22:01:44.784,1.29675,1.29684
2013.03.24 22:01:45.213,1.29675,1.29681
2013.03.24 22:01:45.632,1.29676,1.29686
2013.03.24 22:01:46.163,1.29677,1.29686
2013.03.24 22:01:46.724,1.29677,1.29687
2013.03.24 22:01:46.912,1.29679,1.29689
2013.03.24 22:01:47.864,1.2968,1.2969
2013.03.24 22:01:48.730,1.29682,1.2969
2013.03.24 22:01:49.053,1.29684,1.2969
2013.03.24 22:01:49.713,1.29685,1.2969
2013.03.24 22:01:50.218,1.29684,1.2969
2013.03.24 22:01:50.653,1.29682,1.29685
2013.03.24 22:01:50.775,1.29676,1.2968
2013.03.24 22:01:51.333,1.2968,1.29687
2013.03.24 22:01:51.634,1.29687,1.29691
2013.03.24 22:01:55.324,1.29684,1.29691
2013.03.24 22:01:55.452,1.29686,1.29688
2013.03.24 22:01:55.513,1.29682,1.29687
2013.03.24 22:01:55.573,1.29682,1.29683
2013.03.24 22:01:55.633,1.2968,1.29683
2013.03.24 22:01:56.423,1.29679,1.29683
2013.03.24 22:01:56.508,1.29682,1.29688
2013.03.24 22:01:57.074,1.29681,1.29688
2013.03.24 22:01:57.443,1.29682,1.29685
2013.03.24 22:01:58.482,1.29681,1.29685
2013.03.24 22:01:58.722,1.29681,1.29687
2013.03.24 22:02:00.663,1.29682,1.29687
2013.03.24 22:02:04.213,1.2968,1.29687
2013.03.24 22:02:04.741,1.29682,1.29687
2013.03.24 22:02:08.705,1.29683,1.29691
2013.03.24 22:02:09.223,1.29686,1.2969
2013.03.24 22:02:09.462,1.29683,1.2969
2013.03.24 22:02:10.263,1.29683,1.29685
2013.03.24 22:02:10.563,1.29682,1.29689
2013.03.24 22:02:11.115,1.29681,1.29689
2013.03.24 22:02:12.594,1.29681,1.29688
2013.03.24 22:02:13.873,1.29681,1.29689
2013.03.24 22:02:14.412,1.29681,1.29688
2013.03.24 22:02:14.963,1.29679,1.29682
2013.03.24 22:02:15.024,1.29674,1.2968
2013.03.24 22:02:15.093,1.29673,1.29678
2013.03.24 22:02:15.706,1.29673,1.2968
2013.03.24 22:02:15.833,1.29672,1.29676
2013.03.24 22:02:17.384,1.29673,1.29677
2013.03.24 22:02:19.103,1.29673,1.29679
2013.03.24 22:02:19.963,1.29673,1.29678
2013.03.24 22:02:20.083,1.29673,1.2968
2013.03.24 22:02:23.813,1.29673,1.29681
2013.03.24 22:02:23.935,1.29674,1.29684
2013.03.24 22:02:24.482,1.29675,1.29685
2013.03.24 22:02:25.055,1.29673,1.29683
2013.03.24 22:02:26.407,1.29673,1.2968
2013.03.24 22:02:26.613,1.29672,1.29679
2013.03.24 22:02:26.865,1.2967,1.29679
2013.03.24 22:02:27.591,1.29668,1.29678
2013.03.24 22:02:27.712,1.29663,1.29671
2013.03.24 22:02:36.073,1.29663,1.29672
2013.03.24 22:02:40.194,1.29663,1.2967
2013.03.24 22:02:40.263,1.29663,1.29672
2013.03.24 22:02:41.707,1.29666,1.29676
2013.03.24 22:02:44.093,1.29665,1.29675
2013.03.24 22:02:44.553,1.29667,1.29677
2013.03.24 22:02:47.213,1.29665,1.29675
2013.03.24 22:02:49.603,1.29672,1.29675
2013.03.24 22:02:49.724,1.29673,1.29681
2013.03.24 22:02:57.646,1.29674,1.29684
2013.03.24 22:02:58.154,1.29675,1.29684
2013.03.24 22:02:58.702,1.29675,1.29685
2013.03.24 22:02:59.724,1.29673,1.29683
2013.03.24 22:03:00.083,1.29667,1.29677
2013.03.24 22:03:00.943,1.29666,1.29676
2013.03.24 22:03:01.270,1.29668,1.29678
2013.03.24 22:03:02.144,1.29669,1.29679
2013.03.24 22:03:02.692,1.2967,1.2968
2013.03.24 22:03:02.994,1.29673,1.29681
2013.03.24 22:03:06.493,1.29676,1.29681
2013.03.24 22:03:10.045,1.29678,1.29686
2013.03.24 22:03:10.720,1.29679,1.29688
2013.03.24 22:03:12.624,1.29678,1.29688
2013.03.24 22:03:12.934,1.2968,1.29688
2013.03.24 22:03:13.123,1.29678,1.29688
2013.03.24 22:03:13.694,1.29681,1.29688
2013.03.24 22:03:14.202,1.2968,1.29688
2013.03.24 22:03:14.322,1.29677,1.29687
2013.03.24 22:03:16.003,1.29679,1.29688
2013.03.24 22:03:17.013,1.29678,1.29688
2013.03.24 22:03:17.522,1.29677,1.29687
2013.03.24 22:03:17.822,1.2968,1.29688
2013.03.24 22:03:19.147,1.2968,1.29683
2013.03.24 22:03:20.733,1.29677,1.29683
2013.03.24 22:03:20.856,1.29676,1.29685
2013.03.24 22:03:21.162,1.29677,1.29687
2013.03.24 22:03:21.912,1.29683,1.29687
2013.03.24 22:03:22.543,1.29677,1.29687
2013.03.24 22:03:23.632,1.29678,1.29688
2013.03.24 22:03:25.182,1.29681,1.29688
2013.03.24 22:03:25.842,1.29682,1.29689
2013.03.24 22:03:26.343,1.29681,1.29689
2013.03.24 22:03:27.214,1.29682,1.29689
2013.03.24 22:03:27.573,1.29681,1.29686
2013.03.24 22:03:28.113,1.2968,1.29685
2013.03.24 22:03:28.630,1.2968,1.29684
2013.03.24 22:03:29.137,1.2968,1.29685
2013.03.24 22:03:29.205,1.2968,1.29687
2013.03.24 22:03:29.947,1.29677,1.29684
2013.03.24 22:03:30.262,1.29676,1.29681
2013.03.24 22:03:31.166,1.29674,1.29681
2013.03.24 22:03:31.755,1.29675,1.29681
2013.03.24 22:03:40.473,1.29677,1.29681
2013.03.24 22:03:41.158,1.29676,1.29681
2013.03.24 22:03:41.672,1.29677,1.29681
2013.03.24 22:03:42.383,1.29677,1.29684
2013.03.24 22:03:42.904,1.29676,1.29684
2013.03.24 22:03:44.052,1.29676,1.29683
2013.03.24 22:03:44.914,1.29675,1.29677
2013.03.24 22:03:45.033,1.29667,1.29676
2013.03.24 22:03:45.594,1.29666,1.29676
2013.03.24 22:03:47.312,1.29667,1.29676
2013.03.24 22:03:47.373,1.29665,1.29675
2013.03.24 22:03:47.913,1.29664,1.29674
2013.03.24 22:03:48.033,1.29666,1.29676
2013.03.24 22:03:48.562,1.29668,1.29676
2013.03.24 22:03:54.132,1.29668,1.29672
2013.03.24 22:03:54.672,1.29668,1.29671
2013.03.24 22:03:55.263,1.29668,1.29676
2013.03.24 22:03:57.236,1.2967,1.29676
2013.03.24 22:03:57.823,1.29663,1.29672
2013.03.24 22:03:58.722,1.29663,1.29673
2013.03.24 22:03:58.903,1.2967,1.29676
2013.03.24 22:04:02.433,1.29663,1.29676
2013.03.24 22:04:03.872,1.29663,1.29676
2013.03.24 22:04:04.410,1.29663,1.29676
2013.03.24 22:04:06.563,1.29663,1.29676
2013.03.24 22:04:07.095,1.29661,1.2967
2013.03.24 22:04:07.226,1.29657,1.29667
2013.03.24 22:04:07.360,1.29655,1.29668
2013.03.24 22:04:07.902,1.29655,1.2967
2013.03.24 22:04:07.962,1.29655,1.29668
2013.03.24 22:04:08.203,1.29657,1.2967
2013.03.24 22:04:08.264,1.29658,1.29671
2013.03.24 22:04:08.332,1.29655,1.29666
2013.03.24 22:04:08.453,1.29654,1.29666
2013.03.24 22:04:09.582,1.29655,1.29667
2013.03.24 22:04:10.013,1.29655,1.29668
2013.03.24 22:04:10.132,1.29655,1.2967
2013.03.24 22:04:10.712,1.29655,1.2967
2013.03.24 22:04:11.165,1.29657,1.2967
2013.03.24 22:04:11.532,1.2966,1.29673
2013.03.24 22:04:12.064,1.2966,1.29673
2013.03.24 22:04:14.222,1.2966,1.29673
2013.03.24 22:04:14.533,1.2966,1.29674
2013.03.24 22:04:15.073,1.29663,1.29675
2013.03.24 22:04:17.862,1.29666,1.29675
2013.03.24 22:04:18.763,1.29666,1.29675
2013.03.24 22:04:19.302,1.29663,1.29675
2013.03.24 22:04:20.103,1.29663,1.29676
2013.03.24 22:04:23.603,1.29663,1.29677
2013.03.24 22:04:24.203,1.29665,1.29677
2013.03.24 22:04:26.535,1.29665,1.29677
2013.03.24 22:04:27.432,1.29665,1.29677
2013.03.24 22:04:28.033,1.29667,1.29677
2013.03.24 22:04:28.392,1.29666,1.29677
2013.03.24 22:04:28.572,1.29665,1.29677
2013.03.24 22:04:29.112,1.29663,1.29677
2013.03.24 22:04:29.593,1.29669,1.29678
2013.03.24 22:04:30.132,1.29671,1.29681
2013.03.24 22:04:33.294,1.29671,1.29681
2013.03.24 22:04:38.054,1.29673,1.29682
2013.03.24 22:04:38.603,1.29673,1.29682
2013.03.24 22:04:40.422,1.29675,1.29685
2013.03.24 22:04:40.724,1.29676,1.29685
2013.03.24 22:04:40.904,1.29677,1.29685
2013.03.24 22:04:41.693,1.29684,1.29687
2013.03.24 22:04:42.007,1.2968,1.29688
2013.03.24 22:04:42.075,1.29681,1.29694
2013.03.24 22:04:42.143,1.29682,1.29694
2013.03.24 22:04:42.503,1.29682,1.29692
2013.03.24 22:04:46.213,1.29683,1.29693
2013.03.24 22:04:46.785,1.29683,1.29693
2013.03.24 22:04:49.192,1.29683,1.29693
2013.03.24 22:04:49.722,1.29683,1.29693
2013.03.24 22:04:50.284,1.29683,1.29693
2013.03.24 22:04:50.825,1.29682,1.29692
2013.03.24 22:04:53.473,1.29681,1.29691
2013.03.24 22:04:54.159,1.29681,1.2969
2013.03.24 22:04:54.232,1.29673,1.29686
2013.03.24 22:04:56.122,1.29675,1.29685
2013.03.24 22:04:56.649,1.29675,1.29686
2013.03.24 22:05:00.382,1.29673,1.29685
2013.03.24 22:05:00.505,1.2967,1.29683
2013.03.24 22:05:00.573,1.2967,1.29683
2013.03.24 22:05:00.934,1.29672,1.29681
2013.03.24 22:05:01.173,1.29669,1.29679
2013.03.24 22:05:01.729,1.29669,1.29681
2013.03.24 22:05:02.184,1.2967,1.29681
2013.03.24 22:05:02.603,1.29672,1.29683
2013.03.24 22:05:04.387,1.29672,1.29682
2013.03.24 22:05:08.254,1.29669,1.29681
2013.03.24 22:05:08.563,1.29669,1.29681
2013.03.24 22:05:09.012,1.29669,1.29681
2013.03.24 22:05:09.258,1.29669,1.29681
2013.03.24 22:05:09.383,1.29669,1.29679
2013.03.24 22:05:09.982,1.29669,1.29679
2013.03.24 22:05:10.882,1.29667,1.29677
2013.03.24 22:05:14.352,1.29669,1.29679
2013.03.24 22:05:14.533,1.29669,1.2968
2013.03.24 22:05:15.744,1.2967,1.2968
2013.03.24 22:05:18.032,1.2967,1.2968
2013.03.24 22:05:19.213,1.2967,1.2968
2013.03.24 22:05:19.743,1.2967,1.2968
2013.03.24 22:05:20.283,1.2967,1.29678
2013.03.24 22:05:20.894,1.29669,1.29678
2013.03.24 22:05:21.253,1.2967,1.29678
2013.03.24 22:05:21.973,1.2967,1.29677
2013.03.24 22:05:22.094,1.29663,1.2967
2013.03.24 22:05:22.224,1.29665,1.29675
2013.03.24 22:05:22.654,1.29665,1.29675
2013.03.24 22:05:22.963,1.29667,1.29675
2013.03.24 22:05:28.434,1.29668,1.29674
2013.03.24 22:05:28.492,1.29665,1.29673
2013.03.24 22:05:28.552,1.29666,1.29673
2013.03.24 22:05:28.733,1.29663,1.29673
2013.03.24 22:05:29.702,1.29663,1.29673
2013.03.24 22:05:32.153,1.29664,1.29673
2013.03.24 22:05:32.332,1.29662,1.29671
2013.03.24 22:05:32.392,1.29662,1.29671
2013.03.24 22:05:32.942,1.29663,1.29671
2013.03.24 22:05:36.542,1.29662,1.29671
2013.03.24 22:05:37.874,1.29662,1.29671
2013.03.24 22:05:38.415,1.29662,1.29671
2013.03.24 22:05:39.835,1.29657,1.29667
2013.03.24 22:05:40.143,1.29656,1.29666
2013.03.24 22:05:41.023,1.29655,1.29664
2013.03.24 22:05:44.014,1.2966,1.29669
2013.03.24 22:05:44.552,1.2966,1.29669
2013.03.24 22:05:46.883,1.29662,1.29669
2013.03.24 22:05:47.010,1.29665,1.2967
2013.03.24 22:05:47.074,1.29665,1.2967
2013.03.24 22:05:47.382,1.29665,1.29669
2013.03.24 22:05:48.193,1.29665,1.29669
2013.03.24 22:05:48.713,1.29665,1.2967
2013.03.24 22:05:49.223,1.29658,1.2967
2013.03.24 22:05:49.743,1.29658,1.29669
2013.03.24 22:05:51.732,1.29658,1.2967
2013.03.24 22:05:51.922,1.29658,1.2967
2013.03.24 22:05:51.994,1.29658,1.2967
2013.03.24 22:05:52.702,1.29657,1.2967
2013.03.24 22:05:53.203,1.29657,1.29669
2013.03.24 22:05:54.092,1.29658,1.2967
2013.03.24 22:05:54.423,1.2966,1.2967
2013.03.24 22:05:54.822,1.29661,1.2967
2013.03.24 22:05:55.122,1.29661,1.29669
2013.03.24 22:05:56.792,1.2966,1.2967
2013.03.24 22:05:57.525,1.29661,1.29671
2013.03.24 22:06:00.873,1.29662,1.29672
2013.03.24 22:06:01.511,1.29666,1.29672
2013.03.24 22:06:01.903,1.29661,1.29671
2013.03.24 22:06:03.293,1.2966,1.2967
2013.03.24 22:06:04.222,1.2966,1.2967
2013.03.24 22:06:04.342,1.29659,1.2967
2013.03.24 22:06:05.845,1.29664,1.2967
2013.03.24 22:06:07.272,1.29665,1.2967
2013.03.24 22:06:07.632,1.29666,1.29671
2013.03.24 22:06:08.404,1.29667,1.2967
2013.03.24 22:06:08.470,1.29662,1.2967
2013.03.24 22:06:08.723,1.29659,1.2967
2013.03.24 22:06:09.894,1.29661,1.2967
2013.03.24 22:06:12.783,1.29661,1.29671
2013.03.24 22:06:14.633,1.29661,1.2967
2013.03.24 22:06:15.172,1.29661,1.29671
2013.03.24 22:06:16.805,1.29662,1.2967
2013.03.24 22:06:17.234,1.29659,1.29669
2013.03.24 22:06:21.515,1.2966,1.2967
2013.03.24 22:06:21.883,1.29661,1.29671
2013.03.24 22:06:22.079,1.29665,1.29672
2013.03.24 22:06:23.132,1.29659,1.29671
2013.03.24 22:06:23.900,1.29659,1.29672
2013.03.24 22:06:24.432,1.29661,1.2967
2013.03.24 22:06:25.492,1.29659,1.2967
2013.03.24 22:06:25.552,1.29659,1.29669
2013.03.24 22:06:26.333,1.29659,1.2967
2013.03.24 22:06:26.852,1.29659,1.2967
2013.03.24 22:06:27.542,1.2966,1.29671
2013.03.24 22:06:28.282,1.29663,1.29672
2013.03.24 22:06:37.242,1.29661,1.29672
2013.03.24 22:06:41.120,1.29663,1.29673
2013.03.24 22:06:41.711,1.29661,1.29673
2013.03.24 22:06:42.464,1.29661,1.29672
2013.03.24 22:06:42.994,1.29661,1.29673
2013.03.24 22:06:43.583,1.29661,1.29673
2013.03.24 22:06:48.353,1.29663,1.29673
2013.03.24 22:06:49.663,1.29663,1.29673
2013.03.24 22:06:49.843,1.29663,1.29673
2013.03.24 22:06:51.892,1.29665,1.29675
2013.03.24 22:06:53.293,1.29663,1.29675
2013.03.24 22:06:53.352,1.29663,1.29674
2013.03.24 22:06:55.122,1.29662,1.29673
2013.03.24 22:06:55.303,1.29664,1.29674
2013.03.24 22:06:57.357,1.29667,1.29675
2013.03.24 22:06:57.723,1.29664,1.29673
2013.03.24 22:06:58.272,1.29664,1.29674
2013.03.24 22:06:59.303,1.29663,1.29673
2013.03.24 22:07:01.253,1.29663,1.29673
2013.03.24 22:07:01.603,1.29665,1.29673
2013.03.24 22:07:06.743,1.29663,1.29674
2013.03.24 22:07:07.246,1.29661,1.29673
2013.03.24 22:07:08.715,1.29662,1.29673
2013.03.24 22:07:09.582,1.29662,1.29673
2013.03.24 22:07:09.765,1.29661,1.29673
2013.03.24 22:07:09.833,1.2966,1.29673
2013.03.24 22:07:09.893,1.29655,1.29668
2013.03.24 22:07:09.953,1.29653,1.29668
2013.03.24 22:07:10.613,1.29653,1.29667
2013.03.24 22:07:11.165,1.29653,1.29666
2013.03.24 22:07:11.794,1.29653,1.29667
2013.03.24 22:07:12.153,1.29654,1.29667
2013.03.24 22:07:12.512,1.29653,1.29667
2013.03.24 22:07:13.878,1.29659,1.29668
2013.03.24 22:07:20.173,1.29659,1.29668
2013.03.24 22:07:22.616,1.2966,1.2967
2013.03.24 22:07:24.652,1.29662,1.2967
2013.03.24 22:07:27.088,1.29662,1.2967
2013.03.24 22:07:30.844,1.29662,1.29672
2013.03.24 22:07:30.963,1.29663,1.29677
2013.03.24 22:07:32.043,1.29663,1.29675
2013.03.24 22:07:34.622,1.29663,1.29675
2013.03.24 22:07:35.214,1.29664,1.29675
2013.03.24 22:07:36.282,1.29665,1.29675
2013.03.24 22:07:36.463,1.29665,1.29675
2013.03.24 22:07:37.293,1.29665,1.29675
2013.03.24 22:07:37.873,1.29662,1.29675
2013.03.24 22:07:42.404,1.29666,1.29677
2013.03.24 22:07:42.824,1.29668,1.29677
2013.03.24 22:07:42.894,1.29668,1.29677
2013.03.24 22:07:43.543,1.29668,1.29677
2013.03.24 22:07:43.604,1.29671,1.29684
2013.03.24 22:07:43.914,1.29674,1.29685
2013.03.24 22:07:44.278,1.29677,1.29685
2013.03.24 22:07:44.583,1.29679,1.29687
2013.03.24 22:07:44.764,1.29679,1.29687
2013.03.24 22:07:46.593,1.29679,1.29687
2013.03.24 22:07:46.933,1.29679,1.29687
2013.03.24 22:07:47.506,1.29679,1.29687
2013.03.24 22:07:48.154,1.29679,1.29687
2013.03.24 22:07:48.661,1.29679,1.29683
2013.03.24 22:07:48.737,1.29677,1.29682
2013.03.24 22:07:48.806,1.29674,1.29681
2013.03.24 22:07:50.634,1.29675,1.29681
2013.03.24 22:07:51.655,1.29675,1.29683
2013.03.24 22:07:51.963,1.29676,1.29681
2013.03.24 22:07:52.143,1.29674,1.2968
2013.03.24 22:07:52.705,1.29672,1.29677
2013.03.24 22:07:53.153,1.29671,1.29677
2013.03.24 22:07:53.667,1.29671,1.29677
2013.03.24 22:07:55.693,1.29671,1.29677
2013.03.24 22:07:56.258,1.29675,1.29677
2013.03.24 22:07:58.283,1.29671,1.29677
2013.03.24 22:07:58.343,1.29669,1.29677
2013.03.24 22:07:59.854,1.29669,1.29675
2013.03.24 22:08:02.643,1.29669,1.29674
2013.03.24 22:08:06.404,1.29668,1.29673
2013.03.24 22:08:06.465,1.29667,1.29671
2013.03.24 22:08:06.533,1.29664,1.2967
2013.03.24 22:08:06.593,1.29665,1.29669
2013.03.24 22:08:06.714,1.29663,1.29667
2013.03.24 22:08:07.024,1.29661,1.29667
2013.03.24 22:08:07.145,1.29662,1.29668
2013.03.24 22:08:07.275,1.29665,1.29672
2013.03.24 22:08:07.354,1.29666,1.29672
2013.03.24 22:08:07.894,1.29668,1.29673
2013.03.24 22:08:07.953,1.29668,1.29673
2013.03.24 22:08:11.124,1.29668,1.29674
2013.03.24 22:08:11.253,1.29669,1.29674
2013.03.24 22:08:11.373,1.2967,1.29677
2013.03.24 22:08:11.494,1.2967,1.29677
2013.03.24 22:08:12.243,1.2967,1.29678
2013.03.24 22:08:12.874,1.2967,1.29678
2013.03.24 22:08:13.112,1.29672,1.29679
2013.03.24 22:08:13.672,1.29672,1.2968
2013.03.24 22:08:14.332,1.29672,1.2968
2013.03.24 22:08:15.642,1.29672,1.2968
2013.03.24 22:08:16.443,1.29672,1.2968
2013.03.24 22:08:18.973,1.29672,1.29679
2013.03.24 22:08:19.332,1.29672,1.29679
2013.03.24 22:08:19.514,1.2967,1.29676
2013.03.24 22:08:20.121,1.29669,1.29676
2013.03.24 22:08:20.243,1.29669,1.29676
2013.03.24 22:08:20.783,1.29669,1.29676
2013.03.24 22:08:21.224,1.2967,1.29677
2013.03.24 22:08:21.343,1.29672,1.2968
2013.03.24 22:08:21.664,1.29673,1.29682
2013.03.24 22:08:24.713,1.29674,1.29682
2013.03.24 22:08:24.773,1.29673,1.29681
2013.03.24 22:08:26.824,1.29675,1.29683
2013.03.24 22:08:27.542,1.29676,1.29684
2013.03.24 22:08:28.774,1.29676,1.29684
2013.03.24 22:08:29.964,1.29676,1.29683
2013.03.24 22:08:30.046,1.29675,1.29685
2013.03.24 22:08:30.565,1.29676,1.29686
2013.03.24 22:08:31.593,1.29677,1.29687
2013.03.24 22:08:32.304,1.29678,1.29688
2013.03.24 22:08:32.843,1.29679,1.29689
2013.03.24 22:08:46.273,1.2968,1.2969
2013.03.24 22:08:46.906,1.29687,1.29697
2013.03.24 22:08:49.113,1.29687,1.29697
2013.03.24 22:08:49.653,1.29687,1.29697
2013.03.24 22:08:50.204,1.29687,1.29697
2013.03.24 22:08:51.217,1.29687,1.29697
2013.03.24 22:08:51.343,1.29687,1.29697
2013.03.24 22:08:55.063,1.29687,1.29697
2013.03.24 22:08:55.253,1.29687,1.29697
2013.03.24 22:09:06.043,1.29687,1.29697
2013.03.24 22:09:06.823,1.29687,1.29697
2013.03.24 22:09:07.003,1.29687,1.29697
2013.03.24 22:09:10.643,1.29687,1.29697
2013.03.24 22:09:11.004,1.29691,1.29698
2013.03.24 22:09:11.124,1.29694,1.29701
2013.03.24 22:09:11.247,1.29695,1.29704
2013.03.24 22:09:11.314,1.29694,1.29705
2013.03.24 22:09:11.496,1.29693,1.29705
2013.03.24 22:09:12.049,1.29693,1.29703
2013.03.24 22:09:15.203,1.29693,1.29705
2013.03.24 22:09:15.534,1.29694,1.29703
2013.03.24 22:09:15.893,1.29693,1.297
2013.03.24 22:09:17.243,1.29693,1.297
2013.03.24 22:09:17.787,1.29692,1.297
2013.03.24 22:09:18.227,1.29693,1.297
2013.03.24 22:09:20.564,1.29693,1.297
2013.03.24 22:09:21.123,1.29693,1.29701
2013.03.24 22:09:21.633,1.29693,1.29702
2013.03.24 22:09:22.174,1.29694,1.29702
2013.03.24 22:09:25.183,1.29695,1.29702
2013.03.24 22:09:26.082,1.29695,1.29702
2013.03.24 22:09:31.163,1.29694,1.29702
2013.03.24 22:09:32.259,1.29695,1.29702
2013.03.24 22:09:32.386,1.29696,1.29703
2013.03.24 22:09:32.457,1.29696,1.29704
2013.03.24 22:09:32.595,1.29696,1.29707
2013.03.24 22:09:34.912,1.29696,1.29707
2013.03.24 22:09:36.053,1.29697,1.29708
2013.03.24 22:09:36.364,1.29702,1.2971
2013.03.24 22:09:36.664,1.29705,1.29714
2013.03.24 22:09:37.223,1.29704,1.29714
2013.03.24 22:09:37.534,1.29711,1.29716
2013.03.24 22:09:37.714,1.29711,1.29715
2013.03.24 22:09:38.264,1.29709,1.29715
2013.03.24 22:09:38.447,1.29708,1.29715
2013.03.24 22:09:39.028,1.29708,1.29715
2013.03.24 22:09:39.967,1.29711,1.29716
2013.03.24 22:09:40.273,1.29711,1.29719
2013.03.24 22:09:41.894,1.29712,1.29719
2013.03.24 22:09:42.410,1.29713,1.29719
2013.03.24 22:09:42.784,1.29712,1.29719
2013.03.24 22:09:51.074,1.29712,1.29719
2013.03.24 22:09:51.375,1.29703,1.29715
2013.03.24 22:09:51.803,1.297,1.29711
2013.03.24 22:09:52.346,1.297,1.29711
2013.03.24 22:09:52.654,1.297,1.29709
2013.03.24 22:09:54.752,1.29702,1.29711
2013.03.24 22:09:55.215,1.29703,1.29716
2013.03.24 22:09:55.475,1.29708,1.29715
2013.03.24 22:09:57.753,1.29708,1.29715
2013.03.24 22:09:59.359,1.29712,1.29717
2013.03.24 22:09:59.430,1.29712,1.29718
2013.03.24 22:09:59.744,1.29708,1.29718
2013.03.24 22:09:59.804,1.29712,1.29718
2013.03.24 22:09:59.863,1.29706,1.29718
2013.03.24 22:09:59.984,1.2971,1.29718
2013.03.24 22:10:00.285,1.29711,1.29721
2013.03.24 22:10:02.094,1.29712,1.29721
2013.03.24 22:10:02.633,1.29712,1.29721
2013.03.24 22:10:02.753,1.29708,1.29716
2013.03.24 22:10:02.995,1.29705,1.29716
2013.03.24 22:10:03.304,1.29705,1.29716
2013.03.24 22:10:03.884,1.29704,1.29716
2013.03.24 22:10:04.244,1.297,1.29708
2013.03.24 22:10:04.783,1.297,1.29708
2013.03.24 22:10:04.989,1.297,1.29707
2013.03.24 22:10:05.534,1.29698,1.29707
2013.03.24 22:10:06.592,1.29698,1.29705
2013.03.24 22:10:06.656,1.29695,1.29705
2013.03.24 22:10:07.154,1.297,1.29705
2013.03.24 22:10:07.709,1.29699,1.29705
2013.03.24 22:10:08.393,1.29695,1.29705
2013.03.24 22:10:08.955,1.29699,1.29705
2013.03.24 22:10:09.816,1.297,1.29706
2013.03.24 22:10:10.124,1.297,1.29705
2013.03.24 22:10:10.674,1.29695,1.29705
2013.03.24 22:10:13.836,1.29695,1.29706
2013.03.24 22:10:14.375,1.29695,1.29705
2013.03.24 22:10:15.684,1.29695,1.29705
2013.03.24 22:10:15.745,1.29695,1.29705
2013.03.24 22:10:15.804,1.29695,1.29705
2013.03.24 22:10:17.891,1.29695,1.29705
2013.03.24 22:10:18.075,1.29695,1.29705
2013.03.24 22:10:18.991,1.29695,1.29705
2013.03.24 22:10:19.173,1.29695,1.29705
2013.03.24 22:10:22.803,1.29695,1.29705
2013.03.24 22:10:22.933,1.29695,1.29705
2013.03.24 22:10:27.803,1.29695,1.29706
2013.03.24 22:10:28.554,1.29695,1.29706
2013.03.24 22:10:38.894,1.29698,1.29707
2013.03.24 22:10:39.474,1.29701,1.29711
2013.03.24 22:10:42.143,1.29701,1.29711
2013.03.24 22:10:42.399,1.29702,1.29712
2013.03.24 22:10:42.959,1.29702,1.29712
2013.03.24 22:10:45.863,1.29701,1.29711
2013.03.24 22:10:46.045,1.297,1.29711
2013.03.24 22:10:46.114,1.29698,1.29711
2013.03.24 22:10:46.675,1.29698,1.29711
2013.03.24 22:10:47.748,1.29698,1.29707
2013.03.24 22:10:47.957,1.29693,1.29702
2013.03.24 22:10:48.874,1.29692,1.29702
2013.03.24 22:10:59.784,1.29692,1.29701
2013.03.24 22:11:00.096,1.29696,1.29701
2013.03.24 22:11:00.524,1.29698,1.29702
2013.03.24 22:11:01.357,1.297,1.29702
2013.03.24 22:11:01.424,1.297,1.29703
2013.03.24 22:11:01.735,1.29701,1.29707
2013.03.24 22:11:02.848,1.297,1.29707
2013.03.24 22:11:02.976,1.29701,1.29711
2013.03.24 22:11:03.285,1.29703,1.29711
2013.03.24 22:11:03.355,1.29704,1.29711
2013.03.24 22:11:03.895,1.29708,1.29711
2013.03.24 22:11:05.866,1.29705,1.2971
2013.03.24 22:11:05.996,1.29705,1.29707
2013.03.24 22:11:06.881,1.29704,1.29707
2013.03.24 22:11:08.683,1.29705,1.29707
2013.03.24 22:11:08.804,1.29705,1.2971
2013.03.24 22:11:09.344,1.29704,1.29709
2013.03.24 22:11:09.884,1.29699,1.29709
2013.03.24 22:11:10.064,1.29699,1.29709
2013.03.24 22:11:11.595,1.29699,1.29709
2013.03.24 22:11:12.256,1.29699,1.29709
2013.03.24 22:11:14.306,1.29697,1.29708
2013.03.24 22:11:14.960,1.29698,1.29707
2013.03.24 22:11:18.775,1.297,1.2971
2013.03.24 22:11:18.845,1.297,1.2971
2013.03.24 22:11:19.394,1.297,1.29711
2013.03.24 22:11:22.504,1.29701,1.29711
2013.03.24 22:11:23.065,1.29702,1.29712
2013.03.24 22:11:23.812,1.29702,1.29712
2013.03.24 22:11:24.172,1.29702,1.29712
2013.03.24 22:11:24.235,1.29704,1.29714
2013.03.24 22:11:31.486,1.29704,1.29713
2013.03.24 22:11:32.358,1.29698,1.29705
2013.03.24 22:11:32.435,1.29693,1.29703
2013.03.24 22:11:32.784,1.29692,1.29702
2013.03.24 22:11:36.434,1.29692,1.29702
2013.03.24 22:11:36.495,1.29692,1.29703
2013.03.24 22:11:36.566,1.29697,1.29707
2013.03.24 22:11:36.634,1.29702,1.29708
2013.03.24 22:11:36.944,1.297,1.29708
2013.03.24 22:11:37.684,1.297,1.29712
2013.03.24 22:11:37.996,1.29699,1.29705
2013.03.24 22:11:38.134,1.29694,1.29707
2013.03.24 22:11:38.385,1.29695,1.29705
2013.03.24 22:11:39.026,1.29695,1.29706
2013.03.24 22:11:39.544,1.29695,1.29706
2013.03.24 22:11:41.881,1.29694,1.29706
2013.03.24 22:11:42.124,1.29694,1.2971
2013.03.24 22:11:45.687,1.29696,1.2971
2013.03.24 22:11:51.074,1.29701,1.2971
2013.03.24 22:11:51.375,1.29697,1.2971
2013.03.24 22:11:51.685,1.297,1.29712
2013.03.24 22:11:51.875,1.29701,1.29713
2013.03.24 22:11:51.945,1.29701,1.29713
2013.03.24 22:11:52.064,1.29702,1.29716
2013.03.24 22:12:08.486,1.29706,1.29717
2013.03.24 22:12:11.035,1.29704,1.29718
2013.03.24 22:12:12.214,1.29708,1.29717
2013.03.24 22:12:12.781,1.29707,1.29716
2013.03.24 22:12:13.312,1.29706,1.29716
2013.03.24 22:12:18.173,1.29707,1.29716
2013.03.24 22:12:18.736,1.29708,1.29719
2013.03.24 22:12:19.284,1.29708,1.29717
2013.03.24 22:12:19.464,1.29705,1.29717
2013.03.24 22:12:20.565,1.29705,1.29717
2013.03.24 22:12:21.074,1.29705,1.29716
2013.03.24 22:12:22.264,1.29705,1.29717
2013.03.24 22:12:22.803,1.29705,1.29717
2013.03.24 22:12:23.204,1.29707,1.29719
2013.03.24 22:12:23.734,1.29707,1.29719
2013.03.24 22:12:26.866,1.29706,1.29716
2013.03.24 22:12:27.055,1.29703,1.29716
2013.03.24 22:12:27.414,1.29701,1.29714
2013.03.24 22:12:27.834,1.29703,1.29715
2013.03.24 22:12:29.796,1.29703,1.29714
2013.03.24 22:12:30.103,1.29701,1.29708
2013.03.24 22:12:31.034,1.29701,1.29709
2013.03.24 22:12:31.215,1.29701,1.29712
2013.03.24 22:12:31.284,1.29701,1.29713
2013.03.24 22:12:31.344,1.29703,1.29715
2013.03.24 22:12:34.510,1.29705,1.29715
2013.03.24 22:12:34.694,1.29705,1.29715
2013.03.24 22:12:34.995,1.2971,1.29717
2013.03.24 22:12:35.116,1.29708,1.29716
2013.03.24 22:12:35.184,1.29705,1.29715
2013.03.24 22:12:35.304,1.29703,1.29715
2013.03.24 22:12:35.544,1.297,1.29713
2013.03.24 22:12:36.055,1.297,1.29711
2013.03.24 22:12:36.953,1.297,1.29711
2013.03.24 22:12:41.333,1.297,1.29711
2013.03.24 22:12:42.890,1.29701,1.29711
2013.03.24 22:12:44.984,1.29705,1.29712
2013.03.24 22:12:45.436,1.29706,1.29714
2013.03.24 22:12:45.504,1.29706,1.29714
2013.03.24 22:12:46.786,1.29706,1.29714
2013.03.24 22:12:49.513,1.29705,1.29713
2013.03.24 22:12:50.035,1.29706,1.29714
2013.03.24 22:12:50.901,1.29706,1.29714
2013.03.24 22:12:51.595,1.29705,1.29713
2013.03.24 22:12:52.123,1.29705,1.29713
2013.03.24 22:12:54.615,1.29706,1.29714
2013.03.24 22:12:56.103,1.29706,1.29714
2013.03.24 22:13:00.690,1.29705,1.29715
2013.03.24 22:13:00.874,1.29705,1.29714
2013.03.24 22:13:01.393,1.29706,1.29715
2013.03.24 22:13:02.229,1.29706,1.29715
2013.03.24 22:13:03.254,1.29706,1.29715
2013.03.24 22:13:03.626,1.29707,1.29715
2013.03.24 22:13:03.874,1.2971,1.29715
2013.03.24 22:13:04.854,1.29706,1.29715
2013.03.24 22:13:05.443,1.29707,1.29717
2013.03.24 22:13:10.087,1.29708,1.29717
2013.03.24 22:13:10.590,1.29708,1.29717
2013.03.24 22:13:11.763,1.29708,1.29718
2013.03.24 22:13:13.413,1.29708,1.29719
2013.03.24 22:13:14.178,1.29708,1.29718
2013.03.24 22:13:17.374,1.29708,1.29719
2013.03.24 22:13:21.935,1.29709,1.29719
2013.03.24 22:13:25.638,1.29714,1.29719
2013.03.24 22:13:25.707,1.29715,1.29724
2013.03.24 22:13:25.777,1.29716,1.29725
2013.03.24 22:13:25.851,1.29716,1.29725
2013.03.24 22:13:25.926,1.29719,1.29727
2013.03.24 22:13:26.823,1.29724,1.2973
2013.03.24 22:13:26.905,1.29722,1.29734
2013.03.24 22:13:27.224,1.29725,1.29735
2013.03.24 22:13:27.583,1.29722,1.29735
2013.03.24 22:13:27.724,1.29722,1.29736
2013.03.24 22:13:28.144,1.29725,1.29737
2013.03.24 22:13:28.806,1.29725,1.29737
2013.03.24 22:13:29.416,1.29725,1.29737
2013.03.24 22:13:30.665,1.29725,1.29737
2013.03.24 22:13:31.176,1.29725,1.29737
2013.03.24 22:13:32.215,1.29725,1.29737
2013.03.24 22:13:33.733,1.29724,1.29737
2013.03.24 22:13:34.364,1.29724,1.29737
2013.03.24 22:13:34.874,1.29724,1.29737
2013.03.24 22:13:35.526,1.29724,1.29737
2013.03.24 22:13:36.074,1.29724,1.29737
2013.03.24 22:13:36.505,1.29731,1.29739
2013.03.24 22:13:36.575,1.29731,1.29739
2013.03.24 22:13:36.825,1.29732,1.29742
2013.03.24 22:13:37.604,1.2973,1.29743
2013.03.24 22:13:38.144,1.2973,1.29743
2013.03.24 22:13:39.244,1.2973,1.29742
2013.03.24 22:13:40.005,1.29726,1.29738
2013.03.24 22:13:40.560,1.29725,1.29737
2013.03.24 22:13:41.240,1.29725,1.29737
2013.03.24 22:13:41.805,1.29725,1.29737
2013.03.24 22:13:43.535,1.29725,1.29734
2013.03.24 22:13:43.843,1.29723,1.29732
2013.03.24 22:13:46.473,1.29723,1.29732
2013.03.24 22:13:46.783,1.29723,1.29734
2013.03.24 22:13:46.965,1.29724,1.29736
2013.03.24 22:13:47.205,1.29724,1.29737
2013.03.24 22:13:48.450,1.29724,1.29737
2013.03.24 22:13:49.064,1.29724,1.29737
2013.03.24 22:13:49.386,1.29724,1.29737
2013.03.24 22:13:49.695,1.29731,1.29737
2013.03.24 22:13:52.234,1.29731,1.29737
2013.03.24 22:13:52.595,1.29732,1.29738
2013.03.24 22:13:52.774,1.29731,1.29738
2013.03.24 22:13:53.253,1.29732,1.29738
2013.03.24 22:13:56.464,1.29735,1.29739
2013.03.24 22:13:57.185,1.29736,1.29741
2013.03.24 22:13:57.259,1.29736,1.2975
2013.03.24 22:13:57.895,1.29737,1.29747
2013.03.24 22:13:58.584,1.29736,1.29747
2013.03.24 22:13:59.153,1.29737,1.29747
2013.03.24 22:13:59.884,1.29737,1.29747
2013.03.24 22:14:00.230,1.29737,1.29747
2013.03.24 22:14:00.473,1.29737,1.29747
2013.03.24 22:14:01.013,1.29737,1.29747
2013.03.24 22:14:01.404,1.29737,1.29747
2013.03.24 22:14:01.644,1.29734,1.29744
2013.03.24 22:14:04.690,1.29735,1.29746
2013.03.24 22:14:05.203,1.29735,1.29746
2013.03.24 22:14:05.814,1.29735,1.29745
2013.03.24 22:14:06.514,1.29733,1.29744
2013.03.24 22:14:07.409,1.29733,1.29745
2013.03.24 22:14:08.083,1.29733,1.29745
2013.03.24 22:14:08.684,1.29736,1.29747
2013.03.24 22:14:08.863,1.29736,1.29746
2013.03.24 22:14:08.984,1.29736,1.29747
2013.03.24 22:14:12.093,1.29736,1.29747
2013.03.24 22:14:12.644,1.29736,1.29747
2013.03.24 22:14:13.168,1.29736,1.29747
2013.03.24 22:14:19.115,1.29733,1.29743
2013.03.24 22:14:19.244,1.29733,1.29743
2013.03.24 22:14:19.843,1.29733,1.29743
2013.03.24 22:14:21.303,1.29733,1.29743
2013.03.24 22:14:21.423,1.29733,1.29743
2013.03.24 22:14:22.030,1.29733,1.29743
2013.03.24 22:14:22.753,1.29733,1.29743
2013.03.24 22:14:25.282,1.29733,1.29743
2013.03.24 22:14:25.404,1.29733,1.29744
2013.03.24 22:14:25.993,1.29733,1.29738
2013.03.24 22:14:26.294,1.2973,1.29741
2013.03.24 22:14:26.968,1.2973,1.2974
2013.03.24 22:14:29.045,1.29729,1.29737
2013.03.24 22:14:29.474,1.2973,1.29739
2013.03.24 22:14:31.905,1.29729,1.29737
2013.03.24 22:14:32.563,1.29728,1.29737
2013.03.24 22:14:33.062,1.2973,1.29737
2013.03.24 22:14:34.816,1.2973,1.29737
2013.03.24 22:14:34.884,1.2973,1.29737
2013.03.24 22:14:36.522,1.2973,1.29737
2013.03.24 22:14:36.584,1.2973,1.29737
2013.03.24 22:14:38.451,1.2973,1.29737
2013.03.24 22:14:38.964,1.29727,1.29737
2013.03.24 22:14:40.963,1.29732,1.2974
2013.03.24 22:14:41.504,1.29732,1.29743
2013.03.24 22:14:42.025,1.29733,1.29743
2013.03.24 22:14:44.465,1.29732,1.29737
2013.03.24 22:14:44.833,1.2973,1.29735
2013.03.24 22:14:44.954,1.29728,1.29735
2013.03.24 22:14:45.074,1.29726,1.29735
2013.03.24 22:14:45.623,1.29726,1.29735
2013.03.24 22:14:46.014,1.29725,1.29735
2013.03.24 22:14:52.428,1.29726,1.29735
2013.03.24 22:14:54.683,1.29726,1.29734
2013.03.24 22:14:55.044,1.29729,1.29743
2013.03.24 22:14:55.464,1.2973,1.29743
2013.03.24 22:14:59.453,1.29734,1.29743
2013.03.24 22:15:00.474,1.29734,1.29744
2013.03.24 22:15:00.534,1.29734,1.29744
2013.03.24 22:15:01.242,1.29734,1.29744
2013.03.24 22:15:01.903,1.29734,1.29744
2013.03.24 22:15:04.884,1.29734,1.29744
2013.03.24 22:15:05.824,1.29733,1.29746
2013.03.24 22:15:06.394,1.29733,1.29747
2013.03.24 22:15:06.703,1.29733,1.29746
2013.03.24 22:15:07.254,1.29733,1.29747
2013.03.24 22:15:07.780,1.29733,1.29747
2013.03.24 22:15:15.204,1.29734,1.29747
2013.03.24 22:15:15.811,1.29733,1.29747
2013.03.24 22:15:27.805,1.29734,1.29746
2013.03.24 22:15:30.327,1.29734,1.29746
2013.03.24 22:15:31.048,1.29734,1.29745
2013.03.24 22:15:32.604,1.29735,1.29745
2013.03.24 22:15:35.434,1.29734,1.29744
2013.03.24 22:15:37.294,1.29732,1.29743
2013.03.24 22:15:37.994,1.29732,1.29744
2013.03.24 22:15:38.604,1.29732,1.29745
2013.03.24 22:15:47.847,1.29732,1.29745
2013.03.24 22:15:50.315,1.29732,1.29745
2013.03.24 22:15:52.885,1.29733,1.29745
2013.03.24 22:15:55.044,1.29733,1.29738
2013.03.24 22:15:55.346,1.29733,1.29737
2013.03.24 22:15:55.784,1.29732,1.29739
2013.03.24 22:15:55.844,1.29732,1.29739
2013.03.24 22:15:56.154,1.29728,1.29739
2013.03.24 22:15:56.694,1.2973,1.29739
2013.03.24 22:15:57.054,1.29733,1.29741
2013.03.24 22:15:57.684,1.29737,1.29743
2013.03.24 22:15:57.864,1.29737,1.29744
2013.03.24 22:15:58.415,1.29737,1.29746
2013.03.24 22:15:58.595,1.29736,1.29746
2013.03.24 22:15:59.275,1.29736,1.29744
2013.03.24 22:15:59.905,1.29735,1.29745
2013.03.24 22:16:00.204,1.29733,1.29746
2013.03.24 22:16:01.045,1.29737,1.29746
2013.03.24 22:16:01.178,1.29737,1.2975
2013.03.24 22:16:01.247,1.29737,1.2975
2013.03.24 22:16:01.496,1.29737,1.2975
2013.03.24 22:16:02.553,1.29737,1.2975
2013.03.24 22:16:02.735,1.29739,1.29748
2013.03.24 22:16:03.094,1.29736,1.29749
2013.03.24 22:16:03.967,1.29735,1.29747
2013.03.24 22:16:04.974,1.29735,1.29747
2013.03.24 22:16:05.524,1.29735,1.29745
2013.03.24 22:16:05.704,1.29735,1.29747
2013.03.24 22:16:05.824,1.29735,1.29746
2013.03.24 22:16:06.786,1.29735,1.29748
2013.03.24 22:16:09.894,1.29735,1.29749
2013.03.24 22:16:10.417,1.29735,1.29748
2013.03.24 22:16:13.323,1.29735,1.29748
2013.03.24 22:16:14.069,1.29735,1.29748
2013.03.24 22:16:15.163,1.29736,1.29746
2013.03.24 22:16:15.740,1.29736,1.29746
2013.03.24 22:16:18.314,1.29735,1.29748
2013.03.24 22:16:19.035,1.29735,1.29748
2013.03.24 22:16:19.616,1.29735,1.29748
2013.03.24 22:16:19.751,1.29735,1.29748
2013.03.24 22:16:19.873,1.29735,1.29748
2013.03.24 22:16:20.174,1.2974,1.29748
2013.03.24 22:16:20.295,1.29739,1.29751
2013.03.24 22:16:23.234,1.2974,1.29751
2013.03.24 22:16:23.294,1.2974,1.2975
2013.03.24 22:16:23.654,1.2974,1.29748
2013.03.24 22:16:23.835,1.2974,1.29748
2013.03.24 22:16:25.804,1.2974,1.2975
2013.03.24 22:16:26.535,1.2974,1.2975
2013.03.24 22:16:27.044,1.2974,1.2975
2013.03.24 22:16:27.744,1.2974,1.2975
2013.03.24 22:16:28.290,1.2974,1.2975
2013.03.24 22:16:30.003,1.2974,1.2975
2013.03.24 22:16:30.920,1.2974,1.2975
2013.03.24 22:16:31.224,1.2974,1.29745
2013.03.24 22:16:33.595,1.29736,1.29745
2013.03.24 22:16:33.714,1.29734,1.29744
2013.03.24 22:16:38.555,1.29734,1.29746
2013.03.24 22:16:38.675,1.29734,1.29748
2013.03.24 22:16:39.205,1.29733,1.29747
2013.03.24 22:16:39.564,1.29733,1.29745
2013.03.24 22:16:40.553,1.29732,1.29746
2013.03.24 22:16:42.614,1.29734,1.29746
2013.03.24 22:16:44.215,1.29736,1.29746
2013.03.24 22:16:44.926,1.29735,1.29738
2013.03.24 22:16:44.995,1.29732,1.29736
2013.03.24 22:16:45.354,1.29731,1.29738
2013.03.24 22:16:46.804,1.2973,1.29735
2013.03.24 22:16:46.986,1.29731,1.29741
2013.03.24 22:16:47.056,1.29731,1.29741
2013.03.24 22:16:47.294,1.29732,1.29745
2013.03.24 22:16:47.535,1.29731,1.29745
2013.03.24 22:16:48.287,1.29732,1.29745
2013.03.24 22:16:48.985,1.29731,1.29744
2013.03.24 22:16:50.055,1.29732,1.29745
2013.03.24 22:16:50.594,1.29732,1.29745
2013.03.24 22:16:51.154,1.29732,1.29745
2013.03.24 22:16:51.706,1.29732,1.29745
2013.03.24 22:16:56.954,1.29732,1.29743
2013.03.24 22:16:58.076,1.29732,1.29742
2013.03.24 22:16:59.315,1.29732,1.29742
2013.03.24 22:17:01.703,1.29732,1.29742
2013.03.24 22:17:03.114,1.29732,1.29742
2013.03.24 22:17:06.765,1.29732,1.29743
2013.03.24 22:17:11.387,1.29739,1.29744
2013.03.24 22:17:11.574,1.29732,1.29743
2013.03.24 22:17:12.134,1.29732,1.29742
2013.03.24 22:17:15.894,1.29732,1.29743
2013.03.24 22:17:16.461,1.29732,1.29742
2013.03.24 22:17:17.937,1.29732,1.29744
2013.03.24 22:17:18.065,1.29732,1.29745
2013.03.24 22:17:20.394,1.29733,1.29745
2013.03.24 22:17:23.886,1.29734,1.29746
2013.03.24 22:17:23.955,1.29734,1.29746
2013.03.24 22:17:24.314,1.29737,1.29749
2013.03.24 22:17:24.686,1.29737,1.29749
2013.03.24 22:17:27.005,1.29739,1.2975
2013.03.24 22:17:27.557,1.2974,1.29752
2013.03.24 22:17:28.105,1.29737,1.2975
2013.03.24 22:17:28.175,1.29735,1.29748
2013.03.24 22:17:28.715,1.29734,1.29746
2013.03.24 22:17:29.253,1.29733,1.29746
2013.03.24 22:17:30.155,1.29733,1.29746
2013.03.24 22:17:32.054,1.29737,1.29748
2013.03.24 22:17:32.114,1.29737,1.29749
2013.03.24 22:17:32.174,1.29737,1.29749
2013.03.24 22:17:33.097,1.29739,1.29749
2013.03.24 22:17:33.345,1.29734,1.29744
2013.03.24 22:17:33.894,1.29734,1.29742
2013.03.24 22:17:34.254,1.29733,1.29742
2013.03.24 22:17:39.206,1.29735,1.29745
2013.03.24 22:17:39.764,1.29734,1.29744
2013.03.24 22:17:40.826,1.29733,1.29745
2013.03.24 22:17:41.765,1.29733,1.29744
2013.03.24 22:17:42.545,1.29733,1.29744
2013.03.24 22:17:43.056,1.29733,1.29744
2013.03.24 22:17:53.884,1.2974,1.29745
2013.03.24 22:17:53.944,1.29736,1.29745
