Time,Bid,Ask
2013.03.31 21:00:02.613,1.28029,1.28079
2013.03.31 21:00:07.439,1.28031,1.28081
2013.03.31 21:00:07.793,1.28029,1.28079
2013.03.31 21:00:08.226,1.28031,1.28081
2013.03.31 21:00:10.836,1.28029,1.28083
2013.03.31 21:00:11.166,1.28033,1.28083
2013.03.31 21:00:11.496,1.28031,1.28085
2013.03.31 21:00:12.298,1.28033,1.28087
2013.03.31 21:00:32.346,1.28034,1.28084
2013.03.31 21:00:37.146,1.28051,1.28069
2013.03.31 21:01:15.338,1.28055,1.28067
2013.03.31 21:01:15.726,1.28055,1.28068
2013.03.31 21:01:18.666,1.28054,1.28071
2013.03.31 21:01:23.566,1.2806,1.28067
2013.03.31 21:01:36.747,1.28058,1.2807
2013.03.31 21:01:36.866,1.28058,1.28072
2013.03.31 21:01:36.986,1.28059,1.28073
2013.03.31 21:01:37.226,1.28058,1.28075
2013.03.31 21:01:37.728,1.28059,1.28076
2013.03.31 21:01:42.558,1.28062,1.28074
2013.03.31 21:02:15.637,1.28065,1.28073
2013.03.31 21:02:16.780,1.28061,1.28078
2013.03.31 21:02:42.867,1.28067,1.28074
2013.03.31 21:02:45.847,1.28065,1.28077
2013.03.31 21:02:48.918,1.28068,1.28076
2013.03.31 21:02:50.870,1.28069,1.28077
2013.03.31 21:03:10.338,1.2807,1.28078
2013.03.31 21:04:05.707,1.28068,1.28082
2013.03.31 21:04:23.449,1.2807,1.28082
2013.03.31 21:04:27.948,1.28071,1.28083
2013.03.31 21:04:31.367,1.28071,1.28085
2013.03.31 21:04:31.628,1.28075,1.28082
2013.03.31 21:04:52.277,1.28068,1.2809
2013.03.31 21:04:52.397,1.28064,1.28096
2013.03.31 21:04:52.458,1.28067,1.28095
2013.03.31 21:04:53.248,1.28077,1.28087
2013.03.31 21:05:21.407,1.28061,1.28105
2013.03.31 21:05:21.467,1.28062,1.28106
2013.03.31 21:05:21.857,1.28071,1.28099
2013.03.31 21:05:21.977,1.28071,1.28103
2013.03.31 21:05:22.037,1.2808,1.28095
2013.03.31 21:05:30.597,1.28079,1.28098
2013.03.31 21:05:30.657,1.28076,1.28102
2013.03.31 21:05:30.777,1.28071,1.28108
2013.03.31 21:05:31.708,1.28082,1.28098
2013.03.31 21:05:32.521,1.28083,1.28098
2013.03.31 21:05:35.419,1.28084,1.28098
2013.03.31 21:05:47.977,1.28083,1.281
2013.03.31 21:05:48.037,1.28082,1.28105
2013.03.31 21:05:48.097,1.28082,1.28103
2013.03.31 21:05:57.687,1.28084,1.281
2013.03.31 21:06:26.067,1.28086,1.281
2013.03.31 21:06:34.867,1.28088,1.28104
2013.03.31 21:06:44.550,1.28089,1.28104
2013.03.31 21:07:50.287,1.28077,1.28115
2013.03.31 21:07:50.644,1.28076,1.28114
2013.03.31 21:08:10.327,1.28074,1.28112
2013.03.31 21:08:28.957,1.28078,1.28106
2013.03.31 21:08:46.407,1.28077,1.28105
2013.03.31 21:09:06.357,1.28078,1.28106
2013.03.31 21:09:08.181,1.28076,1.28104
2013.03.31 21:09:08.507,1.28078,1.28106
2013.03.31 21:09:29.257,1.28077,1.28105
2013.03.31 21:09:41.149,1.28079,1.28107
2013.03.31 21:09:48.438,1.28077,1.28105
2013.03.31 21:09:48.808,1.28075,1.281
2013.03.31 21:09:49.139,1.28076,1.28096
2013.03.31 21:09:53.827,1.28078,1.28098
2013.03.31 21:10:04.047,1.28078,1.28098
2013.03.31 21:11:04.038,1.28073,1.28101
2013.03.31 21:11:04.287,1.28075,1.28103
2013.03.31 21:11:10.459,1.28079,1.28099
2013.03.31 21:11:16.949,1.28079,1.28099
2013.03.31 21:11:18.727,1.28085,1.28094
2013.03.31 21:11:21.348,1.28085,1.28095
2013.03.31 21:12:15.091,1.28077,1.28097
2013.03.31 21:12:29.458,1.28079,1.28099
2013.03.31 21:13:10.139,1.28085,1.28095
2013.03.31 21:13:16.498,1.28085,1.28094
2013.03.31 21:13:16.999,1.28084,1.28094
2013.03.31 21:13:17.438,1.28083,1.28096
2013.03.31 21:13:18.879,1.28084,1.28098
2013.03.31 21:13:19.289,1.2808,1.28101
2013.03.31 21:13:19.769,1.2808,1.28102
2013.03.31 21:13:58.771,1.2808,1.28102
2013.03.31 21:14:38.798,1.28081,1.28102
2013.03.31 21:14:40.014,1.28086,1.28102
2013.03.31 21:15:30.639,1.28086,1.28106
2013.03.31 21:16:00.249,1.28093,1.281
2013.03.31 21:16:05.269,1.28094,1.28101
2013.03.31 21:16:43.218,1.28092,1.28105
2013.03.31 21:16:55.378,1.28096,1.28108
2013.03.31 21:17:45.158,1.28098,1.28105
2013.03.31 21:18:02.038,1.28096,1.28103
2013.03.31 21:19:08.181,1.28085,1.28111
2013.03.31 21:19:27.244,1.28085,1.28112
2013.03.31 21:19:28.200,1.28086,1.28112
2013.03.31 21:20:22.649,1.28087,1.28108
2013.03.31 21:20:32.269,1.28087,1.28107
2013.03.31 21:21:11.048,1.28093,1.28103
2013.03.31 21:21:11.169,1.28087,1.28111
2013.03.31 21:21:11.409,1.28088,1.28112
2013.03.31 21:21:11.469,1.28089,1.28113
2013.03.31 21:21:11.899,1.28088,1.28116
2013.03.31 21:21:12.849,1.28087,1.28118
2013.03.31 21:21:21.539,1.28089,1.28117
2013.03.31 21:21:21.886,1.2809,1.28118
2013.03.31 21:21:22.238,1.28088,1.28121
2013.03.31 21:21:22.894,1.28089,1.28122
2013.03.31 21:21:31.809,1.28092,1.2812
2013.03.31 21:21:32.418,1.28093,1.28121
2013.03.31 21:21:33.069,1.28091,1.28124
2013.03.31 21:21:36.178,1.28104,1.28113
2013.03.31 21:21:36.300,1.28099,1.2812
2013.03.31 21:21:38.659,1.28101,1.2812
2013.03.31 21:21:48.675,1.28101,1.28122
2013.03.31 21:22:48.818,1.28098,1.28126
2013.03.31 21:23:20.496,1.28082,1.28144
2013.03.31 21:24:00.039,1.2811,1.28117
2013.03.31 21:24:34.090,1.28111,1.28118
2013.03.31 21:24:50.590,1.28114,1.28121
2013.03.31 21:25:55.821,1.28113,1.28121
2013.03.31 21:26:15.759,1.28112,1.2812
2013.03.31 21:26:49.409,1.28111,1.28119
2013.03.31 21:26:49.919,1.2811,1.28118
2013.03.31 21:26:50.072,1.28108,1.28118
2013.03.31 21:26:51.159,1.28108,1.28117
2013.03.31 21:26:52.081,1.28107,1.28116
2013.03.31 21:26:53.829,1.28106,1.28115
2013.03.31 21:26:56.319,1.28105,1.28114
2013.03.31 21:27:04.130,1.28104,1.28114
2013.03.31 21:27:05.450,1.28104,1.28113
2013.03.31 21:27:09.849,1.28103,1.28112
2013.03.31 21:27:23.811,1.28097,1.28117
2013.03.31 21:27:26.239,1.28101,1.28111
2013.03.31 21:27:28.769,1.28095,1.28115
2013.03.31 21:28:28.867,1.2809,1.28118
2013.03.31 21:29:25.388,1.28086,1.2812
2013.03.31 21:29:30.640,1.28089,1.28116
2013.03.31 21:29:31.093,1.2809,1.28114
2013.03.31 21:30:30.787,1.28087,1.28115
2013.03.31 21:30:42.051,1.2809,1.2811
2013.03.31 21:31:42.237,1.28079,1.28118
2013.03.31 21:31:55.340,1.28084,1.28112
2013.03.31 21:32:16.274,1.28081,1.28109
2013.03.31 21:32:52.001,1.2809,1.28099
2013.03.31 21:33:22.020,1.28089,1.28099
2013.03.31 21:33:29.361,1.28083,1.28103
2013.03.31 21:33:29.631,1.28087,1.28103
2013.03.31 21:33:29.691,1.28084,1.28108
2013.03.31 21:33:29.890,1.28079,1.28115
2013.03.31 21:33:30.070,1.2808,1.28116
2013.03.31 21:33:31.230,1.28082,1.28116
2013.03.31 21:33:34.680,1.28081,1.28118
2013.03.31 21:33:39.990,1.28081,1.28119
2013.03.31 21:34:06.701,1.2809,1.28112
2013.03.31 21:34:07.060,1.28092,1.28112
2013.03.31 21:34:46.671,1.28093,1.28113
2013.03.31 21:35:11.689,1.281,1.28112
2013.03.31 21:36:12.321,1.2809,1.28118
2013.03.31 21:36:39.670,1.28094,1.28114
2013.03.31 21:37:02.790,1.28099,1.28111
2013.03.31 21:37:16.280,1.28098,1.2811
2013.03.31 21:38:16.418,1.28092,1.2812
2013.03.31 21:38:44.127,1.28083,1.28131
2013.03.31 21:38:45.420,1.28093,1.28121
2013.03.31 21:39:09.880,1.28091,1.28119
2013.03.31 21:39:13.320,1.28095,1.28115
2013.03.31 21:39:38.950,1.28093,1.28117
2013.03.31 21:39:39.071,1.28095,1.28119
2013.03.31 21:39:39.131,1.28097,1.28121
2013.03.31 21:39:39.310,1.28095,1.28119
2013.03.31 21:39:56.911,1.28096,1.28116
2013.03.31 21:40:30.740,1.28093,1.28113
2013.03.31 21:40:58.341,1.28094,1.28114
2013.03.31 21:41:58.499,1.28088,1.28116
2013.03.31 21:41:58.681,1.28091,1.28119
2013.03.31 21:42:58.698,1.28078,1.28128
2013.03.31 21:43:20.290,1.28092,1.2812
2013.03.31 21:44:02.318,1.28091,1.28119
2013.03.31 21:45:02.447,1.28079,1.2813
2013.03.31 21:45:25.320,1.2809,1.28118
2013.03.31 21:45:29.611,1.28091,1.28115
2013.03.31 21:45:29.732,1.28087,1.28115
2013.03.31 21:45:30.476,1.28089,1.28114
2013.03.31 21:45:47.791,1.28088,1.28116
2013.03.31 21:45:48.152,1.28089,1.28117
2013.03.31 21:46:01.041,1.2809,1.28118
2013.03.31 21:46:12.121,1.28091,1.28119
2013.03.31 21:46:14.832,1.28099,1.28111
2013.03.31 21:46:15.091,1.28098,1.28118
2013.03.31 21:46:17.361,1.28094,1.28122
2013.03.31 21:46:17.481,1.28097,1.28125
2013.03.31 21:47:09.652,1.28104,1.28116
2013.03.31 21:47:09.772,1.28105,1.28114
2013.03.31 21:48:14.258,1.28095,1.28123
2013.03.31 21:48:40.791,1.28094,1.28122
2013.03.31 21:49:22.142,1.28093,1.28117
2013.03.31 21:49:22.261,1.28094,1.28118
2013.03.31 21:49:22.511,1.28095,1.28119
2013.03.31 21:49:41.781,1.28096,1.2812
2013.03.31 21:50:05.572,1.28097,1.28121
2013.03.31 21:50:05.932,1.28096,1.28124
2013.03.31 21:50:55.308,1.28099,1.28127
2013.03.31 21:50:55.852,1.28096,1.28124
2013.03.31 21:51:06.762,1.281,1.28124
2013.03.31 21:51:55.831,1.28097,1.28129
2013.03.31 21:51:55.894,1.28102,1.28126
2013.03.31 21:52:02.252,1.281,1.28124
2013.03.31 21:52:24.022,1.281,1.28124
2013.03.31 21:52:30.124,1.281,1.28124
2013.03.31 21:52:42.362,1.28101,1.28125
2013.03.31 21:53:23.382,1.281,1.28124
2013.03.31 21:53:30.198,1.28096,1.28124
2013.03.31 21:54:23.468,1.28083,1.28134
2013.03.31 21:54:33.091,1.28094,1.28122
2013.03.31 21:54:53.312,1.28095,1.28123
2013.03.31 21:55:01.862,1.28099,1.28123
2013.03.31 21:55:41.932,1.28099,1.28123
2013.03.31 21:55:46.602,1.28097,1.28121
2013.03.31 21:56:28.342,1.28096,1.2812
2013.03.31 21:56:34.822,1.28101,1.28117
2013.03.31 21:56:35.003,1.28103,1.28116
2013.03.31 21:56:35.062,1.281,1.2812
2013.03.31 21:56:35.853,1.28098,1.28124
2013.03.31 21:56:40.552,1.28104,1.2812
2013.03.31 21:56:40.612,1.28101,1.28125
2013.03.31 21:56:40.672,1.28099,1.28128
2013.03.31 21:56:40.792,1.281,1.28133
2013.03.31 21:56:40.912,1.28099,1.28132
2013.03.31 21:56:41.239,1.28098,1.28131
2013.03.31 21:56:43.612,1.28101,1.28126
2013.03.31 21:56:43.792,1.28098,1.28131
2013.03.31 21:56:43.972,1.28101,1.28129
2013.03.31 21:56:44.333,1.28105,1.28124
2013.03.31 21:56:44.392,1.281,1.28128
2013.03.31 21:56:44.512,1.28098,1.28128
2013.03.31 21:56:44.812,1.28094,1.28131
2013.03.31 21:56:45.402,1.28095,1.28128
2013.03.31 21:56:46.672,1.28094,1.28127
2013.03.31 21:56:47.362,1.28093,1.28126
2013.03.31 21:56:47.722,1.28092,1.28125
2013.03.31 21:56:48.402,1.28091,1.28124
2013.03.31 21:56:50.002,1.28093,1.28121
2013.03.31 21:56:50.672,1.28092,1.2812
2013.03.31 21:56:51.651,1.28091,1.28119
2013.03.31 21:56:52.182,1.2809,1.28118
2013.03.31 21:56:53.442,1.28091,1.28115
2013.03.31 21:56:53.622,1.28088,1.28117
2013.03.31 21:56:53.682,1.28086,1.28118
2013.03.31 21:56:53.802,1.28084,1.28118
2013.03.31 21:56:55.212,1.28089,1.28113
2013.03.31 21:56:55.332,1.28087,1.28117
2013.03.31 21:56:56.593,1.28097,1.28107
2013.03.31 21:56:57.293,1.28094,1.28111
2013.03.31 21:56:57.362,1.28093,1.28113
2013.03.31 21:56:57.992,1.28094,1.28114
2013.03.31 21:57:00.182,1.28095,1.28115
2013.03.31 21:57:19.082,1.28096,1.28116
2013.03.31 21:57:31.342,1.28096,1.28117
2013.03.31 21:57:34.563,1.28102,1.28112
2013.03.31 21:57:36.862,1.28098,1.28118
2013.03.31 21:57:37.783,1.28101,1.28117
2013.03.31 21:57:39.540,1.28102,1.28118
2013.03.31 21:57:42.933,1.281,1.28121
2013.03.31 21:57:51.583,1.28107,1.28115
2013.03.31 21:57:59.542,1.28108,1.28116
2013.03.31 21:58:00.212,1.28109,1.28117
2013.03.31 21:58:03.933,1.2811,1.28118
2013.03.31 21:58:10.643,1.28111,1.28119
2013.03.31 21:58:24.502,1.28112,1.2812
2013.03.31 21:58:24.623,1.28113,1.28121
2013.03.31 21:58:28.663,1.28114,1.28125
2013.03.31 21:58:28.723,1.28114,1.28127
2013.03.31 21:58:29.873,1.28117,1.28125
2013.03.31 21:58:30.144,1.28119,1.28127
2013.03.31 21:58:50.242,1.28117,1.28125
2013.03.31 21:59:01.653,1.28114,1.28126
2013.03.31 21:59:03.392,1.28113,1.28125
2013.03.31 21:59:19.722,1.28112,1.28124
2013.03.31 21:59:25.314,1.28114,1.28124
2013.03.31 21:59:37.323,1.28113,1.28121
2013.03.31 21:59:37.393,1.28113,1.2812
2013.03.31 21:59:38.013,1.28111,1.28123
2013.03.31 21:59:38.273,1.28115,1.28123
2013.03.31 21:59:38.814,1.28116,1.28124
2013.03.31 21:59:39.362,1.28117,1.28125
2013.03.31 21:59:40.463,1.28114,1.28126
2013.03.31 21:59:41.003,1.28114,1.28122
2013.03.31 21:59:41.763,1.28109,1.28121
2013.03.31 21:59:41.883,1.28112,1.2812
2013.03.31 21:59:42.262,1.28116,1.28119
2013.03.31 21:59:42.444,1.28113,1.28121
2013.03.31 21:59:42.632,1.28113,1.2812
2013.03.31 21:59:43.003,1.28114,1.28122
2013.03.31 21:59:44.762,1.28112,1.28124
2013.03.31 21:59:44.823,1.28117,1.28125
2013.03.31 21:59:45.292,1.28109,1.28129
2013.03.31 21:59:45.353,1.28114,1.28122
2013.03.31 21:59:45.413,1.2811,1.28125
2013.03.31 21:59:45.473,1.28112,1.28121
2013.03.31 21:59:45.593,1.28108,1.28124
2013.03.31 21:59:45.772,1.28105,1.28125
2013.03.31 21:59:45.833,1.28113,1.28116
2013.03.31 21:59:46.134,1.2811,1.28118
2013.03.31 21:59:46.472,1.28107,1.28119
2013.03.31 21:59:48.133,1.28112,1.28118
2013.03.31 21:59:48.372,1.28111,1.28118
2013.03.31 21:59:48.618,1.28108,1.28119
2013.03.31 21:59:49.003,1.28107,1.28115
2013.03.31 21:59:49.122,1.28108,1.28116
2013.03.31 21:59:50.304,1.28109,1.28117
2013.03.31 21:59:51.834,1.28107,1.28119
2013.03.31 21:59:51.893,1.28107,1.28117
2013.03.31 21:59:52.074,1.28099,1.28121
2013.03.31 21:59:52.253,1.28099,1.28123
2013.03.31 21:59:56.014,1.28107,1.28114
2013.03.31 21:59:56.373,1.28107,1.28119
2013.03.31 22:00:00.203,1.28098,1.28133
2013.03.31 22:00:00.622,1.28103,1.28133
2013.03.31 22:00:01.016,1.28103,1.28132
2013.03.31 22:00:01.673,1.28103,1.2813
2013.03.31 22:00:01.913,1.28099,1.28128
2013.03.31 22:00:01.973,1.28107,1.28119
2013.03.31 22:00:02.333,1.28109,1.28117
2013.03.31 22:00:02.513,1.28102,1.28126
2013.03.31 22:00:02.652,1.28105,1.28124
2013.03.31 22:00:03.993,1.28105,1.28126
2013.03.31 22:00:04.112,1.28104,1.28128
2013.03.31 22:00:04.593,1.28107,1.28127
2013.03.31 22:00:06.875,1.28107,1.28129
2013.03.31 22:00:07.413,1.28108,1.28129
2013.03.31 22:00:08.013,1.28108,1.28131
2013.03.31 22:00:08.202,1.28113,1.28132
2013.03.31 22:00:09.733,1.28112,1.28132
2013.03.31 22:00:10.042,1.28116,1.28132
2013.03.31 22:00:10.102,1.28116,1.28135
2013.03.31 22:00:10.162,1.28116,1.28137
2013.03.31 22:00:10.753,1.28115,1.28137
2013.03.31 22:00:10.872,1.28115,1.28135
2013.03.31 22:00:11.293,1.28115,1.28133
2013.03.31 22:00:12.376,1.28115,1.28136
2013.03.31 22:00:12.932,1.28115,1.28135
2013.03.31 22:00:13.082,1.28115,1.28137
2013.03.31 22:00:14.812,1.28115,1.28135
2013.03.31 22:00:15.079,1.28115,1.28137
2013.03.31 22:00:15.382,1.28115,1.28133
2013.03.31 22:00:15.442,1.28115,1.28137
2013.03.31 22:00:18.442,1.28115,1.28139
2013.03.31 22:00:18.773,1.28115,1.28137
2013.03.31 22:00:20.862,1.28115,1.28139
2013.03.31 22:00:22.842,1.28112,1.28139
2013.03.31 22:00:23.610,1.28111,1.28139
2013.03.31 22:00:23.912,1.2811,1.28137
2013.03.31 22:00:24.631,1.28109,1.28137
2013.03.31 22:00:25.642,1.28109,1.28135
2013.03.31 22:00:26.002,1.28109,1.28128
2013.03.31 22:00:26.122,1.28109,1.2813
2013.03.31 22:00:26.903,1.28112,1.2813
2013.03.31 22:00:27.286,1.28112,1.28127
2013.03.31 22:00:30.343,1.28112,1.2813
2013.03.31 22:00:31.492,1.28116,1.28126
2013.03.31 22:00:46.525,1.28112,1.28132
2013.03.31 22:00:47.405,1.28112,1.28129
2013.03.31 22:00:48.195,1.28116,1.28129
2013.03.31 22:00:50.684,1.28116,1.28131
2013.03.31 22:00:51.223,1.28117,1.28132
2013.03.31 22:00:51.954,1.28116,1.28132
2013.03.31 22:00:52.014,1.28116,1.28129
2013.03.31 22:00:52.644,1.28116,1.28132
2013.03.31 22:00:54.294,1.28115,1.2813
2013.03.31 22:00:54.636,1.28119,1.2813
2013.03.31 22:00:54.995,1.28116,1.28133
2013.03.31 22:00:57.265,1.28118,1.28129
2013.03.31 22:01:09.195,1.28119,1.28127
2013.03.31 22:01:09.256,1.28117,1.28127
2013.03.31 22:01:09.316,1.28115,1.28127
2013.03.31 22:01:09.555,1.28114,1.28126
2013.03.31 22:01:09.935,1.28114,1.28125
2013.03.31 22:01:10.784,1.28111,1.28126
2013.03.31 22:01:10.964,1.28113,1.28122
2013.03.31 22:01:15.044,1.28113,1.28123
2013.03.31 22:01:15.365,1.28113,1.28119
2013.03.31 22:01:15.664,1.28114,1.28121
2013.03.31 22:01:15.724,1.28114,1.28123
2013.03.31 22:01:16.256,1.28113,1.28123
2013.03.31 22:01:16.814,1.28114,1.28123
2013.03.31 22:01:19.394,1.28113,1.28123
2013.03.31 22:01:21.204,1.28112,1.2812
2013.03.31 22:01:28.116,1.28111,1.28119
2013.03.31 22:01:31.476,1.2811,1.28122
2013.03.31 22:01:32.199,1.28111,1.28123
2013.03.31 22:01:32.745,1.28114,1.28122
2013.03.31 22:01:34.454,1.28115,1.28122
2013.03.31 22:01:34.875,1.28117,1.28123
2013.03.31 22:01:37.194,1.28117,1.28126
2013.03.31 22:01:37.797,1.28117,1.28127
2013.03.31 22:01:53.555,1.28117,1.28128
2013.03.31 22:01:53.674,1.2812,1.28128
2013.03.31 22:01:54.674,1.28117,1.28128
2013.03.31 22:01:54.795,1.28117,1.28123
2013.03.31 22:01:56.965,1.28117,1.28127
2013.03.31 22:01:57.085,1.28117,1.28129
2013.03.31 22:02:04.265,1.28117,1.28128
2013.03.31 22:02:05.276,1.28117,1.28121
2013.03.31 22:02:06.993,1.28117,1.28123
2013.03.31 22:02:09.335,1.28115,1.28123
2013.03.31 22:02:25.063,1.28115,1.2812
2013.03.31 22:02:25.305,1.28115,1.28122
2013.03.31 22:02:26.272,1.28115,1.28123
2013.03.31 22:02:40.201,1.28115,1.28121
2013.03.31 22:02:44.345,1.28115,1.2812
2013.03.31 22:02:46.018,1.28116,1.2812
2013.03.31 22:02:46.457,1.28118,1.28121
2013.03.31 22:02:52.875,1.28119,1.28123
2013.03.31 22:02:53.345,1.28117,1.28123
2013.03.31 22:02:53.735,1.28115,1.28121
2013.03.31 22:02:54.050,1.28117,1.28121
2013.03.31 22:02:54.235,1.28117,1.28121
2013.03.31 22:02:54.355,1.28117,1.28123
2013.03.31 22:02:54.474,1.28117,1.28121
2013.03.31 22:02:54.715,1.28118,1.28124
2013.03.31 22:02:54.895,1.28117,1.2812
2013.03.31 22:02:54.955,1.28117,1.28118
2013.03.31 22:02:55.074,1.28117,1.2812
2013.03.31 22:02:55.255,1.28117,1.28118
2013.03.31 22:02:57.325,1.28117,1.28122
2013.03.31 22:02:57.956,1.28118,1.28119
2013.03.31 22:02:58.075,1.28115,1.28121
2013.03.31 22:02:59.036,1.28117,1.28119
2013.03.31 22:03:00.005,1.28115,1.28117
2013.03.31 22:03:04.065,1.28115,1.28116
2013.03.31 22:03:06.296,1.28114,1.28116
2013.03.31 22:03:07.165,1.28115,1.28116
2013.03.31 22:03:13.228,1.28115,1.28119
2013.03.31 22:03:13.416,1.28115,1.28121
2013.03.31 22:03:14.205,1.28115,1.2812
2013.03.31 22:03:16.136,1.28115,1.28121
2013.03.31 22:03:23.025,1.28117,1.28121
2013.03.31 22:03:24.255,1.28115,1.28121
2013.03.31 22:03:25.586,1.28117,1.28121
2013.03.31 22:03:25.887,1.28119,1.28123
2013.03.31 22:03:26.465,1.28117,1.28123
2013.03.31 22:03:27.244,1.28117,1.28123
2013.03.31 22:03:29.176,1.28117,1.28123
2013.03.31 22:03:29.664,1.28119,1.28123
2013.03.31 22:03:31.986,1.28117,1.28123
2013.03.31 22:03:32.165,1.28116,1.28123
2013.03.31 22:03:32.535,1.28115,1.28122
2013.03.31 22:03:35.347,1.28116,1.2812
2013.03.31 22:03:35.406,1.28116,1.28118
2013.03.31 22:03:35.765,1.28114,1.28119
2013.03.31 22:03:41.165,1.28113,1.28115
2013.03.31 22:03:49.826,1.28113,1.28116
2013.03.31 22:03:50.888,1.2811,1.28114
2013.03.31 22:03:51.244,1.2811,1.28115
2013.03.31 22:03:54.245,1.28111,1.28113
2013.03.31 22:04:13.567,1.2811,1.28118
2013.03.31 22:04:22.926,1.2811,1.28118
2013.03.31 22:04:24.585,1.28106,1.28118
2013.03.31 22:04:25.645,1.28108,1.28118
2013.03.31 22:04:25.947,1.28106,1.28118
2013.03.31 22:04:27.264,1.28108,1.28118
2013.03.31 22:04:28.955,1.28108,1.28117
2013.03.31 22:04:30.266,1.28106,1.28116
2013.03.31 22:04:31.259,1.28106,1.28116
2013.03.31 22:04:31.675,1.28106,1.28116
2013.03.31 22:04:32.015,1.28106,1.28118
2013.03.31 22:04:47.995,1.28104,1.28117
2013.03.31 22:04:48.055,1.28104,1.28117
2013.03.31 22:04:48.605,1.28104,1.28117
2013.03.31 22:04:49.555,1.28104,1.28117
2013.03.31 22:04:54.314,1.28104,1.28117
2013.03.31 22:05:04.608,1.28104,1.28116
2013.03.31 22:05:04.964,1.28106,1.28112
2013.03.31 22:05:24.086,1.28103,1.28108
2013.03.31 22:05:24.408,1.28102,1.28104
2013.03.31 22:05:34.277,1.28099,1.28105
2013.03.31 22:05:34.336,1.28097,1.28105
2013.03.31 22:05:34.455,1.28096,1.28105
2013.03.31 22:05:34.516,1.28099,1.28105
2013.03.31 22:05:34.935,1.28094,1.28106
2013.03.31 22:05:35.735,1.28094,1.28105
2013.03.31 22:05:37.375,1.28094,1.28106
2013.03.31 22:05:37.555,1.28093,1.28106
2013.03.31 22:05:37.796,1.28089,1.28103
2013.03.31 22:05:38.205,1.28089,1.28103
2013.03.31 22:05:45.976,1.28088,1.28103
2013.03.31 22:05:46.105,1.28088,1.28103
2013.03.31 22:05:46.345,1.28086,1.28103
2013.03.31 22:05:46.466,1.28088,1.28103
2013.03.31 22:05:46.827,1.28088,1.28103
2013.03.31 22:05:47.653,1.28088,1.28103
2013.03.31 22:05:47.716,1.28088,1.28103
2013.03.31 22:05:48.135,1.28088,1.28103
2013.03.31 22:05:48.375,1.28088,1.28103
2013.03.31 22:05:48.616,1.28088,1.28103
2013.03.31 22:05:48.917,1.28086,1.28103
2013.03.31 22:05:49.515,1.28086,1.28101
2013.03.31 22:05:49.815,1.28085,1.28101
2013.03.31 22:05:49.875,1.28085,1.28099
2013.03.31 22:05:50.665,1.28085,1.28099
2013.03.31 22:05:51.265,1.28085,1.28099
2013.03.31 22:05:51.385,1.28085,1.28099
2013.03.31 22:05:51.805,1.28085,1.28099
2013.03.31 22:05:52.165,1.28085,1.28099
2013.03.31 22:05:52.285,1.28085,1.28099
2013.03.31 22:05:52.686,1.28085,1.28099
2013.03.31 22:05:52.865,1.28085,1.28099
2013.03.31 22:05:53.045,1.28085,1.28099
2013.03.31 22:05:53.405,1.28085,1.28099
2013.03.31 22:05:53.587,1.28085,1.28099
2013.03.31 22:05:53.765,1.28085,1.28099
2013.03.31 22:05:54.125,1.28085,1.28099
2013.03.31 22:05:54.425,1.28085,1.28099
2013.03.31 22:05:54.665,1.28085,1.28099
2013.03.31 22:06:01.576,1.28085,1.281
2013.03.31 22:06:02.795,1.28086,1.28101
2013.03.31 22:06:03.235,1.28085,1.28099
2013.03.31 22:06:08.125,1.28088,1.28103
2013.03.31 22:06:08.654,1.28088,1.28103
2013.03.31 22:06:09.806,1.28088,1.28103
2013.03.31 22:06:10.045,1.28089,1.28103
2013.03.31 22:06:15.636,1.28089,1.28103
2013.03.31 22:06:15.755,1.28089,1.28103
2013.03.31 22:06:18.615,1.28089,1.28101
2013.03.31 22:06:18.675,1.28089,1.28101
2013.03.31 22:06:18.735,1.28089,1.28097
2013.03.31 22:06:24.475,1.28085,1.281
2013.03.31 22:06:24.716,1.28087,1.28102
2013.03.31 22:06:34.455,1.28087,1.28097
2013.03.31 22:06:36.637,1.28085,1.28094
2013.03.31 22:06:53.657,1.28081,1.28094
2013.03.31 22:07:08.275,1.28079,1.28094
2013.03.31 22:07:11.148,1.28077,1.28094
2013.03.31 22:07:11.457,1.28077,1.28092
2013.03.31 22:07:16.176,1.28079,1.28089
2013.03.31 22:07:16.236,1.28078,1.28088
2013.03.31 22:07:16.295,1.28077,1.28087
2013.03.31 22:07:30.685,1.28079,1.28088
2013.03.31 22:07:30.987,1.28076,1.28087
2013.03.31 22:07:31.048,1.28075,1.28087
2013.03.31 22:07:31.247,1.28075,1.28085
2013.03.31 22:07:31.795,1.28075,1.28085
2013.03.31 22:07:38.090,1.28074,1.28084
2013.03.31 22:07:42.896,1.28072,1.28085
2013.03.31 22:07:43.077,1.28072,1.28085
2013.03.31 22:07:45.666,1.28072,1.28084
2013.03.31 22:07:53.947,1.28074,1.28084
2013.03.31 22:07:55.839,1.28074,1.28084
2013.03.31 22:07:58.906,1.28074,1.28084
2013.03.31 22:08:04.736,1.28076,1.28089
2013.03.31 22:08:04.856,1.28078,1.2809
2013.03.31 22:08:05.036,1.28078,1.28091
2013.03.31 22:08:05.777,1.28078,1.28089
2013.03.31 22:08:12.586,1.28076,1.28086
2013.03.31 22:08:13.101,1.28076,1.28086
2013.03.31 22:08:13.938,1.28076,1.28086
2013.03.31 22:08:15.494,1.28076,1.28087
2013.03.31 22:08:15.795,1.28078,1.28087
2013.03.31 22:08:16.147,1.2808,1.28086
2013.03.31 22:08:19.975,1.28084,1.28089
2013.03.31 22:08:31.445,1.28084,1.28094
2013.03.31 22:08:35.230,1.28082,1.28094
2013.03.31 22:08:40.607,1.28082,1.28094
2013.03.31 22:09:03.726,1.28082,1.28094
2013.03.31 22:09:12.526,1.28082,1.28094
2013.03.31 22:09:15.315,1.28082,1.28094
2013.03.31 22:09:16.796,1.28081,1.2809
2013.03.31 22:09:17.345,1.28079,1.2809
2013.03.31 22:09:18.206,1.28078,1.2809
2013.03.31 22:09:18.747,1.28078,1.2809
2013.03.31 22:09:20.656,1.28078,1.2809
2013.03.31 22:09:21.171,1.28078,1.2809
2013.03.31 22:09:24.256,1.28078,1.2809
2013.03.31 22:09:40.915,1.28077,1.2809
2013.03.31 22:09:43.635,1.28077,1.28092
2013.03.31 22:09:44.304,1.28077,1.28092
2013.03.31 22:09:44.856,1.28077,1.28094
2013.03.31 22:09:49.695,1.28079,1.28091
2013.03.31 22:09:49.754,1.2808,1.28094
2013.03.31 22:09:49.814,1.28081,1.28094
2013.03.31 22:09:52.815,1.28083,1.28094
2013.03.31 22:09:52.995,1.28078,1.28094
2013.03.31 22:10:00.874,1.28079,1.28092
2013.03.31 22:10:01.487,1.28079,1.28092
2013.03.31 22:10:04.166,1.28077,1.2809
2013.03.31 22:10:15.482,1.28077,1.28088
2013.03.31 22:10:16.576,1.28077,1.28088
2013.03.31 22:10:25.055,1.28076,1.28088
2013.03.31 22:10:25.115,1.28079,1.28086
2013.03.31 22:10:25.175,1.28079,1.28087
2013.03.31 22:10:25.476,1.28079,1.28089
2013.03.31 22:10:25.956,1.28079,1.2809
2013.03.31 22:10:26.075,1.2808,1.2809
2013.03.31 22:10:27.826,1.2808,1.28091
2013.03.31 22:10:29.221,1.2808,1.28092
2013.03.31 22:10:30.686,1.28084,1.28095
2013.03.31 22:10:30.805,1.28084,1.28095
2013.03.31 22:10:34.629,1.28083,1.28094
2013.03.31 22:10:34.696,1.28082,1.28094
2013.03.31 22:10:35.087,1.28082,1.28093
2013.03.31 22:10:35.207,1.28082,1.28093
2013.03.31 22:10:35.326,1.28082,1.28093
2013.03.31 22:10:35.445,1.28082,1.28093
2013.03.31 22:10:35.566,1.28082,1.28093
2013.03.31 22:10:35.626,1.28082,1.28093
2013.03.31 22:10:42.027,1.28082,1.28093
2013.03.31 22:10:42.147,1.28082,1.28092
2013.03.31 22:10:42.446,1.28081,1.28091
2013.03.31 22:10:44.767,1.2808,1.2809
2013.03.31 22:10:45.316,1.28078,1.2809
2013.03.31 22:10:45.707,1.28078,1.28089
2013.03.31 22:10:51.056,1.2808,1.28086
2013.03.31 22:11:09.016,1.28081,1.28084
2013.03.31 22:11:09.076,1.28078,1.28086
2013.03.31 22:11:09.136,1.28076,1.28086
2013.03.31 22:11:09.976,1.28077,1.28083
2013.03.31 22:11:10.096,1.28077,1.28082
2013.03.31 22:11:10.397,1.28075,1.28083
2013.03.31 22:11:10.886,1.28075,1.28082
2013.03.31 22:11:11.127,1.28073,1.28082
2013.03.31 22:11:15.776,1.28072,1.28082
2013.03.31 22:11:18.626,1.28071,1.28081
2013.03.31 22:11:22.076,1.2807,1.28081
2013.03.31 22:11:22.136,1.2807,1.28079
2013.03.31 22:11:22.257,1.28069,1.28079
2013.03.31 22:11:22.376,1.28068,1.28078
2013.03.31 22:11:22.496,1.28068,1.28077
2013.03.31 22:11:22.856,1.28069,1.28074
2013.03.31 22:11:23.216,1.28067,1.28074
2013.03.31 22:11:25.598,1.28064,1.28075
2013.03.31 22:11:25.896,1.28064,1.28073
2013.03.31 22:11:26.659,1.28064,1.28071
2013.03.31 22:11:26.848,1.28063,1.28071
2013.03.31 22:11:27.438,1.28063,1.28069
2013.03.31 22:11:29.978,1.28062,1.28068
2013.03.31 22:11:30.496,1.28061,1.28067
2013.03.31 22:11:31.787,1.2806,1.28066
2013.03.31 22:11:31.977,1.28058,1.28066
2013.03.31 22:11:32.037,1.28058,1.28064
2013.03.31 22:11:32.346,1.28056,1.28065
2013.03.31 22:11:33.257,1.28055,1.28064
2013.03.31 22:11:33.557,1.28054,1.28064
2013.03.31 22:11:33.677,1.28052,1.28063
2013.03.31 22:11:37.196,1.28052,1.28064
2013.03.31 22:11:37.257,1.28052,1.28064
2013.03.31 22:11:37.617,1.28051,1.28063
2013.03.31 22:11:37.737,1.2805,1.28062
2013.03.31 22:11:37.797,1.28049,1.28061
2013.03.31 22:11:37.857,1.28049,1.28061
2013.03.31 22:11:37.917,1.2805,1.28061
2013.03.31 22:11:38.037,1.2805,1.28062
2013.03.31 22:11:38.397,1.28046,1.28059
2013.03.31 22:11:38.757,1.28046,1.28057
2013.03.31 22:11:39.267,1.28046,1.28056
2013.03.31 22:11:39.777,1.28044,1.28056
2013.03.31 22:11:39.837,1.28042,1.28056
2013.03.31 22:11:39.958,1.28043,1.28054
2013.03.31 22:11:40.496,1.28042,1.28054
2013.03.31 22:11:40.617,1.28043,1.28052
2013.03.31 22:11:40.916,1.28041,1.28053
2013.03.31 22:11:41.534,1.28041,1.28052
2013.03.31 22:11:42.068,1.2804,1.28052
2013.03.31 22:11:42.624,1.2804,1.2805
2013.03.31 22:11:44.278,1.28039,1.2805
2013.03.31 22:11:54.075,1.28039,1.28049
2013.03.31 22:11:54.646,1.28038,1.28048
2013.03.31 22:11:56.796,1.28036,1.28046
2013.03.31 22:11:56.918,1.28036,1.28047
2013.03.31 22:11:57.448,1.28037,1.28048
2013.03.31 22:11:57.758,1.28037,1.28048
2013.03.31 22:12:03.776,1.28037,1.28047
2013.03.31 22:12:29.347,1.28038,1.28047
2013.03.31 22:12:29.407,1.28038,1.28047
2013.03.31 22:12:29.527,1.2804,1.28047
2013.03.31 22:12:29.587,1.28038,1.28047
2013.03.31 22:12:35.308,1.28039,1.28047
2013.03.31 22:12:35.865,1.2804,1.28049
2013.03.31 22:12:45.207,1.2804,1.28051
2013.03.31 22:13:05.957,1.2804,1.28044
2013.03.31 22:13:06.255,1.28038,1.28044
2013.03.31 22:13:06.861,1.28038,1.28044
2013.03.31 22:13:10.656,1.28038,1.28044
2013.03.31 22:13:11.200,1.28038,1.28044
2013.03.31 22:13:12.219,1.28038,1.28044
2013.03.31 22:13:26.276,1.28037,1.28044
2013.03.31 22:13:32.889,1.28034,1.28045
2013.03.31 22:13:33.872,1.28035,1.28043
2013.03.31 22:13:33.962,1.28034,1.28043
2013.03.31 22:13:34.028,1.28033,1.28042
2013.03.31 22:13:34.206,1.28029,1.28041
2013.03.31 22:13:34.467,1.28031,1.28043
2013.03.31 22:13:35.567,1.28031,1.28043
2013.03.31 22:13:35.686,1.2803,1.28042
2013.03.31 22:13:35.747,1.2803,1.28042
2013.03.31 22:13:36.356,1.2803,1.28042
2013.03.31 22:13:36.476,1.2803,1.28042
2013.03.31 22:13:41.167,1.28031,1.28037
2013.03.31 22:13:41.527,1.28031,1.28035
2013.03.31 22:13:41.646,1.28024,1.28039
2013.03.31 22:13:41.706,1.28025,1.28039
2013.03.31 22:13:41.888,1.28025,1.28043
2013.03.31 22:13:41.947,1.28025,1.28042
2013.03.31 22:13:42.367,1.28026,1.28044
2013.03.31 22:13:42.428,1.2803,1.28044
2013.03.31 22:13:42.847,1.2803,1.28044
2013.03.31 22:13:43.376,1.2803,1.28044
2013.03.31 22:13:43.557,1.2803,1.28044
2013.03.31 22:13:44.146,1.2803,1.28044
2013.03.31 22:13:44.597,1.2803,1.28044
2013.03.31 22:13:44.917,1.28034,1.28044
2013.03.31 22:13:45.287,1.28031,1.28044
2013.03.31 22:13:45.467,1.28034,1.28044
2013.03.31 22:13:45.869,1.28035,1.28044
2013.03.31 22:13:47.972,1.28036,1.28044
2013.03.31 22:13:49.546,1.28037,1.28045
2013.03.31 22:13:52.157,1.28039,1.2805
2013.03.31 22:13:56.506,1.28038,1.28048
2013.03.31 22:14:10.387,1.28038,1.28048
2013.03.31 22:14:11.088,1.28036,1.28045
2013.03.31 22:14:11.146,1.28034,1.28044
2013.03.31 22:14:17.680,1.28032,1.28042
2013.03.31 22:14:18.646,1.28032,1.28043
2013.03.31 22:14:19.217,1.28032,1.28042
2013.03.31 22:14:23.406,1.28032,1.28042
2013.03.31 22:14:23.932,1.28032,1.28036
2013.03.31 22:14:24.476,1.28027,1.28034
2013.03.31 22:14:28.567,1.28027,1.28034
2013.03.31 22:14:28.687,1.28026,1.28034
2013.03.31 22:14:35.197,1.28024,1.28033
2013.03.31 22:14:35.377,1.28021,1.28034
2013.03.31 22:14:38.336,1.28021,1.28029
2013.03.31 22:14:38.517,1.28019,1.28024
2013.03.31 22:14:39.036,1.28016,1.28024
2013.03.31 22:14:39.616,1.28015,1.28024
2013.03.31 22:14:39.927,1.28014,1.28024
2013.03.31 22:14:40.166,1.28015,1.28024
2013.03.31 22:14:40.956,1.28015,1.28024
2013.03.31 22:14:43.261,1.28015,1.28024
2013.03.31 22:14:43.328,1.28018,1.28024
2013.03.31 22:14:44.886,1.28018,1.28024
2013.03.31 22:14:45.922,1.2802,1.28024
2013.03.31 22:14:47.429,1.2802,1.28025
2013.03.31 22:14:48.207,1.2802,1.28025
2013.03.31 22:14:49.956,1.2802,1.28025
2013.03.31 22:14:51.156,1.28018,1.28025
2013.03.31 22:14:52.737,1.2802,1.28026
2013.03.31 22:14:52.796,1.2802,1.28026
2013.03.31 22:14:53.647,1.28019,1.28025
2013.03.31 22:14:55.769,1.28019,1.28026
2013.03.31 22:14:56.066,1.2802,1.2803
2013.03.31 22:14:56.126,1.28021,1.2803
2013.03.31 22:14:56.837,1.28021,1.28032
2013.03.31 22:15:00.416,1.28025,1.28034
2013.03.31 22:15:01.866,1.28025,1.28034
2013.03.31 22:15:02.348,1.28025,1.28034
2013.03.31 22:15:02.649,1.28019,1.28034
2013.03.31 22:15:02.706,1.28021,1.28033
2013.03.31 22:15:02.947,1.28023,1.28033
2013.03.31 22:15:06.496,1.28023,1.28034
2013.03.31 22:15:07.060,1.28025,1.28034
2013.03.31 22:15:07.366,1.28023,1.28034
2013.03.31 22:15:09.877,1.28021,1.28033
2013.03.31 22:15:10.826,1.28021,1.2803
2013.03.31 22:15:11.967,1.28021,1.2803
2013.03.31 22:15:13.007,1.28021,1.28031
2013.03.31 22:15:16.706,1.28021,1.28031
2013.03.31 22:15:18.016,1.28021,1.28031
2013.03.31 22:15:19.756,1.28021,1.28031
2013.03.31 22:15:21.158,1.28023,1.28033
2013.03.31 22:15:24.498,1.28023,1.28033
2013.03.31 22:15:24.812,1.28019,1.2803
2013.03.31 22:15:24.936,1.28021,1.28029
2013.03.31 22:15:24.996,1.28021,1.2803
2013.03.31 22:15:27.776,1.28022,1.28031
2013.03.31 22:15:28.396,1.28024,1.2803
2013.03.31 22:15:30.746,1.28022,1.2803
2013.03.31 22:15:31.386,1.28021,1.2803
2013.03.31 22:15:33.837,1.28021,1.28029
2013.03.31 22:15:34.017,1.2802,1.28028
2013.03.31 22:15:34.197,1.28017,1.28024
2013.03.31 22:15:35.350,1.28015,1.28024
2013.03.31 22:15:35.476,1.28015,1.28024
2013.03.31 22:15:35.787,1.28015,1.28024
2013.03.31 22:15:36.027,1.28014,1.28024
2013.03.31 22:15:36.982,1.28015,1.28024
2013.03.31 22:15:37.169,1.28015,1.28024
2013.03.31 22:15:38.707,1.28014,1.28023
2013.03.31 22:15:39.453,1.28015,1.28024
2013.03.31 22:15:42.178,1.28015,1.28024
2013.03.31 22:15:44.067,1.28015,1.28024
2013.03.31 22:15:44.306,1.28015,1.28024
2013.03.31 22:15:48.896,1.28015,1.28024
2013.03.31 22:15:50.597,1.28015,1.28024
2013.03.31 22:16:21.246,1.28015,1.28024
2013.03.31 22:16:21.557,1.28015,1.28024
2013.03.31 22:16:22.185,1.28015,1.28025
2013.03.31 22:16:26.547,1.28015,1.28025
2013.03.31 22:16:27.868,1.28014,1.28024
2013.03.31 22:16:32.457,1.28016,1.28024
2013.03.31 22:16:32.518,1.28016,1.28024
2013.03.31 22:16:49.452,1.28018,1.28024
2013.03.31 22:16:49.525,1.28018,1.28025
2013.03.31 22:17:00.770,1.28019,1.28026
2013.03.31 22:17:05.387,1.2802,1.28026
2013.03.31 22:17:05.905,1.28022,1.28027
2013.03.31 22:17:18.150,1.28022,1.28027
2013.03.31 22:17:18.506,1.28025,1.2803
2013.03.31 22:17:24.417,1.28024,1.2803
2013.03.31 22:17:24.918,1.28023,1.2803
2013.03.31 22:17:28.396,1.28023,1.2803
2013.03.31 22:17:29.217,1.28024,1.2803
2013.03.31 22:17:29.898,1.28025,1.2803
2013.03.31 22:17:31.287,1.28024,1.28031
2013.03.31 22:17:31.816,1.28025,1.28031
2013.03.31 22:17:32.318,1.28024,1.28031
2013.03.31 22:17:33.475,1.28026,1.28033
2013.03.31 22:17:36.907,1.28026,1.28032
2013.03.31 22:17:37.278,1.28028,1.28032
2013.03.31 22:17:40.537,1.28028,1.2803
2013.03.31 22:17:40.717,1.28028,1.28032
2013.03.31 22:17:43.087,1.28028,1.28034
2013.03.31 22:17:44.996,1.28028,1.28034
2013.03.31 22:17:46.046,1.28028,1.28034
2013.03.31 22:17:46.167,1.28028,1.28032
2013.03.31 22:17:58.207,1.28027,1.28034
2013.03.31 22:17:59.356,1.28027,1.28034
2013.03.31 22:18:01.726,1.28027,1.28034
2013.03.31 22:18:02.318,1.28027,1.28034
2013.03.31 22:18:06.407,1.28027,1.28032
2013.03.31 22:18:09.496,1.28025,1.28034
2013.03.31 22:18:09.616,1.28026,1.28034
2013.03.31 22:18:10.107,1.28026,1.28034
2013.03.31 22:18:10.421,1.28025,1.28031
2013.03.31 22:18:12.899,1.28025,1.28034
2013.03.31 22:18:13.136,1.28025,1.28034
2013.03.31 22:18:16.839,1.28026,1.28032
2013.03.31 22:18:20.339,1.28025,1.28034
2013.03.31 22:18:20.468,1.28026,1.28032
2013.03.31 22:18:21.008,1.28025,1.28031
2013.03.31 22:18:21.127,1.28025,1.2803
2013.03.31 22:18:21.247,1.28024,1.2803
2013.03.31 22:18:26.459,1.28023,1.2803
2013.03.31 22:18:32.457,1.2802,1.28029
2013.03.31 22:18:33.075,1.2802,1.28029
2013.03.31 22:18:33.198,1.2802,1.28024
2013.03.31 22:18:33.557,1.28018,1.28024
2013.03.31 22:18:36.568,1.28017,1.28024
2013.03.31 22:18:43.246,1.28017,1.28022
2013.03.31 22:18:43.507,1.28017,1.28024
2013.03.31 22:18:45.677,1.2802,1.28025
2013.03.31 22:18:49.077,1.2802,1.28024
2013.03.31 22:18:50.557,1.28017,1.28024
2013.03.31 22:18:51.120,1.28017,1.28024
2013.03.31 22:18:55.919,1.28016,1.28024
2013.03.31 22:19:41.777,1.28018,1.28026
2013.03.31 22:19:42.381,1.28019,1.28029
2013.03.31 22:19:42.647,1.28019,1.28029
2013.03.31 22:19:45.597,1.28019,1.28028
2013.03.31 22:19:47.471,1.28019,1.28027
2013.03.31 22:19:58.826,1.28019,1.28024
2013.03.31 22:20:06.856,1.28019,1.28024
2013.03.31 22:20:11.296,1.28019,1.28024
2013.03.31 22:20:27.488,1.28019,1.28024
2013.03.31 22:20:27.737,1.28019,1.28024
2013.03.31 22:20:28.937,1.28019,1.28025
2013.03.31 22:20:29.538,1.28019,1.28025
2013.03.31 22:20:40.716,1.28019,1.28029
2013.03.31 22:20:40.956,1.28019,1.28029
2013.03.31 22:20:41.687,1.28019,1.28029
2013.03.31 22:20:42.236,1.28019,1.28029
2013.03.31 22:20:42.357,1.28019,1.28028
2013.03.31 22:20:50.169,1.28019,1.28029
2013.03.31 22:20:50.586,1.2802,1.28029
2013.03.31 22:21:23.376,1.2802,1.28029
2013.03.31 22:21:25.320,1.2802,1.28029
2013.03.31 22:21:26.587,1.2802,1.28029
2013.03.31 22:21:27.219,1.28023,1.28031
2013.03.31 22:22:10.457,1.28022,1.28033
2013.03.31 22:22:34.538,1.28025,1.28033
2013.03.31 22:22:50.757,1.28027,1.28034
2013.03.31 22:22:51.117,1.28026,1.28034
2013.03.31 22:22:59.428,1.28026,1.28034
2013.03.31 22:22:59.549,1.28025,1.28034
2013.03.31 22:23:01.334,1.28025,1.28034
2013.03.31 22:23:04.829,1.28025,1.28033
2013.03.31 22:23:04.938,1.28025,1.28033
2013.03.31 22:23:08.731,1.28025,1.28034
2013.03.31 22:23:08.932,1.28025,1.28033
2013.03.31 22:23:14.277,1.28024,1.28033
2013.03.31 22:23:14.637,1.28025,1.28034
2013.03.31 22:23:17.220,1.28026,1.28034
2013.03.31 22:23:19.608,1.28026,1.28034
2013.03.31 22:23:22.607,1.28026,1.28034
2013.03.31 22:23:54.578,1.28025,1.28034
2013.03.31 22:23:54.937,1.28023,1.28035
2013.03.31 22:23:54.997,1.28024,1.28033
2013.03.31 22:23:55.177,1.28022,1.28033
2013.03.31 22:23:55.239,1.28019,1.2803
2013.03.31 22:23:55.359,1.28019,1.28031
2013.03.31 22:23:55.487,1.28022,1.28033
2013.03.31 22:23:57.129,1.28025,1.28029
2013.03.31 22:23:57.188,1.28023,1.28029
2013.03.31 22:23:57.911,1.28021,1.28029
2013.03.31 22:23:59.567,1.28021,1.28025
2013.03.31 22:23:59.867,1.28022,1.2803
2013.03.31 22:24:04.118,1.28023,1.28031
2013.03.31 22:24:06.034,1.28023,1.28031
2013.03.31 22:24:07.993,1.28023,1.28032
2013.03.31 22:24:08.297,1.28023,1.2803
2013.03.31 22:24:08.358,1.28022,1.28029
2013.03.31 22:24:13.368,1.2802,1.28029
2013.03.31 22:24:13.489,1.28019,1.28028
2013.03.31 22:24:19.517,1.28018,1.28028
2013.03.31 22:24:21.717,1.28014,1.2803
2013.03.31 22:24:26.297,1.28017,1.28025
2013.03.31 22:24:28.768,1.28016,1.28024
2013.03.31 22:24:29.307,1.28014,1.28024
2013.03.31 22:24:31.027,1.28012,1.2802
2013.03.31 22:24:34.367,1.28012,1.28019
2013.03.31 22:24:38.098,1.28012,1.2802
2013.03.31 22:24:39.018,1.28013,1.2802
2013.03.31 22:24:39.257,1.28013,1.2802
2013.03.31 22:24:39.779,1.28012,1.28019
2013.03.31 22:24:40.378,1.28012,1.2802
2013.03.31 22:24:43.489,1.28012,1.2802
2013.03.31 22:24:44.099,1.28012,1.28017
2013.03.31 22:24:50.007,1.28012,1.2802
2013.03.31 22:24:50.069,1.28012,1.2802
2013.03.31 22:24:50.627,1.28012,1.2802
2013.03.31 22:25:07.829,1.28011,1.28018
2013.03.31 22:25:08.477,1.28011,1.28019
2013.03.31 22:25:09.697,1.28011,1.28019
2013.03.31 22:25:09.949,1.28011,1.28017
2013.03.31 22:25:10.077,1.28006,1.2802
2013.03.31 22:25:11.218,1.28007,1.28017
2013.03.31 22:25:11.637,1.28004,1.28014
2013.03.31 22:25:12.187,1.28004,1.28014
2013.03.31 22:25:13.097,1.28004,1.28014
2013.03.31 22:25:13.867,1.28004,1.28014
2013.03.31 22:25:14.477,1.28005,1.28014
2013.03.31 22:25:16.219,1.28005,1.28014
2013.03.31 22:25:16.290,1.28005,1.28014
2013.03.31 22:25:17.907,1.28005,1.28009
2013.03.31 22:25:18.188,1.28005,1.28009
2013.03.31 22:25:19.728,1.28004,1.2801
2013.03.31 22:25:21.817,1.28004,1.2801
2013.03.31 22:25:21.998,1.28005,1.28012
2013.03.31 22:25:22.117,1.28005,1.28014
2013.03.31 22:26:11.538,1.28005,1.28012
2013.03.31 22:26:12.053,1.28005,1.28012
2013.03.31 22:26:17.048,1.28005,1.28012
2013.03.31 22:26:17.407,1.28005,1.28012
2013.03.31 22:26:17.467,1.28005,1.28012
2013.03.31 22:26:23.707,1.28005,1.28012
2013.03.31 22:26:55.487,1.28005,1.28013
2013.03.31 22:27:11.776,1.28005,1.28013
2013.03.31 22:27:31.128,1.28004,1.28012
2013.03.31 22:27:33.956,1.28004,1.28013
2013.03.31 22:27:41.677,1.28004,1.28013
2013.03.31 22:27:41.797,1.28005,1.28015
2013.03.31 22:27:50.508,1.28005,1.28015
2013.03.31 22:28:04.517,1.28005,1.28015
2013.03.31 22:28:05.137,1.28005,1.28015
2013.03.31 22:29:05.155,1.28,1.28016
2013.03.31 22:29:27.220,1.28005,1.28016
2013.03.31 22:29:48.267,1.28005,1.28016
2013.03.31 22:30:29.358,1.28007,1.28015
2013.03.31 22:30:51.818,1.2801,1.28018
2013.03.31 22:31:05.130,1.28011,1.28019
2013.03.31 22:31:16.748,1.28011,1.28019
2013.03.31 22:31:16.927,1.28011,1.2802
2013.03.31 22:31:21.807,1.28011,1.2802
2013.03.31 22:31:23.930,1.28011,1.2802
2013.03.31 22:31:24.048,1.28011,1.28018
2013.03.31 22:32:06.938,1.28011,1.28019
2013.03.31 22:32:08.337,1.28011,1.2802
2013.03.31 22:32:11.188,1.28011,1.2802
2013.03.31 22:32:18.879,1.28012,1.28019
2013.03.31 22:32:21.448,1.28013,1.2802
2013.03.31 22:32:22.458,1.28013,1.2802
2013.03.31 22:34:11.687,1.28013,1.2802
2013.03.31 22:34:12.049,1.28011,1.2802
2013.03.31 22:34:32.416,1.2801,1.2802
2013.03.31 22:34:53.307,1.2801,1.2802
2013.03.31 22:35:24.757,1.28011,1.28021
2013.03.31 22:35:25.429,1.28012,1.28023
2013.03.31 22:35:25.626,1.28012,1.28024
2013.03.31 22:35:27.507,1.28012,1.28023
2013.03.31 22:35:31.107,1.28013,1.2802
2013.03.31 22:36:23.548,1.28015,1.2802
2013.03.31 22:36:23.668,1.28014,1.2802
2013.03.31 22:37:16.707,1.28014,1.28024
2013.03.31 22:37:17.249,1.28014,1.28023
2013.03.31 22:38:01.018,1.28015,1.2802
2013.03.31 22:38:01.331,1.28014,1.2802
2013.03.31 22:38:10.318,1.28015,1.28022
2013.03.31 22:38:10.619,1.28017,1.28022
2013.03.31 22:38:10.918,1.28013,1.28021
2013.03.31 22:38:11.489,1.28011,1.28021
2013.03.31 22:38:12.051,1.28011,1.28021
2013.03.31 22:38:12.570,1.28011,1.28021
2013.03.31 22:38:13.179,1.28011,1.28021
2013.03.31 22:38:20.838,1.28011,1.2802
2013.03.31 22:39:01.398,1.28011,1.2802
2013.03.31 22:39:02.638,1.28011,1.2802
2013.03.31 22:39:05.990,1.28011,1.2802
2013.03.31 22:39:06.978,1.28011,1.2802
2013.03.31 22:39:08.269,1.28011,1.2802
2013.03.31 22:39:08.818,1.28011,1.2802
2013.03.31 22:39:18.048,1.28011,1.2802
2013.03.31 22:39:28.907,1.2801,1.28019
2013.03.31 22:39:30.447,1.2801,1.28019
2013.03.31 22:39:44.839,1.2801,1.28016
2013.03.31 22:39:44.900,1.28005,1.28014
2013.03.31 22:39:45.203,1.28005,1.28014
2013.03.31 22:39:46.221,1.28006,1.28014
2013.03.31 22:39:46.349,1.2801,1.28015
2013.03.31 22:41:36.267,1.2801,1.28018
2013.03.31 22:41:36.388,1.2801,1.2802
2013.03.31 22:41:37.130,1.2801,1.2802
2013.03.31 22:41:46.228,1.28011,1.2802
2013.03.31 22:41:51.819,1.28011,1.2802
2013.03.31 22:41:53.909,1.28012,1.2802
2013.03.31 22:41:54.601,1.28013,1.2802
2013.03.31 22:42:33.849,1.28014,1.2802
2013.03.31 22:42:39.929,1.28014,1.2802
2013.03.31 22:42:39.988,1.28014,1.2802
2013.03.31 22:42:50.938,1.28014,1.2802
2013.03.31 22:43:20.099,1.28013,1.2802
2013.03.31 22:43:35.089,1.28013,1.2802
2013.03.31 22:43:50.057,1.28012,1.2802
2013.03.31 22:44:04.849,1.28011,1.2802
2013.03.31 22:44:50.065,1.28013,1.2802
2013.03.31 22:45:35.049,1.28013,1.2802
2013.03.31 22:45:44.510,1.28013,1.28019
2013.03.31 22:45:44.689,1.28011,1.28019
2013.03.31 22:45:44.809,1.28011,1.28019
2013.03.31 22:45:48.659,1.28011,1.2802
2013.03.31 22:45:49.201,1.28011,1.2802
2013.03.31 22:46:05.309,1.28011,1.2802
2013.03.31 22:46:07.021,1.28012,1.2802
2013.03.31 22:46:20.050,1.28012,1.2802
2013.03.31 22:46:46.238,1.28012,1.2802
2013.03.31 22:47:05.049,1.28012,1.2802
2013.03.31 22:47:06.298,1.28012,1.2802
2013.03.31 22:47:19.979,1.28012,1.2802
2013.03.31 22:47:34.999,1.28012,1.2802
2013.03.31 22:47:48.308,1.28011,1.2802
2013.03.31 22:48:06.658,1.28011,1.2802
2013.03.31 22:48:07.317,1.28011,1.2802
2013.03.31 22:48:17.278,1.28011,1.2802
2013.03.31 22:48:20.059,1.28011,1.2802
2013.03.31 22:48:29.328,1.28011,1.2802
2013.03.31 22:48:34.938,1.28011,1.2802
2013.03.31 22:48:41.918,1.2801,1.2802
2013.03.31 22:48:41.978,1.28011,1.2802
2013.03.31 22:48:49.738,1.2801,1.2802
2013.03.31 22:48:54.668,1.28011,1.2802
2013.03.31 22:49:05.090,1.28012,1.2802
2013.03.31 22:49:20.068,1.28012,1.2802
2013.03.31 22:49:21.078,1.28012,1.2802
2013.03.31 22:49:21.499,1.28012,1.2802
2013.03.31 22:49:24.118,1.28013,1.2802
2013.03.31 22:49:28.558,1.28014,1.28021
2013.03.31 22:49:29.180,1.28014,1.28021
2013.03.31 22:49:48.808,1.28013,1.2802
2013.03.31 22:49:51.689,1.28013,1.2802
2013.03.31 22:50:09.243,1.28013,1.2802
2013.03.31 22:50:15.474,1.28014,1.28021
2013.03.31 22:50:24.999,1.28013,1.28021
2013.03.31 22:50:40.358,1.28014,1.28023
2013.03.31 22:50:40.418,1.28015,1.28023
2013.03.31 22:50:40.479,1.28015,1.28024
2013.03.31 22:50:41.009,1.28014,1.28022
2013.03.31 22:50:46.789,1.28016,1.28025
2013.03.31 22:50:46.970,1.28015,1.28025
2013.03.31 22:50:47.149,1.28015,1.28024
2013.03.31 22:50:53.300,1.28015,1.28024
2013.03.31 22:50:53.421,1.28015,1.28024
2013.03.31 22:51:07.831,1.28015,1.28023
2013.03.31 22:51:08.249,1.28015,1.28024
2013.03.31 22:51:08.370,1.28015,1.28024
2013.03.31 22:51:08.609,1.28016,1.28026
2013.03.31 22:51:09.870,1.28016,1.28026
2013.03.31 22:51:09.990,1.2802,1.28028
2013.03.31 22:51:10.050,1.2802,1.28028
2013.03.31 22:51:10.290,1.2802,1.2803
2013.03.31 22:51:13.080,1.28022,1.28029
2013.03.31 22:51:13.201,1.28022,1.28031
2013.03.31 22:51:13.320,1.28023,1.28031
2013.03.31 22:51:13.859,1.28024,1.28032
2013.03.31 22:51:16.763,1.28026,1.28031
2013.03.31 22:51:16.822,1.28025,1.28033
2013.03.31 22:51:16.942,1.28025,1.28035
2013.03.31 22:51:17.480,1.28025,1.28036
2013.03.31 22:51:18.640,1.28029,1.28033
2013.03.31 22:51:18.941,1.28027,1.28036
2013.03.31 22:51:19.480,1.28026,1.28038
2013.03.31 22:51:19.600,1.28027,1.28038
2013.03.31 22:51:19.779,1.28028,1.28039
2013.03.31 22:51:21.340,1.2803,1.28039
2013.03.31 22:52:06.940,1.2803,1.2804
2013.03.31 22:52:22.851,1.2803,1.28041
2013.03.31 22:52:23.150,1.28032,1.2804
2013.03.31 22:52:23.510,1.28033,1.2804
2013.03.31 22:52:27.930,1.28034,1.28041
2013.03.31 22:52:38.549,1.28033,1.28043
2013.03.31 22:52:38.970,1.28035,1.28042
2013.03.31 22:52:39.210,1.28035,1.28043
2013.03.31 22:52:39.810,1.28036,1.28044
2013.03.31 22:52:41.575,1.28036,1.28046
2013.03.31 22:52:50.599,1.28036,1.28046
2013.03.31 22:52:52.250,1.28038,1.28046
2013.03.31 22:52:52.371,1.2804,1.28046
2013.03.31 22:52:52.900,1.2804,1.28048
2013.03.31 22:52:53.211,1.28042,1.28048
2013.03.31 22:52:53.330,1.28042,1.2805
2013.03.31 22:52:53.860,1.28043,1.28051
2013.03.31 22:52:56.029,1.28044,1.28052
2013.03.31 22:52:57.081,1.28043,1.28055
2013.03.31 22:52:57.150,1.28045,1.28054
2013.03.31 22:52:57.270,1.28046,1.28054
2013.03.31 22:52:57.689,1.28047,1.28055
2013.03.31 22:52:57.920,1.28048,1.28056
2013.03.31 22:53:00.350,1.28049,1.28057
2013.03.31 22:53:03.762,1.2805,1.28058
2013.03.31 22:53:04.625,1.28052,1.28058
2013.03.31 22:53:04.750,1.28053,1.28058
2013.03.31 22:53:04.870,1.28052,1.2806
2013.03.31 22:53:05.051,1.28054,1.2806
2013.03.31 22:53:05.231,1.28056,1.28059
2013.03.31 22:53:05.411,1.28055,1.28061
2013.03.31 22:53:31.912,1.28056,1.28062
2013.03.31 22:53:32.450,1.28055,1.28065
2013.03.31 22:53:35.010,1.28059,1.28063
2013.03.31 22:53:38.160,1.28058,1.28068
2013.03.31 22:53:38.280,1.2806,1.28069
2013.03.31 22:53:38.339,1.2806,1.28069
2013.03.31 22:53:40.170,1.2806,1.28069
2013.03.31 22:53:40.982,1.2806,1.2807
2013.03.31 22:53:43.540,1.2806,1.2807
2013.03.31 22:53:43.600,1.2806,1.2807
2013.03.31 22:53:44.021,1.28062,1.2807
2013.03.31 22:53:44.080,1.28065,1.28073
2013.03.31 22:53:44.140,1.28065,1.28074
2013.03.31 22:53:47.091,1.28065,1.28074
2013.03.31 22:53:52.071,1.28065,1.28074
2013.03.31 22:54:02.354,1.28069,1.28073
2013.03.31 22:54:02.482,1.2807,1.28074
2013.03.31 22:54:02.721,1.28069,1.28077
2013.03.31 22:54:04.169,1.28072,1.2808
2013.03.31 22:54:08.279,1.28072,1.2808
2013.03.31 22:54:19.090,1.28072,1.2808
2013.03.31 22:54:29.370,1.28075,1.2808
2013.03.31 22:54:29.731,1.28074,1.28083
2013.03.31 22:54:29.791,1.28075,1.28084
2013.03.31 22:54:29.851,1.28076,1.28085
2013.03.31 22:54:29.910,1.28078,1.28085
2013.03.31 22:54:30.410,1.28077,1.28087
2013.03.31 22:54:48.630,1.28077,1.28088
2013.03.31 22:54:49.179,1.28079,1.28088
2013.03.31 22:54:50.709,1.2808,1.28089
2013.03.31 22:54:55.789,1.28082,1.28089
2013.03.31 22:54:56.450,1.28084,1.28093
2013.03.31 22:54:59.380,1.28085,1.28094
2013.03.31 22:54:59.991,1.28086,1.28094
2013.03.31 22:55:07.281,1.28085,1.28094
2013.03.31 22:55:15.310,1.28085,1.28087
2013.03.31 22:55:15.549,1.28083,1.28091
2013.03.31 22:55:15.729,1.28086,1.28094
2013.03.31 22:55:16.990,1.28086,1.28094
2013.03.31 22:55:28.004,1.28086,1.28095
2013.03.31 22:55:38.042,1.28089,1.28095
2013.03.31 22:55:38.688,1.2809,1.28098
2013.03.31 22:55:38.757,1.28091,1.28102
2013.03.31 22:55:39.290,1.28092,1.28102
2013.03.31 22:55:42.370,1.28092,1.28102
2013.03.31 22:55:43.150,1.28092,1.28102
2013.03.31 22:55:56.730,1.28092,1.28099
2013.03.31 22:55:56.861,1.28092,1.281
2013.03.31 22:56:10.300,1.2809,1.28099
2013.03.31 22:56:12.711,1.28091,1.28094
2013.03.31 22:56:12.950,1.28091,1.28096
2013.03.31 22:56:13.132,1.28088,1.28097
2013.03.31 22:56:13.253,1.28085,1.28093
2013.03.31 22:56:41.070,1.28083,1.2809
2013.03.31 22:56:42.480,1.2808,1.28091
2013.03.31 22:56:43.251,1.28082,1.28091
2013.03.31 22:56:43.431,1.28082,1.28092
2013.03.31 22:56:44.003,1.2808,1.2809
2013.03.31 22:56:50.690,1.2808,1.2809
2013.03.31 22:57:04.914,1.2808,1.28089
2013.03.31 22:57:25.239,1.28082,1.2809
2013.03.31 22:57:49.080,1.28085,1.28091
2013.03.31 22:57:49.620,1.28081,1.28092
2013.03.31 22:57:57.275,1.28088,1.28092
2013.03.31 22:57:57.400,1.28089,1.28094
2013.03.31 22:57:57.641,1.2809,1.28097
2013.03.31 22:57:57.774,1.2809,1.28097
2013.03.31 22:58:37.350,1.2809,1.28099
2013.03.31 22:59:37.369,1.2809,1.281
2013.03.31 22:59:40.399,1.2809,1.281
2013.03.31 22:59:49.339,1.2809,1.281
2013.03.31 23:00:01.319,1.2809,1.281
2013.03.31 23:00:06.980,1.2809,1.281
2013.03.31 23:00:07.340,1.28091,1.28098
2013.03.31 23:00:07.881,1.28089,1.28099
2013.03.31 23:00:08.430,1.28088,1.28098
2013.03.31 23:00:08.680,1.28087,1.28097
2013.03.31 23:00:09.222,1.28086,1.28096
2013.03.31 23:00:10.011,1.28086,1.28095
2013.03.31 23:00:15.400,1.28085,1.28095
2013.03.31 23:00:17.041,1.28085,1.28093
2013.03.31 23:00:17.102,1.28084,1.28092
2013.03.31 23:00:17.405,1.28081,1.28093
2013.03.31 23:00:17.592,1.2808,1.28092
2013.03.31 23:00:18.655,1.28081,1.2809
2013.03.31 23:00:20.555,1.2808,1.28089
2013.03.31 23:00:20.629,1.28079,1.28088
2013.03.31 23:00:20.940,1.28078,1.28088
2013.03.31 23:00:21.240,1.28078,1.28087
2013.03.31 23:00:22.531,1.28077,1.28086
2013.03.31 23:00:27.482,1.28076,1.28085
2013.03.31 23:00:35.840,1.28074,1.28085
2013.03.31 23:00:41.462,1.28073,1.28085
2013.03.31 23:00:42.151,1.28072,1.28085
2013.03.31 23:00:42.704,1.28071,1.28084
2013.03.31 23:00:45.363,1.2807,1.28083
2013.03.31 23:00:55.531,1.28072,1.2808
2013.03.31 23:00:57.172,1.2807,1.2808
2013.03.31 23:00:57.472,1.28072,1.28077
2013.03.31 23:00:57.543,1.2807,1.28078
2013.03.31 23:00:58.090,1.28066,1.2808
2013.03.31 23:00:58.211,1.28066,1.28079
2013.03.31 23:00:58.712,1.28066,1.28077
2013.03.31 23:01:02.260,1.28066,1.28076
2013.03.31 23:01:04.420,1.28065,1.28076
2013.03.31 23:01:06.771,1.28064,1.28076
2013.03.31 23:01:08.130,1.28064,1.28074
2013.03.31 23:01:08.190,1.28064,1.28072
2013.03.31 23:01:08.251,1.28063,1.28071
2013.03.31 23:01:08.790,1.28061,1.28071
2013.03.31 23:01:08.850,1.2806,1.2807
2013.03.31 23:01:08.971,1.2806,1.28069
2013.03.31 23:01:09.538,1.28059,1.28068
2013.03.31 23:01:09.660,1.28055,1.28065
2013.03.31 23:01:10.211,1.28055,1.28065
2013.03.31 23:01:13.280,1.28055,1.28064
2013.03.31 23:02:03.767,1.28052,1.28064
2013.03.31 23:02:04.952,1.28052,1.28065
2013.03.31 23:02:08.918,1.28052,1.28065
2013.03.31 23:02:12.890,1.28052,1.28065
2013.03.31 23:02:15.491,1.28055,1.28065
2013.03.31 23:02:20.541,1.28055,1.28065
2013.03.31 23:02:59.946,1.28056,1.28066
2013.03.31 23:03:10.081,1.28056,1.28066
2013.03.31 23:03:18.030,1.28056,1.28066
2013.03.31 23:03:24.940,1.28056,1.28066
2013.03.31 23:03:31.820,1.28056,1.28066
2013.03.31 23:03:38.470,1.28056,1.28067
2013.03.31 23:03:38.651,1.28056,1.28068
2013.03.31 23:03:48.501,1.28057,1.28068
2013.03.31 23:03:49.873,1.28059,1.28068
2013.03.31 23:03:49.992,1.2806,1.28068
2013.03.31 23:03:50.232,1.28061,1.28068
2013.03.31 23:03:50.532,1.28061,1.2807
2013.03.31 23:03:51.249,1.28062,1.28071
2013.03.31 23:03:54.271,1.28063,1.28071
2013.03.31 23:03:54.332,1.28063,1.28072
2013.03.31 23:03:54.871,1.28065,1.28072
2013.03.31 23:03:55.052,1.28065,1.28073
2013.03.31 23:03:55.174,1.28066,1.28074
2013.03.31 23:03:58.056,1.28066,1.28075
2013.03.31 23:03:58.121,1.28067,1.28076
2013.03.31 23:03:58.244,1.28068,1.28077
2013.03.31 23:03:58.481,1.28068,1.28078
2013.03.31 23:04:01.511,1.2807,1.28078
2013.03.31 23:04:01.631,1.28075,1.2808
2013.03.31 23:04:01.811,1.28075,1.28084
2013.03.31 23:04:15.202,1.28075,1.28085
2013.03.31 23:04:15.321,1.28077,1.28085
2013.03.31 23:04:15.742,1.28077,1.28087
2013.03.31 23:04:15.981,1.28078,1.28088
2013.03.31 23:04:17.871,1.28078,1.28089
2013.03.31 23:04:21.273,1.28079,1.28089
2013.03.31 23:04:31.160,1.28081,1.28091
2013.03.31 23:04:31.871,1.28081,1.28093
2013.03.31 23:04:46.864,1.28081,1.28091
2013.03.31 23:04:55.121,1.2808,1.28092
2013.03.31 23:04:55.641,1.2808,1.28091
2013.03.31 23:04:56.750,1.2808,1.28092
2013.03.31 23:04:57.423,1.2808,1.28091
2013.03.31 23:04:57.951,1.2808,1.28091
2013.03.31 23:04:58.781,1.2808,1.28092
2013.03.31 23:04:59.502,1.28085,1.28094
2013.03.31 23:04:59.621,1.28085,1.28094
2013.03.31 23:05:00.161,1.28085,1.28094
2013.03.31 23:05:02.501,1.28088,1.28094
2013.03.31 23:05:02.861,1.2809,1.28099
2013.03.31 23:05:02.921,1.2809,1.28099
2013.03.31 23:05:04.302,1.2809,1.281
2013.03.31 23:05:05.432,1.2809,1.281
2013.03.31 23:05:07.127,1.28091,1.281
2013.03.31 23:05:07.940,1.28091,1.281
2013.03.31 23:05:08.363,1.28086,1.28099
2013.03.31 23:05:08.721,1.28086,1.28095
2013.03.31 23:05:09.441,1.2809,1.28095
2013.03.31 23:05:09.801,1.2809,1.281
2013.03.31 23:05:10.101,1.28093,1.28101
2013.03.31 23:05:10.341,1.28093,1.281
2013.03.31 23:05:22.691,1.28092,1.28102
2013.03.31 23:05:23.230,1.28092,1.28102
2013.03.31 23:05:25.611,1.28092,1.28102
2013.03.31 23:05:26.460,1.28093,1.28102
2013.03.31 23:05:27.001,1.28092,1.28102
2013.03.31 23:05:43.626,1.28094,1.28099
2013.03.31 23:05:43.697,1.28091,1.28101
2013.03.31 23:05:43.822,1.28091,1.28099
2013.03.31 23:05:44.121,1.28089,1.28099
2013.03.31 23:05:45.460,1.28089,1.28098
2013.03.31 23:05:47.640,1.28088,1.28097
2013.03.31 23:05:48.531,1.28085,1.28094
2013.03.31 23:05:49.160,1.28085,1.28095
2013.03.31 23:05:54.031,1.28085,1.28095
2013.03.31 23:05:54.091,1.28085,1.28094
2013.03.31 23:05:54.401,1.28085,1.28094
2013.03.31 23:05:54.950,1.28085,1.28094
2013.03.31 23:06:49.111,1.28084,1.28094
2013.03.31 23:06:49.789,1.28084,1.28091
2013.03.31 23:06:53.504,1.28084,1.28091
2013.03.31 23:06:53.621,1.28085,1.28094
2013.03.31 23:06:58.151,1.28085,1.28094
2013.03.31 23:06:59.171,1.28085,1.28094
2013.03.31 23:07:16.440,1.28085,1.28094
2013.03.31 23:07:19.031,1.28085,1.28094
2013.03.31 23:07:19.611,1.28085,1.28094
2013.03.31 23:07:42.502,1.28084,1.28094
2013.03.31 23:07:43.041,1.28083,1.28091
2013.03.31 23:08:20.582,1.28081,1.28091
2013.03.31 23:08:20.703,1.2808,1.28089
2013.03.31 23:08:22.339,1.2808,1.28089
2013.03.31 23:08:22.521,1.2808,1.2809
2013.03.31 23:08:23.181,1.2808,1.2809
2013.03.31 23:08:23.501,1.2808,1.28085
2013.03.31 23:08:23.741,1.28075,1.28085
2013.03.31 23:08:23.801,1.28075,1.28083
2013.03.31 23:08:24.282,1.28073,1.2808
2013.03.31 23:08:24.401,1.28075,1.28084
2013.03.31 23:08:24.641,1.28075,1.28084
2013.03.31 23:08:25.191,1.28075,1.28083
2013.03.31 23:08:38.381,1.2807,1.28082
2013.03.31 23:08:55.121,1.28072,1.28082
2013.03.31 23:08:55.481,1.28072,1.28081
2013.03.31 23:08:56.011,1.28072,1.28081
2013.03.31 23:09:10.922,1.28075,1.28081
2013.03.31 23:09:10.982,1.28079,1.28084
2013.03.31 23:09:11.162,1.2808,1.28085
2013.03.31 23:09:11.401,1.2808,1.2809
2013.03.31 23:09:12.581,1.2808,1.2809
2013.03.31 23:09:14.182,1.2808,1.28091
2013.03.31 23:09:17.103,1.2808,1.28089
2013.03.31 23:09:17.461,1.2808,1.28088
2013.03.31 23:09:17.581,1.28079,1.28087
2013.03.31 23:09:17.702,1.28075,1.28089
2013.03.31 23:09:17.822,1.28075,1.28088
2013.03.31 23:09:17.882,1.28076,1.28086
2013.03.31 23:09:18.410,1.28075,1.28085
2013.03.31 23:09:18.531,1.28073,1.28082
2013.03.31 23:09:18.651,1.28076,1.28081
2013.03.31 23:09:19.299,1.28079,1.28085
2013.03.31 23:09:19.371,1.28077,1.28088
2013.03.31 23:09:23.092,1.28081,1.2809
2013.03.31 23:09:24.281,1.2808,1.2809
2013.03.31 23:09:39.181,1.2808,1.2809
2013.03.31 23:09:42.791,1.2808,1.28089
2013.03.31 23:09:55.492,1.2808,1.28089
2013.03.31 23:10:11.151,1.2808,1.28086
2013.03.31 23:10:11.511,1.28076,1.28089
2013.03.31 23:10:11.833,1.28076,1.28088
2013.03.31 23:10:24.471,1.28077,1.28085
2013.03.31 23:10:32.361,1.28076,1.28085
2013.03.31 23:10:35.673,1.28076,1.28084
2013.03.31 23:10:55.190,1.28076,1.28082
2013.03.31 23:10:55.492,1.28079,1.28084
2013.03.31 23:10:55.554,1.28081,1.28086
2013.03.31 23:10:55.612,1.28081,1.28086
2013.03.31 23:10:55.912,1.28083,1.28091
2013.03.31 23:10:56.534,1.28083,1.28092
2013.03.31 23:11:16.132,1.28083,1.28092
2013.03.31 23:11:16.664,1.28083,1.2809
2013.03.31 23:11:21.861,1.28083,1.28091
2013.03.31 23:11:22.683,1.28083,1.28092
2013.03.31 23:11:26.643,1.28085,1.28092
2013.03.31 23:11:26.882,1.28085,1.28093
2013.03.31 23:11:27.002,1.28087,1.28093
2013.03.31 23:11:27.642,1.2809,1.28094
2013.03.31 23:11:28.303,1.2809,1.28097
2013.03.31 23:11:29.095,1.2809,1.28097
2013.03.31 23:11:29.162,1.28091,1.28098
2013.03.31 23:11:33.236,1.28091,1.28097
2013.03.31 23:11:33.542,1.28087,1.28094
2013.03.31 23:11:33.671,1.28086,1.28094
2013.03.31 23:11:54.691,1.28085,1.28094
2013.03.31 23:11:57.572,1.28086,1.28094
2013.03.31 23:11:57.932,1.28086,1.28094
2013.03.31 23:12:15.533,1.2809,1.28094
2013.03.31 23:12:15.951,1.2809,1.28098
2013.03.31 23:12:16.638,1.2809,1.28098
2013.03.31 23:12:57.316,1.2809,1.28097
2013.03.31 23:13:05.372,1.2809,1.28098
2013.03.31 23:13:17.341,1.2809,1.28098
2013.03.31 23:13:27.491,1.2809,1.28098
2013.03.31 23:13:29.822,1.2809,1.28097
2013.03.31 23:13:30.559,1.28088,1.28096
2013.03.31 23:13:31.041,1.28085,1.28093
2013.03.31 23:13:32.752,1.2809,1.28094
2013.03.31 23:13:32.934,1.2809,1.28095
2013.03.31 23:13:33.471,1.2809,1.28095
2013.03.31 23:13:51.719,1.28087,1.28095
2013.03.31 23:13:54.763,1.28086,1.28094
2013.03.31 23:13:54.823,1.28084,1.28092
2013.03.31 23:13:55.002,1.28083,1.2809
2013.03.31 23:13:58.762,1.28081,1.28089
2013.03.31 23:14:18.331,1.28081,1.28089
2013.03.31 23:14:37.513,1.28083,1.2809
2013.03.31 23:14:38.052,1.28083,1.2809
2013.03.31 23:14:38.643,1.28083,1.2809
2013.03.31 23:14:59.302,1.28082,1.28088
2013.03.31 23:15:17.433,1.28081,1.28088
2013.03.31 23:15:19.253,1.28081,1.28088
2013.03.31 23:15:41.252,1.28082,1.28089
2013.03.31 23:15:45.953,1.2808,1.28089
2013.03.31 23:15:46.192,1.28081,1.28088
2013.03.31 23:15:46.733,1.28079,1.28087
2013.03.31 23:16:06.022,1.2808,1.28087
2013.03.31 23:16:09.932,1.2808,1.28087
2013.03.31 23:16:56.094,1.2808,1.28081
2013.03.31 23:16:56.155,1.28078,1.28081
2013.03.31 23:16:56.214,1.28074,1.2808
2013.03.31 23:16:56.335,1.28072,1.28079
2013.03.31 23:16:56.464,1.2807,1.28079
2013.03.31 23:16:59.641,1.2807,1.28078
2013.03.31 23:17:00.164,1.2807,1.28076
2013.03.31 23:17:18.344,1.28068,1.28075
2013.03.31 23:17:19.268,1.28067,1.28075
2013.03.31 23:17:19.335,1.28066,1.28074
2013.03.31 23:17:37.923,1.28065,1.28073
2013.03.31 23:17:37.984,1.28064,1.28073
2013.03.31 23:17:38.164,1.28064,1.28072
2013.03.31 23:17:39.581,1.28063,1.28071
2013.03.31 23:17:59.344,1.28061,1.28068
2013.03.31 23:18:00.166,1.2806,1.28065
2013.03.31 23:18:00.484,1.28058,1.28066
2013.03.31 23:18:00.744,1.28057,1.28065
2013.03.31 23:18:02.157,1.28056,1.28064
2013.03.31 23:18:04.515,1.28056,1.28063
2013.03.31 23:18:04.634,1.28054,1.28063
2013.03.31 23:18:04.955,1.28053,1.28062
2013.03.31 23:18:06.495,1.28053,1.28061
2013.03.31 23:18:07.747,1.28052,1.2806
2013.03.31 23:18:07.935,1.28052,1.28058
2013.03.31 23:18:08.724,1.28052,1.28056
2013.03.31 23:18:08.844,1.2805,1.28057
2013.03.31 23:18:09.025,1.2805,1.28055
2013.03.31 23:18:09.084,1.28049,1.28054
2013.03.31 23:18:09.396,1.28047,1.28054
2013.03.31 23:18:09.584,1.28046,1.28054
2013.03.31 23:18:10.086,1.28048,1.28051
2013.03.31 23:18:10.214,1.28045,1.28052
2013.03.31 23:18:10.754,1.28044,1.28052
2013.03.31 23:18:12.954,1.28044,1.28051
2013.03.31 23:18:13.526,1.28043,1.2805
2013.03.31 23:18:16.624,1.2804,1.28047
2013.03.31 23:18:21.822,1.2804,1.28047
2013.03.31 23:18:24.682,1.2804,1.28048
2013.03.31 23:18:24.983,1.28041,1.28049
2013.03.31 23:18:25.493,1.28042,1.28049
2013.03.31 23:18:25.952,1.28042,1.28049
2013.03.31 23:18:26.493,1.28042,1.2805
2013.03.31 23:18:36.395,1.28044,1.2805
2013.03.31 23:18:36.513,1.28044,1.2805
2013.03.31 23:18:37.237,1.28043,1.28051
2013.03.31 23:18:40.034,1.28043,1.2805
2013.03.31 23:18:40.753,1.28041,1.2805
2013.03.31 23:19:07.942,1.28045,1.2805
2013.03.31 23:19:08.003,1.28045,1.2805
2013.03.31 23:19:09.271,1.28045,1.28052
2013.03.31 23:19:11.063,1.28045,1.28052
2013.03.31 23:19:14.604,1.28047,1.28052
2013.03.31 23:19:14.843,1.2805,1.28056
2013.03.31 23:19:14.967,1.28051,1.28059
2013.03.31 23:19:20.363,1.28051,1.28059
2013.03.31 23:19:22.492,1.2805,1.28058
2013.03.31 23:19:26.552,1.2805,1.28058
2013.03.31 23:19:35.351,1.2805,1.28058
2013.03.31 23:19:56.422,1.2805,1.28059
2013.03.31 23:19:57.404,1.2805,1.28058
2013.03.31 23:19:57.763,1.28049,1.28053
2013.03.31 23:19:57.942,1.2805,1.28058
2013.03.31 23:19:58.003,1.28051,1.2806
2013.03.31 23:20:05.052,1.28051,1.2806
2013.03.31 23:20:05.972,1.28051,1.2806
2013.03.31 23:20:06.873,1.28052,1.2806
2013.03.31 23:21:09.295,1.28052,1.2806
2013.03.31 23:21:16.643,1.28052,1.2806
2013.03.31 23:21:17.181,1.28054,1.28062
2013.03.31 23:21:30.347,1.28054,1.28062
2013.03.31 23:21:30.653,1.28056,1.28062
2013.03.31 23:21:30.954,1.28055,1.28064
2013.03.31 23:21:31.133,1.28056,1.28065
2013.03.31 23:21:31.943,1.28057,1.28065
2013.03.31 23:22:06.223,1.28059,1.28065
2013.03.31 23:22:06.764,1.28059,1.28067
2013.03.31 23:22:09.883,1.2806,1.28068
2013.03.31 23:22:29.333,1.28061,1.28068
2013.03.31 23:23:27.882,1.28061,1.28069
2013.03.31 23:24:14.293,1.28065,1.28068
2013.03.31 23:24:27.923,1.28064,1.28068
2013.03.31 23:24:59.122,1.28065,1.28072
2013.03.31 23:24:59.622,1.28065,1.28068
2013.03.31 23:25:24.703,1.28065,1.28069
2013.03.31 23:25:25.233,1.28065,1.28068
2013.03.31 23:26:09.183,1.28065,1.28072
2013.03.31 23:27:30.404,1.28062,1.28072
2013.03.31 23:28:30.653,1.28062,1.28073
2013.03.31 23:29:01.064,1.28062,1.28072
2013.03.31 23:29:42.675,1.28061,1.28072
2013.03.31 23:29:44.883,1.28061,1.28072
2013.03.31 23:29:52.713,1.28061,1.28072
2013.03.31 23:29:53.287,1.28061,1.28072
2013.03.31 23:30:01.523,1.28061,1.28072
2013.03.31 23:30:10.923,1.28062,1.28072
2013.03.31 23:30:20.972,1.28061,1.28072
2013.03.31 23:30:30.584,1.28064,1.28072
2013.03.31 23:30:30.944,1.28065,1.28071
2013.03.31 23:31:20.914,1.28065,1.28072
2013.03.31 23:31:26.236,1.28064,1.28069
2013.03.31 23:31:26.325,1.28062,1.28069
2013.03.31 23:31:26.686,1.2806,1.28064
2013.03.31 23:31:26.747,1.2806,1.28063
2013.03.31 23:31:27.055,1.2806,1.28065
2013.03.31 23:31:27.236,1.28059,1.28064
2013.03.31 23:31:27.596,1.28059,1.28063
2013.03.31 23:31:27.715,1.28057,1.28064
2013.03.31 23:31:29.315,1.28056,1.28064
2013.03.31 23:31:30.204,1.28055,1.28063
2013.03.31 23:31:36.235,1.28054,1.28062
2013.03.31 23:31:48.775,1.28051,1.28059
2013.03.31 23:31:55.575,1.28051,1.28059
2013.03.31 23:32:55.777,1.28048,1.28059
2013.03.31 23:33:05.729,1.28047,1.28059
2013.03.31 23:33:11.785,1.2805,1.28058
2013.03.31 23:33:12.145,1.28049,1.28057
2013.03.31 23:33:12.684,1.28046,1.28054
2013.03.31 23:33:13.015,1.28046,1.28054
2013.03.31 23:33:27.525,1.28046,1.28053
2013.03.31 23:34:12.365,1.28045,1.28052
2013.03.31 23:34:27.584,1.28044,1.28053
2013.03.31 23:34:35.903,1.28045,1.28053
2013.03.31 23:34:49.494,1.28047,1.28053
2013.03.31 23:34:49.914,1.28047,1.28053
2013.03.31 23:35:49.975,1.28047,1.28053
2013.03.31 23:35:54.215,1.28047,1.28054
2013.03.31 23:36:03.976,1.28047,1.28054
2013.03.31 23:36:06.884,1.28047,1.28054
2013.03.31 23:36:07.384,1.28048,1.28055
2013.03.31 23:36:17.896,1.28048,1.28055
2013.03.31 23:36:18.136,1.2805,1.28058
2013.03.31 23:36:24.325,1.2805,1.28058
2013.03.31 23:36:28.364,1.2805,1.28058
2013.03.31 23:36:28.664,1.2805,1.28058
2013.03.31 23:36:48.905,1.28051,1.28058
2013.03.31 23:36:49.266,1.28054,1.2806
2013.03.31 23:36:49.325,1.28054,1.2806
2013.03.31 23:36:49.865,1.28054,1.2806
2013.03.31 23:37:46.316,1.28053,1.2806
2013.03.31 23:38:46.298,1.28053,1.2806
2013.03.31 23:39:04.505,1.28054,1.2806
2013.03.31 23:39:15.117,1.28054,1.2806
2013.03.31 23:39:15.236,1.28054,1.2806
2013.03.31 23:39:45.377,1.28057,1.2806
2013.03.31 23:39:45.917,1.28056,1.28061
2013.03.31 23:39:46.615,1.28055,1.2806
2013.03.31 23:39:54.295,1.28055,1.2806
2013.03.31 23:40:04.505,1.28055,1.28061
2013.03.31 23:40:33.215,1.28055,1.2806
2013.03.31 23:40:43.219,1.28058,1.28062
2013.03.31 23:40:43.525,1.28059,1.28064
2013.03.31 23:40:43.885,1.28058,1.28062
2013.03.31 23:40:44.586,1.28057,1.28062
2013.03.31 23:41:15.375,1.28056,1.28061
2013.03.31 23:41:15.996,1.28055,1.2806
2013.03.31 23:41:34.625,1.28055,1.2806
2013.03.31 23:42:15.538,1.28054,1.28062
2013.03.31 23:42:44.646,1.28054,1.28062
2013.03.31 23:42:52.455,1.28054,1.28062
2013.03.31 23:42:52.657,1.28054,1.28062
2013.03.31 23:42:52.944,1.28054,1.28061
2013.03.31 23:42:53.205,1.28054,1.28062
2013.03.31 23:42:53.766,1.28054,1.28061
2013.03.31 23:42:53.962,1.28054,1.28062
2013.03.31 23:42:54.094,1.28054,1.28061
2013.03.31 23:42:54.335,1.28054,1.28062
2013.03.31 23:42:54.394,1.28054,1.28061
2013.03.31 23:42:54.634,1.28054,1.28062
2013.03.31 23:42:54.934,1.28054,1.28062
2013.03.31 23:42:55.114,1.28054,1.28062
2013.03.31 23:42:55.414,1.28054,1.28061
2013.03.31 23:42:55.535,1.28054,1.28062
2013.03.31 23:42:55.694,1.28054,1.28061
2013.03.31 23:42:55.815,1.28054,1.28062
2013.03.31 23:42:56.134,1.28054,1.28062
2013.03.31 23:42:56.194,1.28054,1.28062
2013.03.31 23:42:56.314,1.28054,1.28062
2013.03.31 23:42:56.635,1.28054,1.28062
2013.03.31 23:42:56.695,1.28054,1.28061
2013.03.31 23:42:56.814,1.28054,1.28062
2013.03.31 23:42:56.935,1.28054,1.28061
2013.03.31 23:42:57.234,1.28054,1.28062
2013.03.31 23:42:57.364,1.28054,1.28061
2013.03.31 23:42:57.545,1.28054,1.28062
2013.03.31 23:42:57.664,1.28054,1.28061
2013.03.31 23:42:57.724,1.28054,1.28062
2013.03.31 23:42:57.964,1.28054,1.28061
2013.03.31 23:42:58.024,1.28054,1.28062
2013.03.31 23:42:58.444,1.28054,1.28062
2013.03.31 23:42:59.223,1.28055,1.28062
2013.03.31 23:43:12.476,1.28054,1.2806
2013.03.31 23:44:12.561,1.28055,1.28061
2013.03.31 23:44:15.925,1.28055,1.2806
2013.03.31 23:44:16.976,1.28054,1.2806
2013.03.31 23:46:31.624,1.28051,1.2806
2013.03.31 23:46:33.174,1.2805,1.28059
2013.03.31 23:46:33.475,1.28052,1.28058
2013.03.31 23:46:33.716,1.28054,1.28058
2013.03.31 23:46:34.246,1.28054,1.2806
2013.03.31 23:47:00.696,1.28055,1.2806
2013.03.31 23:47:00.758,1.28057,1.2806
2013.03.31 23:47:01.118,1.28056,1.2806
2013.03.31 23:47:11.756,1.28055,1.2806
2013.03.31 23:47:11.937,1.28057,1.28061
2013.03.31 23:47:15.699,1.28057,1.28062
2013.03.31 23:47:15.964,1.28059,1.28062
2013.03.31 23:47:16.448,1.28059,1.28063
2013.03.31 23:47:16.996,1.28058,1.28062
2013.03.31 23:47:24.198,1.28058,1.28062
2013.03.31 23:47:24.267,1.28059,1.28062
2013.03.31 23:47:24.806,1.2806,1.28063
2013.03.31 23:47:25.047,1.28059,1.28063
2013.03.31 23:47:25.856,1.28058,1.28062
2013.03.31 23:47:31.267,1.28059,1.28062
2013.03.31 23:47:31.628,1.28059,1.28064
2013.03.31 23:47:31.696,1.28062,1.28066
2013.03.31 23:47:31.876,1.28063,1.28068
2013.03.31 23:47:32.061,1.28062,1.28067
2013.03.31 23:47:32.128,1.28063,1.28067
2013.03.31 23:47:32.257,1.28066,1.28069
2013.03.31 23:47:32.497,1.28066,1.28071
2013.03.31 23:47:32.796,1.28067,1.28071
2013.03.31 23:47:34.868,1.28067,1.28072
2013.03.31 23:48:33.075,1.28065,1.28073
2013.03.31 23:48:35.338,1.28065,1.28073
2013.03.31 23:49:14.925,1.28066,1.28073
2013.03.31 23:49:42.705,1.28067,1.28072
2013.03.31 23:49:56.276,1.28067,1.28072
2013.03.31 23:50:19.296,1.28067,1.28072
2013.03.31 23:50:23.637,1.28067,1.28072
2013.03.31 23:50:26.266,1.28067,1.28072
2013.03.31 23:50:36.316,1.28067,1.28072
2013.03.31 23:50:44.098,1.28066,1.28072
2013.03.31 23:50:47.026,1.28066,1.28072
2013.03.31 23:50:51.588,1.28065,1.28072
2013.03.31 23:51:29.628,1.28065,1.28072
2013.03.31 23:51:30.657,1.28065,1.28072
2013.03.31 23:51:37.106,1.28065,1.28071
2013.03.31 23:51:47.432,1.28065,1.2807
2013.03.31 23:51:52.386,1.28065,1.2807
2013.03.31 23:51:52.689,1.28064,1.2807
2013.03.31 23:51:52.927,1.28064,1.28068
2013.03.31 23:51:53.107,1.28063,1.28068
2013.03.31 23:51:53.230,1.28063,1.28065
2013.03.31 23:51:53.779,1.28062,1.28065
2013.03.31 23:51:57.648,1.2806,1.28065
2013.03.31 23:51:57.778,1.28059,1.28064
2013.03.31 23:51:58.781,1.28057,1.28065
2013.03.31 23:51:58.858,1.28056,1.28064
2013.03.31 23:52:00.760,1.28056,1.28063
2013.03.31 23:52:01.286,1.28055,1.28062
2013.03.31 23:53:01.287,1.28054,1.28061
2013.03.31 23:53:20.857,1.28051,1.28059
2013.03.31 23:53:41.367,1.28051,1.28059
2013.03.31 23:53:58.256,1.28051,1.28059
2013.03.31 23:54:00.126,1.28051,1.28059
2013.03.31 23:54:20.356,1.28051,1.28059
2013.03.31 23:54:35.726,1.28051,1.28059
2013.03.31 23:54:37.765,1.28051,1.28059
2013.03.31 23:54:47.616,1.28051,1.28056
2013.03.31 23:54:47.977,1.28051,1.28055
2013.03.31 23:54:48.096,1.28051,1.28058
2013.03.31 23:55:04.156,1.28051,1.28058
2013.03.31 23:55:04.818,1.2805,1.28057
2013.03.31 23:55:06.146,1.2805,1.28058
2013.03.31 23:55:21.317,1.28051,1.28058
2013.03.31 23:55:21.856,1.28051,1.28057
2013.03.31 23:55:22.037,1.2805,1.28053
2013.03.31 23:55:22.637,1.2805,1.28054
2013.03.31 23:55:52.309,1.2805,1.28056
2013.03.31 23:55:52.847,1.2805,1.28055
2013.03.31 23:56:00.153,1.2805,1.28055
2013.03.31 23:56:05.707,1.2805,1.28055
2013.03.31 23:56:11.088,1.28049,1.28054
2013.03.31 23:56:11.627,1.28047,1.28054
2013.03.31 23:56:11.686,1.28047,1.28056
2013.03.31 23:56:38.277,1.2805,1.28057
2013.03.31 23:56:39.857,1.2805,1.28056
2013.03.31 23:56:46.147,1.2805,1.28057
2013.03.31 23:56:51.227,1.28051,1.28056
2013.03.31 23:56:52.407,1.28051,1.28056
2013.03.31 23:57:01.278,1.2805,1.28058
2013.03.31 23:57:02.076,1.28051,1.28058
2013.03.31 23:57:02.248,1.28052,1.28058
2013.03.31 23:57:04.876,1.28052,1.28058
2013.03.31 23:57:13.569,1.28052,1.28058
2013.03.31 23:57:22.337,1.28053,1.28058
2013.03.31 23:57:23.147,1.28052,1.28058
2013.03.31 23:57:23.920,1.28052,1.28058
2013.03.31 23:57:26.918,1.28052,1.28058
2013.03.31 23:57:27.097,1.28053,1.28058
2013.03.31 23:57:41.668,1.28053,1.28057
2013.03.31 23:57:49.937,1.28053,1.28059
2013.03.31 23:57:54.529,1.28053,1.28058
2013.03.31 23:58:07.117,1.28052,1.28058
2013.03.31 23:58:12.787,1.28052,1.28058
2013.03.31 23:58:13.378,1.2805,1.28057
2013.03.31 23:58:50.061,1.2805,1.28057
2013.03.31 23:58:52.867,1.28051,1.28057
2013.03.31 23:59:38.206,1.28049,1.28057
2013.03.31 23:59:39.287,1.28051,1.28056
2013.03.31 23:59:39.847,1.2805,1.28056
2013.03.31 23:59:40.657,1.2805,1.28056
2013.03.31 23:59:43.096,1.2805,1.28056
2013.03.31 23:59:51.517,1.28052,1.28057
2013.03.31 23:59:51.637,1.28051,1.28057
2013.03.31 23:59:52.186,1.28052,1.28057
2013.03.31 23:59:53.599,1.28052,1.28057